1912 2660
154 416 226 449 <243

255 139 328 175 316
652 142 970 180 REGISTRUM
998 142 1364 180 MORAVIENSE.

256 296 366 332 Carta
384 296 586 336 Alexandri
604 300 755 349 episcopi
774 319 783 329 ·

256 411 436 454 Omnibus
461 414 530 451 hoc
548 415 714 465 scriptum
734 416 859 451 visuris
876 415 934 451 vel
960 414 1136 450 audituris
1154 413 1366 449 Alexander
1391 412 1616 461 permiflione
1635 414 1755 451 divina

254 472 486 509 moravienfis
500 473 641 510 ecclefie
659 473 815 510 minister
833 473 976 508 humilis
995 477 1156 508 eternam
1174 471 1212 506 in
1226 471 1374 507 domino
1392 471 1540 507 salutem
1559 491 1568 499 ·
1597 471 1753 509 Noverit

253 529 461 567 univerfitas
478 531 592 568 vestra
609 545 673 567 nos
688 532 780 567 bone
796 531 967 567 memorie
985 529 1238 578 predecessoris
1255 529 1364 565 nostri
1383 529 1421 564 in
1438 530 1504 565 hac
1530 535 1632 578 parte
1655 530 1755 566 vesti-

251 586 319 635 gijs
346 588 551 625 inherentes
577 595 613 626 et
637 590 730 638 paris
755 588 983 624 similitudine
1010 588 1158 623 rationis
1178 588 1349 623 ἰηάιιὸὶοε
1367 607 1376 616 ·
1404 587 1524 623 habito
1556 588 1659 636 super
1686 588 1754 625 hoc

253 644 352 692 prius
365 647 499 694 pluries
513 648 675 696 diligenti
690 653 726 683 et
739 647 910 695 solempni
925 646 1082 681 tractatu
1095 665 1103 674 ·
1124 646 1168 682 de
1181 646 1364 682 communi
1382 646 1553 682 consensu
1565 645 1705 682 Decani
1719 653 1755 683 et

252 703 398 751 capituli
416 705 524 741 nostri
538 725 546 733 ·
565 719 631 742 nec
645 719 720 741 non
737 704 889 752 magistri
909 703 1059 752 Eustacij
1080 710 1168 740 tunc
1186 704 1357 752 temporis
1375 709 1550 753 perpetuo
1568 704 1688 753 vicarij
1710 704 1754 740 de

257 760 432 811 quernys
447 782 455 791 ·
475 762 672 800 concesfiffe
688 770 724 799 et
741 763 786 798 ad
798 763 936 798 firmam
950 761 1107 798 dimififfe
1121 762 1144 799 J
1147 762 1279 798 ohanni
1293 762 1377 798 Scot
1390 760 1554 810 burgenfi
1568 762 1613 798 de
1628 762 1754 798 Inuer-

251 831 316 867 nys
329 839 337 847 ·
356 820 574 857 considerata
592 822 744 857 maxime
762 821 820 869 pia
838 821 1030 856 devotione
1047 820 1223 857 Johannis
1240 820 1463 869 impetrantis
1480 820 1701 869 infrascripta
1719 827 1754 856 et

251 879 481 914 concedentis
500 898 508 907 ·
528 893 568 915 ac
588 879 731 927 majoris
750 877 892 914 ecclefie
910 878 1065 914 utilitate
1085 884 1121 914 et
1140 878 1321 914 honestate
1340 891 1407 914 nec
1420 891 1495 913 non
1513 878 1678 926 ampliori
1703 879 1754 914 di-

251 935 326 970 vini
344 936 462 972 cultus
479 943 674 985 augmento
693 936 844 985 pensatis
864 956 871 964 ·
892 937 1086 984 ceterisque
1111 936 1382 984 circumstantijs
1400 936 1527 972 debitis
1551 941 1587 971 et
1604 936 1754 972 necessa·

251 993 311 1041 rijs
325 995 530 1042 ponderatis
545 1001 580 1031 et
592 995 783 1043 diligenter
794 995 1005 1031 examinatis
1017 1014 1025 1023 ·
1042 1008 1166 1031 omnes
1184 1000 1297 1031 terras
1316 1000 1351 1031 et
1369 992 1592 1043 poffeffiones
1606 994 1754 1030 inferius

250 1052 451 1088 nominatas
478 1053 677 1101 spectantes
711 1053 756 1088 ad
791 1053 965 1102 capellam
999 1053 1102 1090 beate
1124 1053 1239 1090 marie
1270 1053 1432 1101 Virginis
1459 1053 1504 1088 de
1532 1052 1724 1100 Inuernyss
1743 1071 1752 1080 ·

249 1122 334 1155 quas
369 1110 513 1157 quidem
548 1117 660 1147 terras
687 1117 723 1147 et
748 1110 971 1160 pofl'effiones
996 1112 1090 1147 idem
1119 1111 1304 1149 Johannes
1329 1112 1389 1160 pia
1414 1116 1534 1146 motus
1560 1110 1753 1146 devotione

248 1166 442 1215 sumptibus
461 1174 496 1204 et
514 1168 672 1218 expenfis
690 1170 844 1218 proprijs
862 1170 949 1206 emit
972 1175 1008 1206 et
1032 1169 1203 1205 industria
1225 1170 1371 1219 propria
1394 1167 1576 1217 acquifivit
1595 1188 1603 1197 ·
1622 1168 1753 1205 scilicet

248 1225 382 1272 peciam
397 1238 506 1262 unam
521 1232 616 1263 terre
635 1228 679 1263 de
698 1228 731 1264 16
742 1228 865 1277 Craffe
879 1241 960 1264 cum
976 1228 1202 1277 pertinentijs
1215 1241 1260 1264 ex
1274 1228 1371 1264 dono
1385 1227 1566 1275 magnifici
1583 1227 1752 1275 principis

248 1282 384 1318 domini
405 1283 528 1320 David
549 1285 661 1334 Regis
680 1286 870 1322 Scotorum
890 1286 1032 1322 illustris
1051 1287 1297 1322 continentem
1315 1286 1526 1322 octodecem
1541 1298 1639 1321 acras
1656 1290 1751 1320 terre

241 1340 421 1388 jacentem
444 1342 549 1391 juxta
575 1349 708 1380 terram
735 1344 838 1381 beate
856 1345 971 1382 marie
989 1344 1151 1393 Virginis
1169 1344 1381 1393 parochialis
1399 1342 1542 1380 ecclefie
1561 1343 1605 1379 de
1626 1342 1752 1378 Inuer-

245 1399 323 1446 nyss
341 1400 386 1435 ad
401 1400 556 1437 austrum
576 1416 621 1438 ex
639 1408 739 1451 parte
757 1416 831 1439 una
844 1422 853 1431 ·
872 1403 1089 1451 capitantem
1103 1403 1206 1451 super
1224 1403 1258 1439 le
1275 1403 1464 1450 Scatlzgat
1481 1402 1526 1438 ad
1545 1402 1721 1437 orientem
1742 1420 1750 1428 ·

246 1458 569 1508 extendentemque
588 1461 621 1497 se
639 1461 676 1496 in
694 1461 922 1510 longitudine
941 1461 1202 1510 equipollenter
1220 1474 1301 1497 cum
1320 1467 1417 1497 terra
1436 1460 1540 1496 beate
1558 1459 1673 1497 marie
1699 1458 1751 1494 su-

245 1515 406 1562 pradicte
425 1522 460 1553 et
478 1518 571 1554 inter
589 1518 623 1555 16
651 1520 762 1567 Cmsss
780 1520 826 1555 ad
843 1519 990 1556 boream
1016 1533 1060 1555 ex
1084 1525 1185 1568 parte
1208 1519 1321 1555 altera
1339 1539 1347 1547 ·
1368 1519 1461 1555 Item
1480 1523 1635 1566 quatuor
1653 1530 1752 1553 acras

245 1578 340 1609 terre
359 1587 402 1609 ex
422 1575 517 1611 dono
537 1576 648 1612 Alani
667 1577 728 1626 filij
750 1578 780 1614 F
780 1577 911 1614 relkini
930 1597 939 1606 -
963 1590 1114 1625 quarum
1140 1578 1210 1613 due
1227 1590 1308 1613 acre
1328 1590 1410 1613 cum
1435 1577 1548 1613 tribus
1571 1575 1751 1625 perticatis

245 1629 368 1677 jacent
385 1632 422 1667 in
440 1633 473 1669 le
495 1635 680 1682 Schipflat
697 1636 792 1672 inter
819 1641 951 1672 terram
971 1635 1083 1671 Alani
1102 1635 1336 1683 W⁷ayrement
1359 1635 1405 1671 ad
1422 1635 1567 1670 boream
1587 1647 1632 1669 ex
1648 1638 1750 1682 parte

248 1701 321 1723 una
339 1708 347 1717 ·
367 1695 402 1725 et
420 1696 552 1728 terram
571 1692 743 1729 Willelmi
762 1694 931 1730 Walkere
949 1694 994 1729 ad
1012 1693 1168 1729 austrum
1196 1706 1240 1729 ex
1266 1693 1379 1729 altera
1404 1693 1442 1728 in
1466 1692 1656 1728 latitudine
1674 1710 1683 1719 ·
1710 1691 1750 1726 in

247 1746 473 1794 longitudine
491 1750 584 1787 inter
602 1752 696 1787 viam
715 1766 784 1800 que
803 1753 934 1788 dicitur
955 1752 1144 1799 Scathgat
1162 1757 1198 1787 et
1215 1765 1343 1799 aquam
1362 1751 1407 1787 de
1424 1750 1516 1799 Nyss
1535 1769 1543 1778 ·
1570 1762 1644 1785 una
1661 1762 1749 1785 vero

247 1805 419 1851 perticata
431 1807 528 1855 jacet
546 1809 582 1844 in
595 1811 721 1846 eodem
736 1824 862 1859 campo
877 1811 972 1846 inter
985 1815 1117 1846 terram
1133 1810 1251 1845 fratris
1264 1809 1288 1847 J
1290 1809 1440 1845 ohannis
1454 1809 1498 1844 de
1511 1808 1690 1855 Inuernys
1703 1806 1749 1842 ad

246 1862 402 1899 austrum
429 1878 474 1900 ex
499 1872 599 1914 parte
626 1881 698 1903 una
717 1887 725 1896 ·
754 1874 789 1904 et
807 1874 940 1904 terram
960 1868 1111 1903 Walteri
1130 1868 1218 1903 difiti
1236 1870 1323 1905 <Dan
1341 1867 1387 1903 ad
1410 1867 1554 1902 boream
1574 1879 1619 1901 ex
1636 1865 1749 1901 altera

247 1920 284 1955 in
304 1921 492 1959 latitudine
512 1930 547 1959 et
565 1924 790 1973 longitudine
804 1927 997 1975 prescripta
1015 1945 1024 1954 ·
1052 1931 1179 1974 quarta
1191 1939 1279 1962 vero
1298 1939 1380 1962 acra
1391 1925 1489 1973 jacet
1506 1924 1610 1973 supra
1627 1923 1749 1960 mark-

246 1979 364 2027 hynch
383 1980 420 2016 in
438 1981 471 2017 le
487 1983 654 2030 Surtflat
672 1985 868 2021 extendens
882 1985 915 2021 se
929 1985 1049 2021 versus
1067 1998 1195 2032 aquam
1214 1985 1258 2020 de
1277 1984 1368 2033 Nyss
1381 1984 1418 2019 in
1437 1983 1664 2032 longitudine
1683 2001 1691 2010 ·
1711 1982 1748 2017 in

246 2037 436 2075 latitudine
454 2053 541 2075 vero
565 2041 659 2077 inter
683 2048 815 2078 terram
836 2043 986 2079 Andree
1005 2043 1090 2079 Scot
1107 2043 1152 2078 ad
1178 2042 1333 2079 austrum
1354 2056 1398 2079 ex
1415 2048 1517 2089 parte
1535 2054 1608 2077 una
1626 2045 1662 2076 et
1679 2045 1748 2076 ter-

246 2108 321 2130 ram
342 2096 492 2133 Andree
512 2098 649 2147 Sankys
667 2100 712 2135 ad
730 2100 874 2136 boream
901 2114 945 2136 ex
969 2101 1081 2136 altera
1099 2120 1107 2128 ·
1138 2101 1231 2137 Item
1258 2101 1316 2137 sex
1342 2113 1440 2137 acras
1465 2105 1561 2136 terre
1588 2112 1632 2135 ex
1650 2098 1747 2133 dono

247 2153 404 2191 Susanne
424 2161 460 2191 et
472 2155 550 2192 Ede
564 2157 724 2194 sororum
745 2164 780 2194 et
798 2158 971 2194 heredum
990 2158 1121 2194 veteris
1137 2159 1237 2195 castri
1257 2178 1265 2187 ·
1284 2171 1435 2207 quarum
1450 2163 1522 2194 tres
1535 2169 1616 2193 acre
1624 2156 1747 2205 jacent
