1912 2660
584 123 901 161 REGISTRUM
930 125 1293 163 MORAVIENSE.
1615 134 1689 172 407

115 226 173 255 384
198 226 225 253 A
240 224 324 253 letter
333 223 367 251 be
376 222 426 251 the
436 221 555 259 Bischop
570 221 740 259 confirming·
753 221 803 250 the
816 221 902 250 letter
916 221 949 250 of
958 223 1117 251 reverfioun
1127 224 1162 251 be
1172 224 1222 252 the
1233 224 1289 252 said
1300 229 1415 253 countes
1429 230 1460 254 to
1472 225 1589 254 Maister
1602 226 1692 254 Alex-

114 465 170 493 385

112 792 168 819 386

109 1171 163 1198 387

107 1551 162 1578 388

105 1833 159 1860 389

196 272 282 300 ander
295 269 446 308 Campbell‚
461 278 537 306 upon
551 268 644 296 which
661 268 712 297 the
730 268 902 306 resignation
919 269 947 297 in
964 270 1016 298 her
1028 269 1128 298 favour
1141 270 1196 298 had
1215 270 1284 299 been
1299 273 1416 308 granted
1428 273 1463 301 be
1477 273 1546 301 him.
1588 274 1628 302 At
1643 274 1692 301 the

196 319 283 358 palice
296 318 329 347 of
340 318 443 356 Spyne‚
461 317 496 344 12
512 316 625 353 August
642 316 728 344 1567.

196 461 279 490 Carta
291 459 452 488 feodifirmae
465 457 499 486 ab
514 457 652 496 Episcopo
666 467 731 486 cum
750 458 886 486 consensu
907 458 1022 496 capituli
1041 458 1163 486 concessa
1178 457 1322 486 Willelmo
1339 457 1446 486 Fraiser
1460 458 1493 486 de
1509 458 1587 486 Over
1601 459 1692 487 Calla-

193 509 263 536 dour
275 511 304 536 et
317 507 376 535 her:
395 505 478 534 masc:
498 506 532 534 de
551 515 675 544 corpore,
697 505 751 544 q2d:
774 505 894 543 Hugoni
915 505 1038 534 Fraisere
1056 505 1136 534 fratri
1155 515 1290 543 germano
1309 505 1431 544 ejusdem
1446 510 1474 534 et
1488 506 1548 533 her:
1563 506 1644 533 masc:
1658 507 1692 534 de

194 564 315 594 corpore,
335 554 389 592 qzd:
410 553 524 582 domino
540 553 660 590 Hugoni
675 553 797 581 Fraisere
818 553 933 581 domino
956 553 1048 582 Lovet
1069 560 1097 582 et
1117 554 1177 582 her:
1201 553 1284 581 masc:
1305 554 1338 582 de
1360 562 1484 591 corpore,
1507 563 1533 590 q:
1548 563 1574 581 o:
1589 553 1615 580 d:
1633 553 1692 581 her:

194 603 273 631 masc:
295 601 502 640 quibuscunque
523 601 590 629 dicti
605 600 753 634 Willelmi,
774 605 913 629 terrarum
927 601 961 629 de
976 601 1068 639 Foyar
1082 605 1110 630 et
1125 600 1293 638 Bolleskyne
1313 601 1343 628 in
1363 600 1478 628 baronia
1497 600 1531 628 de
1552 600 1693 637 Kilmyles

194 651 246 679 vic:
259 650 293 678 de
306 648 471 682 Inverness;
493 649 647 677 Reddendo
663 648 728 677 L.8.
744 649 789 676 14.
804 649 832 676 8.
873 649 957 686 Apud
974 648 1060 687 Elgin
1074 649 1103 676 in
1118 649 1180 677 loco
1190 648 1344 686 capitulari,
1362 649 1397 676 12
1413 647 1577 676 Decembris
1595 648 1679 675 1541.

194 792 359 830 Preceptum
379 790 509 829 Episcopi
531 791 565 818 de
586 790 659 819 clare
680 790 787 819 constat
808 791 841 818 ad
860 790 1062 820 infeoffandum
1076 791 1254 819 Willelmum
1269 790 1366 819 Fraser
1379 789 1469 817 filium
1482 789 1643 826 legitimum
1665 795 1692 817 et

192 839 415 878 propinquiorem
435 838 567 866 heredem
588 838 728 875 quondam
745 838 877 875 Hugonis
893 838 997 873 Frastr,
1019 839 1049 867 in
1063 839 1146 867 terris
1160 839 1194 867 de
1209 838 1316 876 Foyare
1331 842 1359 866 et
1374 837 1547 870 Bolffiskane,
1569 836 1598 864 in
1613 837 1693 864 baro-

192 887 237 915 nia
258 887 291 915 de
311 886 451 924 Kilmyles
473 885 527 913 vic:
551 885 584 913 de
608 885 755 914 Invernes.
797 885 914 914 Ballivis
934 887 1041 914 Jacobo
1063 886 1148 915 Innes
1167 887 1201 915 de
1220 886 1320 923 Drany
1335 890 1364 914 et
1378 885 1488 914 Joanne
1504 884 1694 913 Robertsoun.

193 934 321 963 Tessibus
335 933 471 971 magistris
484 933 591 961 Jacobo
607 932 808 961 Strathauchin
822 938 931 962 rectore
945 934 979 962 de
994 934 1159 972 Balhelvye‚
1181 933 1353 962 Archibaldo
1369 932 1517 970 Lyndesay
1530 936 1639 960 rectore
1660 932 1693 959 de

193 982 356 1019 Kyngusye,
371 980 515 1009 willelmo
531 981 732 1010 Strathauchin
752 985 860 1010 rectore
874 982 908 1010 de
923 982 1055 1020 Botarye.
1098 982 1183 1020 Apud
1204 981 1339 1020 palatium
1359 981 1392 1009 de
1412 981 1515 1019 Spyne,
1532 981 1570 1008 22
1585 979 1692 1018 Aprilis

195 1030 278 1057 1567.

191 1169 292 1198 Literae
306 1170 479 1199 afledationis
493 1171 527 1199 ab
538 1170 678 1209 Episcopo
689 1180 753 1199 cum
766 1171 902 1200 consensu
916 1171 1031 1209 capituli
1045 1171 1116 1200 datae
1129 1171 1254 1208 Georgio
1264 1171 1398 1208 Barclaye
1413 1170 1447 1198 de
1462 1170 1559 1198 eodem
1571 1173 1599 1197 et
1612 1169 1692 1197 Mar-

188 1223 291 1254 garetae
306 1218 427 1256 Ogilvye
442 1218 502 1257 ejus
516 1218 630 1257 sponsae,
652 1219 824 1247 decimarum
843 1219 998 1256 garbalium
1020 1219 1215 1257 parochiarum
1234 1219 1267 1247 de
1286 1217 1429 1255 Grantuly
1443 1222 1472 1246 et
1486 1217 1692 1255 Drumdalgye‚

188 1275 238 1303 pro
262 1265 296 1293 19
318 1265 408 1299 annis,
429 1265 562 1294 solvendo
584 1266 649 1294 inde
672 1266 818 1294 annuatim
842 1268 899 1294 290
922 1276 1037 1295 mercas.
1079 1266 1207 1294 Testibus
1229 1266 1343 1294 domino
1363 1265 1490 1293 Waltero
1512 1264 1635 1302 Ogilvye
1658 1265 1691 1292 de

189 1313 288 1350 Boynd
306 1312 406 1347 milite,
428 1313 535 1341 Jacobo
549 1314 670 1342 Dunbar
689 1314 723 1342 de
739 1314 866 1348 Tarbart,
884 1314 1009 1351 Georgio
1025 1313 1149 1351 Ogilvye
1164 1314 1197 1341 de
1213 1314 1458 1351 Auquhannanye‚
1474 1312 1589 1341 Andrea
1605 1312 1693 1340 Mon-

189 1360 267 1388 creiff
272 1359 395 1399 juniore,
416 1361 537 1389 dominis
550 1361 657 1389 Jacobo
674 1361 786 1390 Sibbald
801 1366 829 1390 et
845 1361 1011 1390 Alexandro
1028 1361 1202 1390 Robertsone
1224 1361 1404 1390 servitoribus
1425 1359 1563 1398 Episcopi.
1606 1360 1691 1397 Apud

188 1408 328 1436 ecclefiam
343 1408 539 1443 cathedralem,
555 1410 593 1437 24
608 1409 740 1438 Octobris
759 1409 843 1437 1556.

188 1549 367 1578 Affedatioun
382 1551 415 1579 of
424 1551 474 1580 the
488 1551 575 1588 teynd
590 1551 699 1579 schevis
710 1550 744 1579 of
753 1551 802 1579 the
816 1551 936 1589 paroche
951 1551 984 1579 of
994 1551 1131 1585 Gartelie,
1145 1551 1187 1579 set
1201 1551 1234 1579 be
1248 1551 1298 1579 the
1313 1549 1433 1588 Bischop
1447 1549 1518 1578 with
1532 1549 1647 1577 consent
1662 1549 1695 1576 of

186 1597 234 1625 the
248 1598 393 1636 cheptour,
407 1603 438 1627 to
453 1598 564 1626 Walter
579 1599 697 1636 Barclay
712 1598 745 1626 of
758 1598 910 1632 Newtoun,
924 1598 968 1626 for
981 1603 1110 1636 nynteyn
1125 1598 1221 1636 yeiris.
1252 1598 1369 1635 Payand
1382 1596 1511 1626 thairfoir
1525 1598 1583 1624 240
1594 1596 1689 1625 merks

185 1645 291 1682 yeirlie.
331 1646 445 1674 Witnes
463 1646 579 1674 Johnne
595 1646 724 1683 Douglas
743 1646 897 1684 prebendar
910 1645 944 1674 of
955 1646 1063 1680 Ruffill,
1078 1646 1189 1674 Walter
1207 1645 1325 1682 Barclay
1339 1644 1373 1673 of
1382 1644 1578 1681 DrumdelgIe,
1593 1644 1688 1672 David

186 1692 328 1730 Cumyng,
342 1693 458 1722 Johnne
474 1693 572 1731 IngHs,
588 1693 750 1722 servitouris
764 1698 794 1722 to
808 1693 858 1722 the
873 1693 1004 1732 Bischop.
1045 1695 1087 1722 At
1104 1694 1219 1731 Spynye
1233 1693 1286 1721 and
1301 1692 1398 1730 Elgin‚
1413 1693 1432 1720 8
1446 1692 1559 1729 August
1577 1692 1661 1719 1580.

186 1834 333 1863 Sententia
345 1835 402 1863 lata
416 1836 449 1863 ab
464 1836 604 1865 Ancelmo
620 1835 738 1864 Roberti
759 1835 920 1864 succentore
936 1835 1071 1869 Rofibnfi,
1086 1835 1220 1863 canonico
1239 1839 1266 1863 et
1286 1834 1468 1862 commissario
1482 1834 1606 1871 generali
1620 1834 1686 1862 Mo-

183 1881 311 1915 ravienfi,
333 1882 362 1909 in
377 1882 457 1910 causa
471 1892 532 1920 quae
546 1883 709 1911 vertebatur
722 1883 797 1911 inter
810 1883 956 1911 dominum
972 1882 1066 1910 David
1082 1882 1283 1920 Fothringame
1298 1882 1473 1920 capellanum
1487 1881 1599 1919 capellae
1609 1881 1685 1909 insu-

184 1928 248 1956 laris
262 1929 296 1957 de
313 1929 430 1967 Spineto
445 1930 599 1967 vulgariter
616 1935 783 1969 nuncupatae
802 1941 858 1959 our
871 1930 971 1968 Ladys
990 1930 1104 1968 chapell
1121 1930 1195 1964 inch,
1217 1934 1348 1964 actorem,
1364 1934 1393 1958 et
1407 1929 1585 1958 VVillelmum
1602 1929 1686 1957 Clerk

183 1985 271 2011 reum,
294 1977 327 2005 de
348 1977 508 2014 poss'effione
528 1978 683 2006 tenendriae
697 1978 873 2006 husbandalis
888 1978 969 2006 dictae
983 1978 1332 2017 capellae,—Capellanu1n
1354 1977 1467 2016 ejusque
1487 1976 1685 2015 predeceflbres

184 2033 263 2052 veros
277 2024 434 2062 possessores
450 2025 502 2053 effe
516 2026 672 2054 tenendriae
685 2026 718 2054 de
733 2026 762 2064 ly
777 2026 860 2065 Irgsck
874 2036 906 2054 ac
919 2026 949 2053 in
964 2026 1015 2054 usu
1028 2026 1157 2064 pascendi
1170 2036 1268 2055 eorum
1282 2025 1413 2054 animalia
1426 2036 1443 2053 a
1456 2025 1517 2053 loco
1531 2025 1685 2062 vulgariter

184 2071 256 2099 dicto
270 2071 300 2109 ly
311 2072 425 2110 tlcornyc
439 2073 511 2111 bray
524 2073 611 2111 usque
625 2073 719 2101 locum
733 2073 888 2111 vulgariter
900 2074 1007 2102 dictum
1022 2074 1051 2112 ly
1065 2074 1131 2102 taill
1143 2073 1229 2113 qf'tlce
1244 2074 1357 2108 medow,
1373 2078 1401 2102 et
1412 2073 1585 2112 procedendo
1599 2082 1614 2099 a
1628 2072 1683 2099 fine

183 2119 253 2156 prati
269 2119 355 2158 usque
369 2131 468 2158 aquam
482 2121 516 2149 de
531 2121 620 2155 Losl'e,
635 2121 825 2150 descendendo
839 2131 889 2160 per
901 2122 1004 2150 dictam
1018 2132 1119 2160 aquam
1134 2126 1162 2150 et
1178 2132 1214 2151 ex
1229 2122 1316 2150 latere
1331 2121 1453 2161 ejusdem
1473 2120 1583 2159 capellae
1597 2119 1682 2156 usque

184 2166 278 2195 subtus
292 2168 425 2206 capellam
439 2178 476 2196 ex
491 2168 644 2207 aquilonari
658 2174 737 2207 parte
752 2169 884 2208 ejusdem,
898 2174 1030 2208 tanquam
1045 2169 1074 2197 in
1088 2169 1200 2208 propria
1213 2170 1324 2208 pastura
1337 2169 1418 2198 dictae
1432 2168 1543 2207 capellae
1554 2175 1663 2194 annexa
1675 2177 1682 2198 ;

182 2216 489 2244 —excommunicando
510 2216 618 2245 dictum
639 2226 719 2246 reum
741 2222 769 2246 et
790 2227 855 2246 eum
876 2217 1088 2247 condemnando
1106 2218 1136 2246 in
1156 2217 1274 2252 damnis,
1295 2217 1423 2246 intereffe
1437 2220 1466 2245 et
1481 2212 1607 2252 expenfis
1620 2212 1679 2241 litis
