2060 2660
583 173 899 210 REGISTRUM
927 173 1288 212 MORAVIENSE.
1613 187 1679 218 141

192 273 346 321 dechtyn
370 291 379 301 ·
407 276 443 307 et
460 271 606 307 Vicario
631 272 675 307 de
693 271 898 307 Wardlawe
922 271 1070 306 salutem
1096 271 1134 306 in
1156 272 1275 308 salutis
1300 275 1449 312 auctore
1467 296 1476 305 ·
1508 279 1601 315 Cum
1619 293 1684 315 nos

189 331 245 366 die
271 329 441 367 mercurii
467 330 632 375 proximo
659 334 742 365 ante
766 328 891 364 festum
911 329 1034 364 Sancti
1052 328 1237 365 michaelis
1258 343 1354 365 anno
1375 334 1488 378 gratie
1505 336 1684 372 millesimo
1713 341 1756 362 ”‘

191 387 353 423 ·cc⁰·lxx⁰·
372 400 471 422 nono
491 406 499 414 ·
526 387 572 422 ad
590 385 768 422 ecclefiam
788 387 832 421 de
852 385 1089 433 Keltalargyn
1113 386 1322 422 accedentes
1345 389 1521 435 prefatum
1546 393 1686 438 Episco-

184 457 270 490 pum
290 444 549 493 moraviensem
568 444 799 492 personaliter
817 443 950 479 ibidem
968 448 1234 491 comparentem
1253 445 1399 480 nomine
1418 447 1558 483 ecclefie
1576 449 1686 485 suein

185 514 306 537 veram
325 507 361 537 et
378 501 601 549 corporalem
619 500 860 550 poffeflionem
880 501 1026 536 dimidie
1045 500 1203 536 dauache
1221 505 1316 536 terre
1335 502 1380 536 ad
1395 502 1456 550 jus
1478 509 1514 539 et
1532 508 1687 553 proprie-

186 563 295 594 tatem
315 559 411 595 dicte
429 558 570 595 ecclefie
589 560 633 595 de
655 559 890 607 Keltalargyn
908 559 952 594 de
966 558 1049 606 jure
1066 558 1257 606 spectantis
1276 577 1285 586 ·
1305 564 1340 594 et
1358 560 1495 606 prefato
1515 561 1687 611 Episcopo

185 616 331 652 nomine
350 615 491 652 ecclesie
509 617 568 652 sue
588 636 596 644 ·
615 630 698 652 cum
716 616 862 652 edificiis
881 635 890 644 ·
909 617 1009 663 aquis
1027 635 1035 644 ·
1055 615 1209 661 piscariis
1228 635 1236 643 ·
1253 615 1395 664 juribus
1413 630 1453 652 ac
1472 619 1597 654 ceteris
1615 633 1688 655 om-

188 673 291 708 nibus
314 675 538 720 pertinentiis
561 675 606 710 ad
631 675 764 710 dictam
791 679 924 709 terram
950 672 1190 721 spectantibus
1208 692 1217 701 ·
1241 686 1306 719 per
1330 674 1506 719 prefatum
1529 675 1687 723 judicem

187 744 231 766 ex
249 731 403 767 secundo
423 733 566 768 decreto
585 732 670 767 alias
687 732 842 767 finaliter
863 731 1065 779 adjudicate
1090 750 1097 758 ·
1127 735 1235 776 prout
1252 731 1290 765 in
1308 731 1397 766 actis
1415 731 1498 767 inde
1517 733 1688 769 confe<ffis

187 788 326 836 plenius
348 790 554 826 continetur
572 809 581 817 ·
603 789 710 838 juxta
726 789 935 824 mandatum
955 788 1042 823 (1ίᾶὶί
1059 788 1198 825 Judicis
1215 787 1325 823 immo
1344 789 1463 824 verius
1480 790 1659 837 apostolici
1678 811 1686 819 ·

187 846 393 882 induximus
422 867 430 875 ·
460 853 496 883 et
517 847 647 883 ibidem
672 847 813 893 publice
838 846 1089 882 denunciando
1108 846 1323 881 auctoritate
1342 846 1533 892 apostolica
1550 849 1688 884 monui-

187 916 265 938 mus
289 917 335 939 ne
357 905 514 952 prefatus
533 905 735 940 Willelmus
759 918 823 953 per
847 904 879 940 se
904 904 961 939 vel
985 917 1048 952 per
1071 903 1159 939 alios
1182 903 1225 938 ab
1248 903 1311 938 illo
1333 908 1495 951 tempore
1521 905 1559 940 in
1585 912 1690 941 antea

188 962 362 1009 prefatum
384 962 596 1010 Episcopum
615 975 830 1010 quocunque
850 962 957 997 modo
976 961 1149 1009 impedire
1167 961 1386 1009 presumeret
1405 980 1413 989 ·
1435 962 1626 1008 quominus
1645 963 1688 998 de

187 1020 349 1066 predicta
363 1025 458 1055 terra
475 1026 510 1055 et
528 1019 603 1068 ejus
621 1020 844 1068 pertinentiis
859 1019 1023 1054 omnibus
1038 1024 1073 1054 et
1090 1017 1234 1066 singulis
1251 1024 1360 1066 prout
1377 1017 1438 1054 fibi
1452 1019 1563 1055 visum
1581 1020 1690 1056 fuerit

186 1076 354 1124 expedire
372 1077 482 1112 libere
495 1077 612 1113 valeat
626 1078 810 1125 disponere
829 1082 865 1112 et
883 1077 1050 1112 ordinare
1070 1095 1078 1104 ·
1097 1082 1134 1112 at
1148 1076 1272 1124 spretis
1286 1076 1544 1112 monitionibus
1563 1078 1689 1113 nostris

186 1134 344 1181 prefatus
362 1134 563 1170 Willelmus
576 1154 584 1162 ·
603 1140 771 1183 percepta
787 1134 914 1182 injuste
932 1139 968 1170 et
985 1139 1126 1170 retenta
1142 1134 1246 1169 firma
1263 1134 1424 1182 prediste
1443 1139 1538 1170 terre
1557 1136 1601 1171 de
1619 1141 1688 1171 ter-

187 1192 285 1226 mino
306 1192 427 1227 Sanfifi
446 1192 593 1228 martini
611 1192 696 1227 anni
713 1192 827 1239 gratie
845 1191 1058 1239 supradicti·
1070 1191 1247 1239 prefatum
1264 1191 1477 1239 Episcopum
1496 1193 1688 1239 quominus

187 1248 332 1296 pacifice
353 1247 557 1296 pofl'effione
576 1248 636 1284 fibi
654 1250 797 1285 decreta
813 1249 867 1284 uti
884 1249 1002 1285 valeat
1020 1254 1056 1284 et
1072 1248 1229 1296 gaudere
1253 1248 1427 1284 haetenus
1451 1254 1586 1286 temere
1610 1264 1688 1298 pre-

187 1305 328 1353 sumpsit
352 1306 524 1354 impedire
543 1326 551 1334 ·
574 1307 671 1342 vobis
689 1307 899 1342 mandamus
917 1306 1139 1354 conjunfitim
1159 1310 1194 1341 et
1213 1304 1347 1341 divifim
1366 1325 1374 1334 ·
1399 1306 1437 1341 in
1455 1307 1587 1343 virtute
1607 1308 1688 1344 obe-

187 1363 320 1398 dientie
342 1377 412 1410 qua
432 1364 511 1399 sede
529 1363 716 1412 apostolice
734 1364 907 1399 tenemini
925 1383 934 1391 ·
958 1363 1019 1399 sub
1038 1376 1130 1411 pena
1147 1362 1291 1411 majoris
1309 1364 1687 1401 excommunicationis

187 1420 224 1455 in
243 1421 408 1468 personas
425 1421 554 1456 vestras
573 1434 617 1457 ex
634 1426 721 1457 tunc
739 1421 810 1457 late
827 1420 852 1456 fi
869 1421 906 1456 in
925 1421 993 1456 hoc
1006 1421 1175 1456 mandato
1190 1420 1309 1455 nostro
1327 1421 1437 1461 immo
1455 1422 1573 1457 verius
1591 1423 1687 1470 apos-

186 1478 295 1513 tolico
314 1478 536 1525 negligentes
553 1479 690 1514 fueritis
707 1478 765 1514 vel
782 1477 911 1514 remiffi
929 1497 938 1506 ·
957 1478 1106 1513 firmiter
1123 1477 1352 1525 injungentes
1374 1483 1549 1524 quatenus
1571 1479 1685 1515 statim

186 1534 263 1570 vifis
282 1535 392 1571 literis
410 1535 479 1571 istis
495 1555 502 1563 ·
522 1536 702 1584 adjunctis
715 1536 895 1571 vobiscum
910 1535 1117 1582 quibusdam
1131 1535 1321 1583 capellanis
1335 1540 1371 1570 et
1384 1535 1460 1570 aliis
1474 1535 1663 1584 fidedignis
1676 1556 1685 1565 ·

184 1593 229 1627 ad
244 1592 393 1627 castrum
413 1593 456 1628 de
472 1593 631 1628 Beuford
645 1593 876 1641 personaliter
894 1593 1103 1628 accedentes
1116 1611 1124 1620 ·
1137 1592 1248 1627 trinas
1263 1593 1479 1628 monitiones
1495 1612 1503 1621 ·
1519 1593 1686 1630 videlicet

183 1649 288 1685 semel
304 1669 312 1677 ·
327 1650 481 1685 secundo
501 1656 536 1685 et
553 1651 660 1686 tertio
676 1670 684 1678 ·
699 1651 914 1686 auctoritate
933 1650 1050 1685 nostra
1067 1650 1177 1685 immo
1191 1649 1311 1685 verius
1326 1649 1515 1697 apostolica
1529 1670 1538 1678 ·
1552 1651 1684 1687 ibidem

183 1707 317 1742 faciatis
342 1713 384 1742 ut
409 1707 537 1755 prefati
556 1707 757 1743 Willelmus
784 1713 820 1743 et
844 1707 979 1743 Cecilia
997 1726 1006 1735 ο
1033 1707 1137 1742 firma
1159 1706 1323 1754 predicta
1340 1705 1402 1755 ipfi
1421 1707 1594 1756 Episcopo
1613 1709 1685 1757 ple-

183 1764 263 1799 nius
281 1764 439 1799 restituta
457 1784 465 1792 ·
486 1765 530 1800 de
549 1770 668 1800 cetero
687 1778 751 1813 per
769 1765 802 1800 se
820 1765 877 1800 vel
895 1778 960 1812 per
977 1764 1066 1799 alios
1084 1764 1239 1800 eundem
1254 1764 1467 1812 Episcopum
1482 1765 1539 1801 vel
1557 1779 1684 1814 procu-

120 1831 123 1834 *
183 1827 338 1857 ratorem
357 1821 458 1857 suum
476 1822 520 1857 ad
542 1822 610 1857 hoc
632 1822 828 1870 specialiter
851 1822 1081 1857 constitutum
1104 1821 1278 1869 impedire
1295 1834 1370 1857 non
1387 1822 1591 1870 presumant
1612 1837 1682 1871 quo

185 1879 303 1914 minus
321 1879 365 1914 de
382 1880 545 1927 predicta
567 1885 663 1915 terra
685 1885 721 1915 et
744 1879 820 1927 ejus
841 1879 1065 1927 pertinentiis
1083 1884 1124 1914 ut
1140 1879 1344 1927 predictum
1369 1879 1417 1915 est
1439 1879 1549 1916 libere
1567 1881 1684 1917 valeat

184 1936 368 1984 disponere
390 1956 398 1964 ·
436 1937 484 1972 Et
501 1943 587 1972 vero
605 1936 630 1972 fi
647 1937 904 1972 monitionibus
921 1936 1042 1972 vestris
1059 1936 1272 1984 contemptis
1290 1936 1398 1984 usque
1415 1937 1460 1972 ad
1479 1938 1682 1985 proximum

183 1994 307 2042 pascha
324 1994 362 2029 in
380 1994 440 2029 sua
457 1995 682 2029 contumacia
698 1994 1001 2042 perseveraverint
1020 2013 1028 2022 ·
1047 1994 1138 2042 ipsos
1161 2007 1250 2041 quos
1276 2007 1320 2029 ex
1346 2000 1432 2030 tunc
1458 1995 1501 2030 ab
1528 1995 1680 2043 ingreffu

185 2050 325 2086 ecclesie
351 2052 389 2086 in
420 2052 486 2086 hiis
517 2051 651 2099 scriptis
682 2051 923 2099 suspendimus
954 2064 1018 2099 per
1045 2056 1162 2086 totum
1190 2051 1401 2087 decanatum
1429 2052 1473 2087 de
1503 2052 1678 2101 Inuernys

185 2113 220 2143 et
245 2108 327 2143 alibi
352 2109 555 2156 ubicunque
578 2109 690 2144 visum
716 2109 825 2158 fuerit
851 2109 1018 2157 expedire
1043 2122 1109 2157 pro
1132 2107 1297 2157 suspensis
1318 2108 1519 2157 hujusmodi
1543 2110 1677 2145 denun-

185 2165 282 2200 cietis
301 2184 310 2193 ·
341 2166 389 2201 Et
410 2165 435 2201 fi
457 2166 585 2201 iterato
607 2166 709 2214 super
733 2164 902 2214 premiffis
928 2166 1102 2214 legittime
1125 2166 1252 2201 moniti
1275 2171 1317 2201 ut
1342 2166 1440 2214 prius
1465 2166 1557 2201 infra
1583 2167 1675 2201 diem

186 2222 401 2258 dominicum
426 2223 501 2271 post
527 2223 658 2258 instans
684 2223 808 2259 festum
834 2223 1040 2259 affencionis
1059 2223 1211 2259 Domini
1236 2236 1257 2259 a
1283 2223 1343 2258 sua
1365 2223 1558 2258 rebellione
1581 2221 1677 2258 defis-

183 2284 258 2315 tere
282 2292 357 2315 non
382 2281 587 2318 curaverint
611 2300 619 2309 ·
655 2280 745 2329 ipsos
773 2293 862 2328 quos
888 2285 976 2317 tunc
1002 2285 1149 2330 propter
1175 2280 1388 2316 crescentem
1416 2279 1673 2316 contumaciam
