1912 2660
631 158 947 195 REGISTRUM
975 159 1336 199 MORAVIENSE.
1651 172 1718 207 ⁶291

231 269 349 291 comes
380 255 541 292 moravie
570 255 631 303 jus
666 262 874 303 patronatus
903 262 939 293 et
964 258 1234 294 advocationem
1269 261 1479 307 parochialis
1513 264 1651 300 ecclesie
1676 266 1719 300 de

233 313 450 348 Lochalveth
470 312 700 349 moravienfis
719 314 906 361 dyoceseos
924 327 993 361 que
1010 315 1055 350 ad
1076 315 1188 363 ipsum
1208 316 1387 352 Comitem
1405 331 1503 354 mero
1516 320 1598 367 jure
1616 323 1721 369 perti-

230 370 336 406 nebat
362 370 551 418 capellanis
577 371 721 418 prefatis
746 371 784 406 in
810 384 936 419 puram
963 378 998 408 et
1022 378 1230 420 perpetuam
1257 373 1479 410 elemosinam
1506 377 1669 414 concessit
1687 385 1721 414 et

229 428 375 463 donavit
394 447 402 455 ·
421 427 586 475 idemque
600 428 792 477 Episcopus
807 448 815 456 ·
831 429 951 465 habito
970 430 1072 478 super
1090 430 1156 465 hiis
1174 443 1256 466 cum
1275 431 1414 467 dilectis
1425 432 1506 467 filiis
1520 434 1668 470 Decano
1687 443 1722 471 et

228 485 383 533 capitulo
411 485 565 533 ejusdem
592 485 733 522 ecclesie
752 485 984 523 moravienfis
1001 487 1180 535 frequenti
1201 488 1362 536 diligenti
1385 495 1421 524 et
1439 489 1608 538 solempni
1634 497 1722 528 trac-

227 547 304 578 tatu
319 561 327 570 ·
346 543 585 591 parochialem
601 542 778 579 ecclesiam
798 544 995 592 predictam
1015 564 1023 572 ·
1043 544 1145 593 cujus
1162 545 1302 581 fruetus
1316 551 1351 581 et
1365 552 1560 594 proventus
1573 548 1699 595 viginti
1714 569 1722 577 ·

227 602 387 648 (necnon
405 601 449 636 de
469 600 632 636 Bruneth
651 606 686 636 et
705 601 749 637 de
769 601 875 637 Altre
893 602 1028 649 prefate
1047 601 1277 639 moraviensis
1295 603 1483 651 dyoceseos
1507 605 1723 652 parochiales

227 656 385 693 ecclesias
404 677 412 685 ·
431 671 582 705 quarum
609 659 753 694 collatio
779 659 825 694 ad
853 659 964 707 ipsum
992 659 1206 708 Episcopum
1226 659 1310 708 jure
1337 661 1518 697 ordinario
1546 663 1722 710 pertinet·

225 728 446 763 quarumque
465 716 601 752 decime
620 722 655 752 et
673 717 783 752 annui
802 717 962 753 redditus
979 716 1132 753 univerfi
1150 717 1399 765 quadraginta)
1419 718 1589 754 librarum
1608 720 1724 756 Turo-

225 771 384 808 nenfium
395 786 585 822 parvarum
599 774 665 809 hiis
677 774 800 810 diebus
808 774 971 810 dedufifis
983 775 1151 810 oneribus
1163 775 1351 810 ordinariis
1365 776 1558 812 earundem
1566 777 1722 813 valorem

224 843 385 867 annuum
403 845 478 867 non
496 832 675 868 excedunt
694 851 702 860 ·
730 832 835 868 dietis
857 832 980 868 decem
1004 838 1040 868 et
1064 833 1195 881 septem
1216 833 1406 881 capellanis
1429 834 1466 868 in
1491 841 1723 882 augmentum

224 889 429 925 reddituum
446 890 642 925 eorundem
662 890 815 926 contulit
833 896 869 926 et
887 890 1035 926 donavit
1052 904 1116 939 per
1134 890 1224 939 ipsos
1243 891 1445 939 capellanos
1463 897 1636 939 perpetuo
1650 894 1724 941 pos-

223 944 382 982 sidendas
395 966 404 975 ·
419 947 613 995 specialiter
633 947 818 983 statuendo
837 948 933 995 quod
951 949 988 983 in
1006 948 1176 996 predictis
1191 947 1340 984 ecclesiis
1358 962 1422 997 per
1435 949 1584 985 vicarios
1603 963 1725 998 perpe-

223 1009 305 1039 tuos
323 1004 556 1041 instituendos
574 1005 612 1040 in
630 1005 758 1041 eisdem
778 1025 786 1034 ·
806 1006 866 1053 qui
885 1006 929 1042 de
947 1006 1123 1042 sruGHbus
1137 1011 1173 1042 et
1187 1006 1384 1042 redditibus
1402 1007 1597 1042 earundem
1616 1008 1725 1043 eccle-

225 1060 350 1097 fiarum
378 1075 572 1110 congruam
598 1063 771 1111 recipiant
796 1064 1000 1112 portionem
1026 1077 1071 1099 ex
1093 1077 1163 1111 qua
1181 1063 1266 1112 jura
1292 1064 1502 1113 episcopalia
1528 1065 1662 1101 solvere
1689 1072 1724 1101 et

223 1119 292 1154 alia
309 1120 358 1155 eis
376 1120 618 1156 incumbentia
636 1134 747 1157 onera
759 1121 921 1157 valerent
938 1121 1145 1169 supportare
1162 1141 1170 1149 ·
1190 1122 1427 1157 deserviretur
1444 1122 1669 1158 laudabiliter
1686 1124 1724 1158 in

223 1177 352 1212 divinis
367 1197 375 1205 ·
389 1184 498 1224 prout
509 1179 671 1226 premissa
685 1184 720 1214 et
733 1179 802 1214 alia
812 1179 850 1214 in
863 1179 1066 1227 patentibus
1078 1179 1189 1215 literis
1204 1179 1368 1228 Episcopi
1383 1185 1419 1215 et
1426 1180 1577 1216 Comitis
1588 1181 1724 1228 predic-

224 1241 345 1270 torum
365 1248 488 1271 eorum
501 1234 619 1284 sigillis
636 1235 791 1284 sigillatis
810 1256 818 1264 ·
832 1250 982 1284 quarum
1002 1242 1145 1272 tenores
1164 1237 1207 1272 de
1226 1237 1336 1273 verbo
1355 1238 1399 1273 ad
1417 1238 1566 1273 verbum
1585 1239 1722 1286 presen-

222 1292 316 1327 tibus
334 1293 438 1328 inseri
455 1293 603 1329 fecimus
623 1313 630 1322 ·
655 1294 795 1342 plenius
817 1295 1024 1331 continetur
1042 1314 1050 1322 ·
1080 1295 1202 1337 Quare
1229 1308 1295 1343 pro
1322 1300 1422 1343 parte
1449 1295 1536 1330 dieti
1560 1295 1722 1344 Episcopi

222 1350 323 1385 nobis
338 1351 455 1386 extitit
470 1351 651 1387 humiliter
665 1352 898 1400 supplicatum
910 1358 951 1388 ut
966 1352 1177 1388 donationes
1196 1358 1232 1388 et
1245 1351 1483 1388 conceffiones
1497 1352 1720 1389 ecclefiarum

222 1408 464 1455 predictarum
492 1408 578 1445 ficut
604 1410 823 1458 premittitur
847 1410 976 1446 eisdem
995 1410 1185 1458 capellanis
1202 1410 1314 1445 factas
1333 1410 1544 1446 confirmare
1563 1424 1607 1446 ex
1624 1418 1720 1447 certa

220 1465 364 1501 scientia
382 1467 613 1514 dignaremur
632 1487 641 1495 ·
669 1467 746 1503 Nos
771 1468 879 1515 igitur
901 1467 1004 1516 ipsius
1024 1467 1187 1516 Episcopi
1205 1468 1242 1502 in
1260 1468 1325 1503 hac
1343 1473 1443 1516 parte
1461 1468 1720 1516 supplicationi-

224 1522 288 1558 bus
306 1524 465 1559 inclinati
485 1525 697 1561 donationes
715 1530 751 1561 et
769 1524 1006 1561 concessiones
1025 1532 1060 1561 et
1077 1525 1205 1560 statuta
1215 1525 1379 1573 predifz'ffl
1395 1531 1472 1560 rata
1489 1531 1524 1560 et
1541 1532 1644 1573 grata
1661 1527 1720 1562 ha-

221 1580 344 1616 bentes
363 1581 423 1616 illa
441 1595 485 1617 ex
504 1588 602 1618 certa
624 1582 766 1618 scientia
784 1584 998 1619 aufiwritate
1016 1582 1205 1631 apostolica
1228 1583 1480 1618 confirmamus
1498 1589 1533 1618 et
1551 1583 1720 1631 presentis

222 1638 339 1686 scripti
358 1639 556 1686 patrocinio
576 1641 839 1676 communimus
854 1660 862 1668 ·
890 1641 1091 1689 supplentes
1110 1653 1252 1676 omnem
1272 1640 1453 1676 defectum
1472 1638 1495 1675 fi
1513 1640 1590 1687 quis
1604 1640 1718 1677 forsan

220 1696 257 1730 in
284 1694 454 1744 premissis
482 1697 716 1733 intervenerit
743 1698 930 1746 apostolice
957 1698 1179 1746 plenitudine
1206 1697 1385 1746 potestatis
1403 1717 1411 1725 ·
1445 1697 1607 1734 Tenores
1633 1712 1719 1735 vero

221 1753 398 1789 dffihrum
418 1754 600 1790 literarum
622 1755 709 1790 tales
727 1755 806 1791 sunt
825 1775 833 1783 ·

171 1834 173 1836 -
221 1810 427 1847 Venerabili
446 1812 483 1847 in
502 1812 642 1848 Christo
668 1814 759 1861 patri
787 1814 933 1849 domino
956 1813 1115 1850 ,Iohanni
1140 1813 1211 1848 Dei
1237 1813 1352 1861 gratia
1378 1813 1539 1861 episcopo
1564 1815 1719 1850 (Doravi-

220 1867 290 1904 ensi
316 1869 475 1905 Thomas
503 1870 698 1919 Ranulphy
720 1884 840 1907 comes
865 1871 1026 1908 moravie
1050 1870 1216 1906 dominus
1242 1870 1343 1906 vallis
1363 1871 1532 1907 Anandie
1558 1876 1594 1906 et
1617 1873 1718 1908 <Dan-

220 1926 277 1962 nie
303 1926 450 1963 salutem
470 1947 478 1956 ·
508 1927 751 1964 Attendentes
778 1929 969 1964 continuos
995 1928 1133 1964 labores
1161 1934 1197 1964 et
1225 1928 1342 1963 officia
1369 1941 1458 1975 quos
1486 1934 1522 1963 et
1549 1941 1618 1976 que
1646 1935 1716 1964 tam

218 1983 415 2020 nostrarum
431 1999 535 2033 quam
550 1986 609 2021 alii
624 1986 899 2034 capellaniarum
912 1986 1084 2034 capellani
1104 1984 1245 2021 ecclesie
1259 1985 1370 2021 vestre
1386 1984 1615 2022 moraviensis
1626 1986 1717 2021 susti-

217 2054 302 2078 nere
321 2043 452 2078 debent
470 2048 506 2079 et
525 2043 691 2079 sustinent
710 2044 833 2080 diebus
851 2057 891 2080 ac
909 2043 1075 2079 nefitibus
1093 2043 1131 2078 in
1150 2043 1278 2079 divinis
1296 2042 1419 2078 officiis
1442 2043 1656 2090 exequendis
1680 2044 1715 2078 in

218 2100 340 2135 eadem
356 2100 475 2136 divine
490 2101 646 2136 caritatis
664 2101 797 2137 intuitu
811 2121 820 2129 ·
827 2101 887 2150 jus
906 2107 1114 2149 patronatus
1128 2100 1196 2137 five
1214 2100 1486 2136 advocationem
1505 2099 1645 2136 ecclesie
1658 2112 1716 2148 pa-

219 2157 381 2193 rochialis
400 2158 443 2194 de
463 2158 686 2194 Lochalveth
706 2158 935 2196 (Doravienfis
962 2159 1150 2207 dyoceseos
1174 2158 1271 2206 quod
1293 2158 1350 2193 vel
1376 2171 1444 2205 que
1467 2158 1512 2193 ad
1533 2171 1598 2192 nos
1617 2171 1714 2193 mero

212 2213 295 2261 jure
314 2215 506 2252 dinoscitur
524 2217 705 2264 pertinere
728 2217 832 2253 dietis
850 2217 1039 2264 capellanis
1058 2222 1129 2252 tam
1149 2216 1274 2252 nostris
1293 2228 1397 2263 quam
1415 2215 1492 2250 aliis
1510 2214 1715 2262 capellania-
