2066 2780
346 164 394 200 60
744 162 1059 200 REGISTRUM
1088 159 1450 197 MORAVIENSE.

347 264 457 299 mavit
476 264 594 300 dictus
609 263 802 312 Episcopus
819 275 885 311 pro
903 262 936 297 se
954 266 990 297 et
1004 259 1251 296 successoribus
1269 258 1337 293 suis
1354 258 1392 292 in
1409 260 1622 304 perpetuum
1641 260 1758 291 totum
1776 257 1844 292 cla-

346 334 464 357 meum
480 322 580 357 suum
599 320 643 357 de
661 321 807 357 decimis
824 319 1030 355 reddituum
1048 317 1293 366 predi6torum
1312 327 1381 362 que
1396 313 1543 348 domino
1560 312 1653 360 Regi
1670 313 1845 350 debeban-

346 385 406 414 tur
421 399 429 407 ·
447 385 483 415 et
496 378 735 415 retentionem
749 377 942 413 earundem
959 375 1175 411 decimarum
1191 386 1253 421 per
1267 371 1422 407 eundem
1435 370 1459 407 J
1462 370 1640 406 ohannem
1654 383 1717 419 per
1731 384 1845 407 annos

347 436 466 484 plures
478 456 487 464 ·
502 436 650 472 retentis
663 434 724 471 fibi
738 440 773 470 et
787 432 1033 470 succefforibus
1047 432 1115 467 suis
1129 444 1199 465 ·xx·
1214 429 1332 464 solidis
1346 428 1475 464 annuis
1488 428 1635 464 nomine
1649 429 1786 465 decime
1801 431 1845 465 de

348 507 393 529 ·x·
408 494 505 529 libris
516 494 644 530 annuis
658 506 744 540 quas
756 492 849 527 idem
860 491 883 528 J
886 491 1043 526 ohannes
1055 486 1201 537 [solvit]
1213 486 1397 522 annuatim
1414 486 1562 521 domino
1575 486 1669 534 Regi
1683 487 1727 522 de
1741 489 1845 523 terris

347 564 433 598 quas
451 551 556 587 habet
574 551 619 587 ad
636 551 774 586 firmam
792 550 836 584 de
855 547 1001 583 domino
1019 547 1120 593 Rege
1138 545 1230 580 infra
1247 543 1432 592 parochias
1450 543 1628 579 dffihuum
1642 549 1818 580 terrarum
1836 566 1843 572 -

347 608 498 645 Decime
512 614 631 644 autem
645 607 868 657 piscariarum
885 604 1043 640 omnium
1060 603 1153 638 infra
1162 602 1347 651 parochias
1361 601 1604 649 predifflaetrum
1620 600 1842 638 ecclesiarum

346 666 594 714 contingentes
616 670 651 701 et
674 665 809 700 decime
830 663 945 698 tocius
968 661 1125 697 multure
1152 661 1197 695 de
1223 659 1395 707 prediffis
1424 673 1494 694 ·xx·
1519 659 1687 695 dauachis
1718 673 1844 708 prove—

345 724 484 759 nientes
501 723 673 771 equaliter
692 722 798 757 divise
816 727 851 756 et
869 720 1022 755 fideliter
1048 718 1229 754 solventur
1258 737 1265 744 ·
1293 717 1343 752 ita
1359 716 1457 764 quod
1475 717 1646 753 medietas
1665 717 1842 753 dietarmn

345 781 561 816 decimarum
581 779 709 815 scilicet
726 784 797 814 tam
817 777 1041 826 piscariarum
1060 788 1166 823 quam
1185 775 1343 810 multure
1360 772 1432 810 fine
1450 774 1688 811 diminutione
1707 781 1742 811 et
1760 789 1841 811 cum

345 838 442 873 omni
467 837 670 884 integritate
695 836 849 871 solvetur
869 832 1008 869 ecclefie
1027 833 1071 868 de
1090 832 1335 868 Dulbathlach
1362 837 1398 868 et
1424 832 1536 868 altera
1562 833 1733 868 medietas
1754 832 1842 868 fimi-

344 895 426 930 liter
453 893 593 930 ecclesie
622 894 665 929 de
693 893 856 939 Cunewy
886 911 894 919 ·
925 891 1114 926 Predi6tus
1131 895 1252 925 autem
1270 889 1455 926 Johannes
1469 889 1606 938 Byseth
1631 903 1697 938 pro
1724 891 1843 926 anima

344 952 453 1000 patris
470 952 519 987 sui
539 957 574 986 et
590 964 655 999 pro
674 950 783 985 salute
801 949 861 985 sua
882 954 917 984 et
934 948 1057 984 matris
1074 947 1134 983 sue
1153 953 1189 983 et
1207 952 1398 995 parentum
1415 947 1558 982 suorum
1579 952 1615 983 et
1632 946 1843 995 posteritatis

344 1009 403 1044 sue
421 1009 529 1044 salute
548 1015 583 1044 et
601 1008 783 1043 animabus
799 1006 951 1042 contulit
969 1011 1005 1041 et
1023 1003 1190 1041 concessit
1208 1005 1246 1040 in
1263 1018 1390 1053 puram
1409 1010 1445 1040 et
1464 1010 1673 1053 perpetuam
1688 1005 1843 1041 elemosi-

346 1079 427 1101 nam
447 1064 588 1101 ecclefie
606 1066 650 1101 de
670 1064 908 1101 Dulbatalach
927 1063 1058 1111 septem
1076 1075 1176 1098 acras
1193 1068 1289 1098 terre
1307 1063 1344 1097 in
1362 1062 1443 1098 loco
1462 1063 1679 1111 competenti
1704 1069 1739 1098 et
1762 1076 1842 1111 pro-

346 1124 478 1171 pinquo
498 1121 638 1159 ecclesie
655 1122 869 1170 parochiane
888 1121 932 1156 de
949 1120 1195 1156 Dulbathlach
1209 1133 1291 1156 cum
1310 1120 1419 1156 fuerit
1436 1119 1603 1155 transsata
1619 1120 1665 1156 ad
1679 1121 1842 1169 Fingafl'y

342 1181 387 1215 ad
406 1181 524 1215 locum
542 1180 603 1227 qui
622 1180 751 1215 dicitur
770 1179 985 1214 Wardelaue
1004 1179 1142 1214 Scotice
1161 1177 1356 1214 Balcabrac
1373 1197 1383 1206 ·
1409 1177 1592 1214 Convenit
1609 1184 1728 1214 autem
1748 1179 1842 1214 inter

343 1238 521 1285 predffikos
550 1238 762 1286 Episcopum
794 1242 829 1273 et
858 1237 1063 1273 Johannem
1092 1236 1223 1284 Byseth
1253 1236 1351 1284 quod
1379 1235 1564 1274 Johannes
1592 1236 1721 1284 Byseth
1750 1237 1841 1272 hanc

341 1294 628 1343 compositionem
653 1295 758 1330 faciet
779 1294 983 1330 confirmari
1010 1307 1074 1343 per
1100 1299 1235 1330 cartam
1262 1294 1399 1330 domini
1427 1293 1539 1341 Regis
1571 1313 1579 1321 ·
1611 1299 1647 1329 et
1674 1294 1841 1330 dominus

345 1352 532 1400 Episcopus
559 1353 741 1400 predifihis
766 1365 830 1400 per
856 1351 1114 1388 concessionem
1142 1357 1178 1388 et
1204 1357 1339 1388 cartam
1368 1351 1514 1400 capituli
1540 1350 1681 1387 ecclefie
1709 1352 1840 1388 SanEte

340 1409 525 1445 Trinitatis
544 1410 588 1445 do
607 1410 725 1458 Elgyn
744 1410 894 1446 eandem
912 1411 1018 1446 saciet
1039 1410 1244 1446 confirmari
1272 1430 1281 1438 ·
1310 1409 1473 1446 Testibus
1490 1408 1653 1456 magistro
1672 1409 1839 1446 Gilberto

341 1468 589 1503 archidiacono
607 1467 769 1504 (Dor-avie
789 1488 797 1497 ·
818 1468 970 1504 Andrea
987 1468 1201 1504 cancellario
1225 1487 1235 1497 ·
1261 1467 1424 1516 magistro
1444 1466 1627 1503 Edwardo
1647 1486 1656 1495 ·
1677 1467 1839 1504 Roberto

343 1525 520 1559 canonicis
539 1524 678 1561 ecclesie
693 1526 824 1561 San&e
836 1526 1024 1562 Trinitatis
1039 1527 1083 1562 de
1099 1527 1209 1575 Spyni
1225 1546 1233 1555 ·
1249 1526 1433 1562 Willelmo
1445 1524 1616 1573 Stephani
1631 1544 1639 1552 ·
1654 1524 1816 1561 Roberto
1830 1546 1838 1553 ·

348 1581 536 1629 capellanis
555 1602 562 1610 ·
584 1582 776 1631 Arnulpho
795 1583 925 1631 Byseth
944 1604 952 1611 ·
974 1584 1205 1620 Archebaldo
1226 1604 1233 1612 ·
1257 1584 1417 1632 Hugone
1437 1582 1597 1619 Corbeth
1617 1602 1625 1610 ·
1645 1583 1815 1619 militibus
1831 1604 1838 1611 ·

345 1638 529 1674 Willelmo
550 1639 677 1688 Byseth
697 1660 704 1668 ·
725 1641 998 1690 Gylletalargyn
1018 1662 1026 1670 ·
1045 1647 1080 1677 et
1098 1642 1174 1677 aliis
1194 1662 1201 1669 ·

346 1811 455 1848 Carta
474 1812 671 1847 Alexandri
694 1812 802 1859 Regis
820 1813 863 1848 de
883 1814 1082 1850 Burchalch
1101 1814 1296 1850 cathedrali
1315 1813 1456 1850 ecclefie
1476 1834 1484 1842 ·

293 1944 312 1966 ι,
346 1927 552 1962 Alexander
582 1928 653 1963 Dei
682 1928 797 1974 gratia
828 1928 907 1963 Rex
937 1930 1141 1965 Scottorum
1171 1930 1337 1965 omnibus
1367 1929 1487 1978 probis
1514 1928 1717 1965 hominibus
1742 1935 1836 1964 terre

343 1985 401 2019 suc
420 1984 555 2020 clericis
573 1990 608 2020 et
626 1985 722 2020 laicis
740 1984 884 2020 salutem
915 2005 922 2013 ·
953 1987 1073 2022 Sciant
1093 1987 1272 2035 presentes
1299 1993 1336 2023 et
1361 1988 1474 2024 futuri
1500 2001 1557 2023 me
1584 1984 1780 2022 concessiffe
1801 1992 1836 2021 et

342 2042 406 2076 hac
425 2042 575 2089 presenti
594 2048 691 2078 carta
710 2042 927 2078 confirmass'e
945 2044 1165 2081 amicabilem
1184 2044 1476 2094 compofitionem
1498 2046 1629 2081 saetam
1648 2044 1741 2080 inter
1760 2043 1836 2079 Bri-

343 2100 436 2134 cium
456 2100 714 2135 moraviensem
738 2099 938 2148 episcopum
962 2107 998 2137 et
1015 2102 1218 2139 Johannem
1238 2104 1344 2152 Byset
1371 2103 1474 2152 super
1501 2100 1741 2138 controverfia
1767 2114 1836 2148 que

342 2157 434 2191 inter
452 2170 512 2191 eos
531 2163 628 2192 mota
644 2157 711 2193 suit
729 2157 773 2192 de
790 2158 1082 2195 advocationibus
1105 2160 1328 2197 ecclesiarum
1356 2162 1400 2197 de
1420 2161 1603 2208 Coneway
1621 2165 1657 2195 et
1680 2159 1724 2195 de
1744 2158 1836 2194 Dul-

342 2213 499 2249 batalach
531 2234 538 2241 ·
569 2220 605 2250 et
631 2215 675 2250 de
702 2215 846 2250 decimis
873 2216 1079 2252 reddituum
1105 2231 1173 2265 que
1200 2220 1287 2255 mihi
1315 2219 1536 2255 debebantur
1557 2218 1602 2254 de
1622 2216 1726 2253 terris
1744 2216 1835 2251 insra

341 2271 522 2317 parochias
558 2272 798 2320 predictarum
831 2273 1053 2310 ecclefiarum
1084 2276 1281 2313 constitutis
1316 2283 1508 2324 antequam
1542 2275 1703 2324 medidie
1740 2280 1834 2309 terre
