1912 2660
300 140 374 178 366
694 143 800 180 REG
808 143 1013 182 ISTRUM
1042 143 1407 181 MORAVIENSE.

301 240 456 277 Ecclefia
474 242 519 278 de
539 242 678 279 Rothes
925 243 985 279 ·xl·
1004 243 1027 279 s·
1080 243 1236 279 Ecclesla
1254 244 1297 279 de
1316 242 1419 278 Glass
1704 243 1763 280 ·xl·
1781 244 1803 279 s·

300 298 455 336 Ecclefia
473 300 516 336 de
538 301 710 337 Kenedor
924 302 984 337 ·xl·
1003 301 1027 337 Γ·
1080 300 1233 337 Ecclefie
1252 301 1296 335 de
1317 300 1414 348 Ryni
1431 304 1468 335 et
1486 299 1568 348 Effy
1585 312 1668 336 con-

1128 363 1312 393 currentes
1702 358 1761 395 ·xl·
1780 359 1803 395 s·

298 415 445 451 Summa
459 429 554 453 ·xxv·
572 417 661 453 libre
679 422 800 465 preter
818 415 1026 455 monasteria
1078 414 1231 450 Ecclefie
1245 415 1288 450 de
1301 415 1472 461 Bottarry
1483 420 1519 451 et
1530 414 1671 464 Elchyn

297 473 342 509 de
362 473 530 510 Urchard
548 481 584 511 et
603 474 827 523 Plusssardyn
842 494 850 502 ·
1126 478 1384 508 concurrentes
1690 487 1760 510 ·xx·
1779 475 1802 510 s·

1074 529 1228 566 Ecclefia
1248 530 1292 566 de
1313 530 1499 566 Ruthwen
1699 532 1759 567 ·xl·
1779 532 1797 568 s

1076 587 1230 624 Ecclefie
1243 588 1287 624 de
1297 588 1451 636 Kynnor
1460 607 1469 616 ·
1482 588 1691 625 Dunbanan

297 646 573 683 Procurationes
601 648 795 683 decanatus
824 646 868 681 de
898 645 1025 681 Inuer-
1126 651 1382 682 concurrentes
1699 647 1759 683 ·xl·
1778 649 1801 684 s·

612 718 677 753 nys
693 724 700 733 ·
1073 701 1229 739 Ecclefia
1248 704 1292 739 de
1312 703 1548 740 Aberkerdor
1698 705 1758 741 ·xl·
1777 706 1800 741 s·

1073 759 1229 797 Ecclefia
1247 762 1290 798 de
1308 762 1547 798 Innerkethni
1696 763 1756 799 ·xl·
1776 764 1799 799 s·

294 819 449 856 Ecclefia
467 821 510 856 de
527 820 705 868 Inuernys
919 818 978 854 ·xl·
997 818 1020 853 s·
1075 818 1230 855 Ecclefia
1248 819 1292 855 de
1312 820 1509 868 Rothimay
1697 821 1756 857 ·xl·
1776 821 1799 857 s·

292 877 448 914 Ecclefia
466 878 510 914 de
529 878 672 926 Durrys
916 876 975 911 -xl·
994 876 1018 911 s·
1071 876 1226 913 Ecclefia
1254 878 1298 914 de

292 935 446 972 Ecclefia
465 936 508 971 de
527 934 731 971 Lundechti
914 933 973 969 ·xl·
993 933 1016 969 Γ·
1070 933 1253 983 Garntuly

291 992 445 1030 Ecclefia
463 994 507 1028 de
528 992 714 1028 Abertarff
913 991 972 1026 ·xl-
992 991 1015 1027 s·
1068 992 1225 1029 Ecclefia
1253 993 1298 1029 de
1407 968 1508 1006 fimlss
1526 970 1599 1019 ἸΙΙ-Γ
1619 970 1642 1005 s'
1671 983 1743 1006 '¹¹¹¹'
1763 971 1796 1006 d'

290 1050 445 1088 Ecclefia
463 1051 507 1086 de
526 1051 679 1086 Dalcors
912 1049 971 1085 ·xl·
990 1049 1014 1085 Γ·
1067 1050 1327 1100 Drumdalgyj

289 1108 444 1145 Ecclefia
462 1109 506 1144 de
526 1108 625 1156 Croy
913 1107 973 1143 ·xl·
993 1108 1016 1143 s·
1070 1107 1226 1145 Ecclefia
1244 1110 1287 1145 de
1309 1109 1430 1159 Keyth
1655 1111 1753 1147 mliii·
1771 1112 1794 1147 s·

288 1165 442 1203 Ecclefia
453 1166 496 1202 de
504 1165 672 1202 Urchard
688 1165 891 1202 cancellarii
910 1165 970 1202 ·xl·
989 1165 1013 1201 s·

286 1224 316 1261 F
317 1238 462 1273 ernway
480 1229 517 1260 et
536 1223 793 1272 Aberbreachy

334 1287 590 1319 concurrentes
909 1282 968 1318 ·xl·
987 1282 1010 1318 Γ·

286 1339 438 1377 Ecclefie
458 1341 501 1376 de
522 1340 638 1389 Petyn
656 1345 693 1377 et
712 1340 868 1389 Brachly

332 1405 588 1435 concurrentes
907 1398 965 1434 -xl·
986 1398 1008 1434 s·
1063 1398 1340 1435 Procurationes
1368 1400 1565 1436 decanatus
1588 1400 1633 1437 de
1657 1401 1792 1438 Strath-

285 1455 437 1493 Ecclefie
456 1457 500 1492 de
521 1456 753 1505 Kyntallirgy
772 1461 808 1492 et
1373 1457 1452 1506 spee
1471 1477 1479 1486 ·

332 1514 516 1550 Wardlaw
906 1515 966 1550 ·xl·
987 1515 1010 1550 s·

283 1573 428 1609 Deveth
447 1578 483 1608 et
501 1572 677 1621 Delerusy
695 1585 844 1608 concur·
1062 1572 1264 1621 Logykeny

330 1635 450 1666 rentes
906 1630 965 1665 ·xl·
986 1631 1008 1666 s·
1064 1630 1238 1679 Kyngusy
1257 1636 1293 1667 et
1314 1631 1424 1668 Inche

282 1686 436 1724 Ecclefia
454 1687 497 1723 de
517 1687 631 1723 Ewan
904 1688 963 1723 ·xl·
983 1688 1006 1723 s·
1061 1687 1219 1724 Alvecht

283 1746 468 1793 Conyway
902 1746 961 1782 ·xl·
981 1746 1004 1781 Γ·
1059 1746 1305 1783 Ratmurchus

1058 1803 1281 1853 Kyncardyn

281 1861 427 1897 Summa
444 1872 540 1895 ·xxv·
559 1859 647 1895 libre
663 1879 671 1887 ·
1057 1861 1201 1897 Dothol

1058 1919 1287 1969 Inveralmay
1306 1939 1315 1949 ·
1335 1920 1379 1956 de
1397 1921 1583 1957 communi
1601 1941 1609 1950 ·

281 1976 556 2013 Procurationes
584 1975 777 2011 decanatus
804 1976 848 2012 de
871 1976 1007 2013 Strath-

574 2032 703 2081 bolgy·

279 2147 432 2185 Ecclefie
451 2149 494 2184 de
514 2148 740 2196 Bottrochyn
760 2167 768 2176 ·

327 2206 490 2244 Artildol
502 2225 511 2235 ·
531 2212 567 2243 et
581 2205 765 2243 Aberlour
779 2219 864 2243 con-

327 2270 514 2301 currentes
902 2265 960 2301 ·xl·
980 2266 1002 2301 s·

1067 1224 1215 1261 Summa
1242 1225 1324 1261 ·xxi·
1344 1225 1404 1261 lib·
1425 1226 1509 1262 ·xiii·
1529 1226 1553 1262 Γ·
1574 1226 1646 1262 ·iiii·
1666 1227 1700 1262 d·

1059 1977 1273 2027 Abernethy

1057 2035 1233 2072 Cromdol
1252 2041 1288 2072 et
1306 2035 1424 2085 Adwy

1588 1613 1595 1623 1
1620 1613 1629 1620 ‚v
1687 1576 1746 1613 ·xl·
1765 1577 1788 1612 Γ·

1685 1691 1743 1727 ·xl.
1763 1692 1786 1726 s.

1673 1762 1742 1784 ‘XX‘
1762 1749 1785 1784 s.

1672 1819 1742 1842 ·xx·
1762 1807 1784 1842 s·

1682 1863 1741 1900 ·xl·
1761 1865 1785 1900 Γ·

1671 1935 1741 1958 .xx.
1760 1923 1783 1958 s.

1671 1993 1741 2016 ⁸11.
1760 1980 1783 2016 s.

1682 2037 1741 2073 .x¹-
1759 2038 1782 2073 s·
