<?xml version="1.0" encoding="UTF-8"?>
<!DOCTYPE html PUBLIC "-//W3C//DTD XHTML 1.0 Transitional//EN"
    "http://www.w3.org/TR/xhtml1/DTD/xhtml1-transitional.dtd">
<html xmlns="http://www.w3.org/1999/xhtml" xml:lang="en" lang="en">
 <head>
  <title>
</title>
<meta http-equiv="Content-Type" content="text/html;charset=utf-8" />
  <meta name='ocr-system' content='tesseract 3.04.00' />
  <meta name='ocr-capabilities' content='ocr_page ocr_carea ocr_par ocr_line ocrx_word'/>
</head>
<body>
  <div class='ocr_page' id='page_1' title='image "./registrumepisc5800morauoft_0384.png"; bbox 0 0 2060 2660; ppageno 0'>
   <div class='ocr_carea' id='block_1_1' title="bbox 304 413 375 444">
    <p class='ocr_par' dir='ltr' id='par_1_1' title="bbox 304 413 375 444">
     <span class='ocr_line' id='line_1_1' title="bbox 304 413 375 444; baseline 0 0"><span class='ocrx_word' id='word_1_1' title='bbox 304 413 375 444; x_wconf 65' lang='lat'>214</span> 
     </span>
    </p>
   </div>
   <div class='ocr_carea' id='block_1_2' title="bbox 397 139 1501 184">
    <p class='ocr_par' dir='ltr' id='par_1_2' title="bbox 397 139 1501 184">
     <span class='ocr_line' id='line_1_2' title="bbox 397 139 1501 184; baseline -0.001 -7"><span class='ocrx_word' id='word_1_2' title='bbox 397 141 469 184; x_wconf 76' lang='lat'>276</span> <span class='ocrx_word' id='word_1_3' title='bbox 790 139 1106 178; x_wconf 87' lang='lat' dir='ltr'>REGISTRUM</span> <span class='ocrx_word' id='word_1_4' title='bbox 1135 140 1501 177; x_wconf 88' lang='lat' dir='ltr'><strong>MORAVIENSE.</strong></span> 
     </span>
    </p>
   </div>
   <div class='ocr_carea' id='block_1_3' title="bbox 399 295 1516 346">
    <p class='ocr_par' dir='ltr' id='par_1_3' title="bbox 399 295 1516 346">
     <span class='ocr_line' id='line_1_3' title="bbox 399 295 1516 346; baseline -0.002 -14"><span class='ocrx_word' id='word_1_5' title='bbox 399 296 580 332; x_wconf 89' lang='lat' dir='ltr'>Fundatio</span> <span class='ocrx_word' id='word_1_6' title='bbox 598 297 810 333; x_wconf 88' lang='lat' dir='ltr'>vicariarum</span> <span class='ocrx_word' id='word_1_7' title='bbox 832 299 875 334; x_wconf 93' lang='lat' dir='ltr'>de</span> <span class='ocrx_word' id='word_1_8' title='bbox 896 298 1073 346; x_wconf 79' lang='lat' dir='ltr'>Inuernys</span> <span class='ocrx_word' id='word_1_9' title='bbox 1092 302 1127 333; x_wconf 89' lang='lat' dir='ltr'>et</span> <span class='ocrx_word' id='word_1_10' title='bbox 1145 297 1189 332; x_wconf 87' lang='lat' dir='ltr'>de</span> <span class='ocrx_word' id='word_1_11' title='bbox 1209 295 1488 331; x_wconf 88' lang='lat' dir='ltr'>Aberkerdoore</span> <span class='ocrx_word' id='word_1_12' title='bbox 1508 314 1516 321; x_wconf 92' lang='lat'>-</span> 
     </span>
    </p>
   </div>
   <div class='ocr_carea' id='block_1_4' title="bbox 398 408 1900 805">
    <p class='ocr_par' dir='ltr' id='par_1_4' title="bbox 398 408 1900 805">
     <span class='ocr_line' id='line_1_4' title="bbox 398 408 1895 460; baseline -0.002 -12"><span class='ocrx_word' id='word_1_13' title='bbox 398 411 576 448; x_wconf 88' lang='lat' dir='ltr'><strong>Omnibus</strong></span> <span class='ocrx_word' id='word_1_14' title='bbox 594 412 661 448; x_wconf 86' lang='lat' dir='ltr'>hoc</span> <span class='ocrx_word' id='word_1_15' title='bbox 680 412 848 460; x_wconf 88' lang='lat' dir='ltr'>scriptum</span> <span class='ocrx_word' id='word_1_16' title='bbox 867 412 990 447; x_wconf 87' lang='lat' dir='ltr'>visuris</span> <span class='ocrx_word' id='word_1_17' title='bbox 1008 411 1065 447; x_wconf 90' lang='lat' dir='ltr'>vel</span> <span class='ocrx_word' id='word_1_18' title='bbox 1084 410 1259 446; x_wconf 81' lang='lat' dir='ltr'>audituris</span> <span class='ocrx_word' id='word_1_19' title='bbox 1275 409 1410 456; x_wconf 91' lang='lat' dir='ltr'>Symon</span> <span class='ocrx_word' id='word_1_20' title='bbox 1428 408 1653 445; x_wconf 89' lang='lat' dir='ltr'>miseratione</span> <span class='ocrx_word' id='word_1_21' title='bbox 1672 408 1793 445; x_wconf 89' lang='lat' dir='ltr'>divina</span> <span class='ocrx_word' id='word_1_22' title='bbox 1811 409 1895 458; x_wconf 89' lang='lat' dir='ltr'>epis-</span> 
     </span>
     <span class='ocr_line' id='line_1_5' title="bbox 398 465 1899 518; baseline -0.002 -12"><span class='ocrx_word' id='word_1_23' title='bbox 398 482 508 518; x_wconf 82' lang='lat' dir='ltr'>copus</span> <span class='ocrx_word' id='word_1_24' title='bbox 534 469 764 506; x_wconf 69' lang='lat' dir='ltr'>moraviensis</span> <span class='ocrx_word' id='word_1_25' title='bbox 791 475 952 505; x_wconf 86' lang='lat' dir='ltr'>eternam</span> <span class='ocrx_word' id='word_1_26' title='bbox 980 469 1016 503; x_wconf 91' lang='lat' dir='ltr'>in</span> <span class='ocrx_word' id='word_1_27' title='bbox 1042 468 1203 503; x_wconf 88' lang='lat' dir='ltr'>Domino</span> <span class='ocrx_word' id='word_1_28' title='bbox 1231 466 1377 501; x_wconf 82' lang='lat' dir='ltr'>salutem</span> <span class='ocrx_word' id='word_1_29' title='bbox 1397 485 1405 493; x_wconf 94' lang='lat'><strong>·</strong></span> <span class='ocrx_word' id='word_1_30' title='bbox 1434 465 1619 501; x_wconf 88' lang='lat' dir='ltr'>Noveritis</span> <span class='ocrx_word' id='word_1_31' title='bbox 1637 466 1789 502; x_wconf 85' lang='lat' dir='ltr'>universi</span> <span class='ocrx_word' id='word_1_32' title='bbox 1808 468 1899 503; x_wconf 85' lang='lat' dir='ltr'>hanc</span> 
     </span>
     <span class='ocr_line' id='line_1_6' title="bbox 398 522 1898 573; baseline -0.002 -10"><span class='ocrx_word' id='word_1_33' title='bbox 398 527 465 563; x_wconf 86' lang='lat' dir='ltr'>effe</span> <span class='ocrx_word' id='word_1_34' title='bbox 491 527 755 563; x_wconf 83' lang='lat' dir='ltr'>ordinationem</span> <span class='ocrx_word' id='word_1_35' title='bbox 781 527 911 562; x_wconf 61' lang='lat' dir='ltr'>factam</span> <span class='ocrx_word' id='word_1_36' title='bbox 940 540 961 561; x_wconf 87' lang='lat' dir='ltr'>a</span> <span class='ocrx_word' id='word_1_37' title='bbox 986 525 1088 560; x_wconf 88' lang='lat' dir='ltr'>nobis</span> <span class='ocrx_word' id='word_1_38' title='bbox 1115 525 1159 560; x_wconf 91' lang='lat' dir='ltr'>de</span> <span class='ocrx_word' id='word_1_39' title='bbox 1186 524 1326 559; x_wconf 86' lang='lat' dir='ltr'>vicariis</span> <span class='ocrx_word' id='word_1_40' title='bbox 1353 522 1576 559; x_wconf 84' lang='lat' dir='ltr'>ecclesiarum</span> <span class='ocrx_word' id='word_1_41' title='bbox 1602 524 1645 559; x_wconf 91' lang='lat' dir='ltr'>de</span> <span class='ocrx_word' id='word_1_42' title='bbox 1667 524 1845 573; x_wconf 84' lang='lat' dir='ltr'>Inuernys</span> <span class='ocrx_word' id='word_1_43' title='bbox 1863 531 1898 560; x_wconf 94' lang='lat' dir='ltr'>et</span> 
     </span>
     <span class='ocr_line' id='line_1_7' title="bbox 398 581 1899 628; baseline -0.001 -8"><span class='ocrx_word' id='word_1_44' title='bbox 398 584 443 620; x_wconf 87' lang='lat' dir='ltr'>de</span> <span class='ocrx_word' id='word_1_45' title='bbox 458 584 693 620; x_wconf 87' lang='lat' dir='ltr'>Aberkerdor</span> <span class='ocrx_word' id='word_1_46' title='bbox 707 584 922 619; x_wconf 68' lang='lat' dir='ltr'>auctoritate</span> <span class='ocrx_word' id='word_1_47' title='bbox 941 582 1058 618; x_wconf 87' lang='lat' dir='ltr'>nostra</span> <span class='ocrx_word' id='word_1_48' title='bbox 1077 587 1111 617; x_wconf 92' lang='lat' dir='ltr'>et</span> <span class='ocrx_word' id='word_1_49' title='bbox 1130 582 1174 616; x_wconf 90' lang='lat' dir='ltr'>de</span> <span class='ocrx_word' id='word_1_50' title='bbox 1190 581 1358 617; x_wconf 87' lang='lat' dir='ltr'>consensu</span> <span class='ocrx_word' id='word_1_51' title='bbox 1374 587 1409 616; x_wconf 91' lang='lat' dir='ltr'>et</span> <span class='ocrx_word' id='word_1_52' title='bbox 1424 581 1610 617; x_wconf 90' lang='lat' dir='ltr'>voluntate</span> <span class='ocrx_word' id='word_1_53' title='bbox 1630 582 1776 628; x_wconf 86' lang='lat' dir='ltr'>capituli</span> <span class='ocrx_word' id='word_1_54' title='bbox 1792 582 1899 618; x_wconf 89' lang='lat' dir='ltr'>nostri</span> 
     </span>
     <span class='ocr_line' id='line_1_8' title="bbox 398 639 1900 678; baseline -0.001 0"><span class='ocrx_word' id='word_1_55' title='bbox 398 648 434 678; x_wconf 86' lang='lat' dir='ltr'>et</span> <span class='ocrx_word' id='word_1_56' title='bbox 451 643 612 678; x_wconf 91' lang='lat' dir='ltr'>virorum</span> <span class='ocrx_word' id='word_1_57' title='bbox 631 642 888 677; x_wconf 88' lang='lat' dir='ltr'>venerabilium</span> <span class='ocrx_word' id='word_1_58' title='bbox 909 640 1045 676; x_wconf 90' lang='lat' dir='ltr'>domini</span> <span class='ocrx_word' id='word_1_59' title='bbox 1066 639 1217 674; x_wconf 89' lang='lat' dir='ltr'>Abbatis</span> <span class='ocrx_word' id='word_1_60' title='bbox 1236 644 1271 674; x_wconf 89' lang='lat' dir='ltr'>et</span> <span class='ocrx_word' id='word_1_61' title='bbox 1289 645 1489 674; x_wconf 87' lang='lat' dir='ltr'>conventus</span> <span class='ocrx_word' id='word_1_62' title='bbox 1509 639 1632 675; x_wconf 71' lang='lat' dir='ltr'>Sancti</span> <span class='ocrx_word' id='word_1_63' title='bbox 1647 639 1790 675; x_wconf 91' lang='lat' dir='ltr'>Thome</span> <span class='ocrx_word' id='word_1_64' title='bbox 1810 653 1900 676; x_wconf 88' lang='lat' dir='ltr'>mar-</span> 
     </span>
     <span class='ocr_line' id='line_1_9' title="bbox 398 697 1900 745; baseline -0.001 -10"><span class='ocrx_word' id='word_1_65' title='bbox 398 701 474 735; x_wconf 84' lang='lat' dir='ltr'>tiris</span> <span class='ocrx_word' id='word_1_66' title='bbox 492 700 536 735; x_wconf 92' lang='lat' dir='ltr'>de</span> <span class='ocrx_word' id='word_1_67' title='bbox 560 699 809 736; x_wconf 90' lang='lat' dir='ltr'>Aberbrothoc</span> <span class='ocrx_word' id='word_1_68' title='bbox 830 719 837 727; x_wconf 95' lang='lat'><strong>·</strong></span> <span class='ocrx_word' id='word_1_69' title='bbox 862 698 1028 733; x_wconf 88' lang='lat' dir='ltr'>videlicet</span> <span class='ocrx_word' id='word_1_70' title='bbox 1052 697 1149 744; x_wconf 89' lang='lat' dir='ltr'>quod</span> <span class='ocrx_word' id='word_1_71' title='bbox 1176 697 1379 744; x_wconf 85' lang='lat' dir='ltr'>quicunque</span> <span class='ocrx_word' id='word_1_72' title='bbox 1398 709 1463 744; x_wconf 89' lang='lat' dir='ltr'>pro</span> <span class='ocrx_word' id='word_1_73' title='bbox 1481 702 1644 745; x_wconf 87' lang='lat' dir='ltr'>tempore</span> <span class='ocrx_word' id='word_1_74' title='bbox 1663 697 1816 733; x_wconf 86' lang='lat' dir='ltr'>vicarius</span> <span class='ocrx_word' id='word_1_75' title='bbox 1832 698 1900 733; x_wconf 89' lang='lat' dir='ltr'>erit</span> 
     </span>
     <span class='ocr_line' id='line_1_10' title="bbox 398 754 1898 805; baseline -0.002 -12"><span class='ocrx_word' id='word_1_76' title='bbox 398 756 540 794; x_wconf 75' lang='lat' dir='ltr'>ecclesie</span> <span class='ocrx_word' id='word_1_77' title='bbox 567 757 611 792; x_wconf 92' lang='lat' dir='ltr'>de</span> <span class='ocrx_word' id='word_1_78' title='bbox 639 758 814 805; x_wconf 81' lang='lat' dir='ltr'>Inuernys</span> <span class='ocrx_word' id='word_1_79' title='bbox 841 756 989 792; x_wconf 83' lang='lat' dir='ltr'>eandem</span> <span class='ocrx_word' id='word_1_80' title='bbox 1015 754 1184 790; x_wconf 82' lang='lat' dir='ltr'>vicariam</span> <span class='ocrx_word' id='word_1_81' title='bbox 1211 754 1339 790; x_wconf 84' lang='lat' dir='ltr'>habeat</span> <span class='ocrx_word' id='word_1_82' title='bbox 1366 760 1401 789; x_wconf 94' lang='lat' dir='ltr'>et</span> <span class='ocrx_word' id='word_1_83' title='bbox 1427 760 1548 790; x_wconf 88' lang='lat' dir='ltr'>teneat</span> <span class='ocrx_word' id='word_1_84' title='bbox 1575 755 1610 790; x_wconf 90' lang='lat' dir='ltr'>in</span> <span class='ocrx_word' id='word_1_85' title='bbox 1635 755 1710 790; x_wconf 88' lang='lat' dir='ltr'>vita</span> <span class='ocrx_word' id='word_1_86' title='bbox 1733 755 1793 790; x_wconf 91' lang='lat' dir='ltr'>sua</span> <span class='ocrx_word' id='word_1_87' title='bbox 1816 768 1898 792; x_wconf 90' lang='lat' dir='ltr'>cum</span> 
     </span>
    </p>
   </div>
   <div class='ocr_carea' id='block_1_5' title="bbox 398 811 1966 860">
    <p class='ocr_par' dir='ltr' id='par_1_5' title="bbox 398 811 1966 860">
     <span class='ocr_line' id='line_1_11' title="bbox 398 811 1966 860; baseline -0.002 -9"><span class='ocrx_word' id='word_1_88' title='bbox 398 815 565 851; x_wconf 90' lang='lat' dir='ltr'>omnibus</span> <span class='ocrx_word' id='word_1_89' title='bbox 590 815 635 850; x_wconf 87' lang='lat' dir='ltr'>ad</span> <span class='ocrx_word' id='word_1_90' title='bbox 663 815 812 850; x_wconf 88' lang='lat' dir='ltr'>eandem</span> <span class='ocrx_word' id='word_1_91' title='bbox 839 813 1006 849; x_wconf 79' lang='lat' dir='ltr'>vicariam</span> <span class='ocrx_word' id='word_1_92' title='bbox 1035 811 1296 860; x_wconf 88' lang='lat' dir='ltr'>pertinentibus</span> <span class='ocrx_word' id='word_1_93' title='bbox 1319 831 1327 839; x_wconf 93' lang='lat'><strong>·</strong></span> <span class='ocrx_word' id='word_1_94' title='bbox 1355 812 1542 847; x_wconf 82' lang='lat' dir='ltr'>reservatis</span> <span class='ocrx_word' id='word_1_95' title='bbox 1568 813 1739 860; x_wconf 67' lang='lat' dir='ltr'>predictis</span> <span class='ocrx_word' id='word_1_96' title='bbox 1766 812 1899 848; x_wconf 87' lang='lat' dir='ltr'>Abbati</span> <span class='ocrx_word' id='word_1_97' title='bbox 1964 826 1966 829; x_wconf 89' lang='lat'>·</span> 
     </span>
    </p>
   </div>
   <div class='ocr_carea' id='block_1_6' title="bbox 396 869 1899 2248">
    <p class='ocr_par' dir='ltr' id='par_1_6' title="bbox 396 869 1899 2248">
     <span class='ocr_line' id='line_1_12' title="bbox 399 869 1899 916; baseline -0.003 -7"><span class='ocrx_word' id='word_1_98' title='bbox 399 879 434 909; x_wconf 87' lang='lat' dir='ltr'>et</span> <span class='ocrx_word' id='word_1_99' title='bbox 452 873 646 909; x_wconf 86' lang='lat' dir='ltr'>conventui</span> <span class='ocrx_word' id='word_1_100' title='bbox 665 873 709 907; x_wconf 89' lang='lat' dir='ltr'>de</span> <span class='ocrx_word' id='word_1_101' title='bbox 729 871 982 907; x_wconf 87' lang='lat' dir='ltr'>Aberbrothoc</span> <span class='ocrx_word' id='word_1_102' title='bbox 1010 875 1087 905; x_wconf 87' lang='lat' dir='ltr'>tota</span> <span class='ocrx_word' id='word_1_103' title='bbox 1109 869 1247 904; x_wconf 85' lang='lat' dir='ltr'>decima</span> <span class='ocrx_word' id='word_1_104' title='bbox 1272 869 1463 916; x_wconf 84' lang='lat' dir='ltr'>garbarum</span> <span class='ocrx_word' id='word_1_105' title='bbox 1490 870 1587 905; x_wconf 85' lang='lat' dir='ltr'>bladi</span> <span class='ocrx_word' id='word_1_106' title='bbox 1614 876 1650 905; x_wconf 91' lang='lat' dir='ltr'>et</span> <span class='ocrx_word' id='word_1_107' title='bbox 1676 870 1899 906; x_wconf 88' lang='lat' dir='ltr'>molendino-</span> 
     </span>
     <span class='ocr_line' id='line_1_13' title="bbox 398 926 1899 976; baseline -0.002 -9"><span class='ocrx_word' id='word_1_108' title='bbox 398 944 477 967; x_wconf 89' lang='lat' dir='ltr'>rum</span> <span class='ocrx_word' id='word_1_109' title='bbox 497 936 533 967; x_wconf 87' lang='lat' dir='ltr'>et</span> <span class='ocrx_word' id='word_1_110' title='bbox 551 930 714 965; x_wconf 88' lang='lat' dir='ltr'>allecium</span> <span class='ocrx_word' id='word_1_111' title='bbox 734 935 769 964; x_wconf 86' lang='lat' dir='ltr'>et</span> <span class='ocrx_word' id='word_1_112' title='bbox 787 929 899 964; x_wconf 83' lang='lat' dir='ltr'>tribus</span> <span class='ocrx_word' id='word_1_113' title='bbox 918 928 1045 963; x_wconf 84' lang='lat' dir='ltr'>marcis</span> <span class='ocrx_word' id='word_1_114' title='bbox 1063 928 1191 963; x_wconf 85' lang='lat' dir='ltr'>annuis</span> <span class='ocrx_word' id='word_1_115' title='bbox 1210 927 1254 963; x_wconf 93' lang='lat' dir='ltr'>de</span> <span class='ocrx_word' id='word_1_116' title='bbox 1274 927 1418 963; x_wconf 90' lang='lat' dir='ltr'>decimis</span> <span class='ocrx_word' id='word_1_117' title='bbox 1433 926 1689 964; x_wconf 85' lang='lat' dir='ltr'>eonfeffionum</span> <span class='ocrx_word' id='word_1_118' title='bbox 1705 928 1899 976; x_wconf 86' lang='lat' dir='ltr'>quadrage-</span> 
     </span>
     <span class='ocr_line' id='line_1_14' title="bbox 397 984 1899 1035; baseline 0 -11"><span class='ocrx_word' id='word_1_119' title='bbox 397 987 568 1024; x_wconf 85' lang='lat' dir='ltr'>fimalium</span> <span class='ocrx_word' id='word_1_120' title='bbox 581 1007 589 1016; x_wconf 91' lang='lat'><strong>·</strong></span> <span class='ocrx_word' id='word_1_121' title='bbox 605 993 640 1023; x_wconf 90' lang='lat' dir='ltr'>et</span> <span class='ocrx_word' id='word_1_122' title='bbox 654 987 755 1022; x_wconf 85' lang='lat' dir='ltr'>salvis</span> <span class='ocrx_word' id='word_1_123' title='bbox 771 986 898 1022; x_wconf 86' lang='lat' dir='ltr'>eisdem</span> <span class='ocrx_word' id='word_1_124' title='bbox 914 986 1018 1021; x_wconf 84' lang='lat' dir='ltr'>terris</span> <span class='ocrx_word' id='word_1_125' title='bbox 1032 986 1198 1021; x_wconf 89' lang='lat' dir='ltr'>omnibus</span> <span class='ocrx_word' id='word_1_126' title='bbox 1213 985 1257 1020; x_wconf 90' lang='lat' dir='ltr'>ad</span> <span class='ocrx_word' id='word_1_127' title='bbox 1273 984 1452 1021; x_wconf 85' lang='lat' dir='ltr'>ecclefiam</span> <span class='ocrx_word' id='word_1_128' title='bbox 1468 986 1512 1021; x_wconf 92' lang='lat' dir='ltr'>de</span> <span class='ocrx_word' id='word_1_129' title='bbox 1531 985 1707 1034; x_wconf 81' lang='lat' dir='ltr'>Inuernys</span> <span class='ocrx_word' id='word_1_130' title='bbox 1721 989 1899 1035; x_wconf 88' lang='lat' dir='ltr'>pertinen-</span> 
     </span>
     <span class='ocr_line' id='line_1_15' title="bbox 397 1042 1898 1094; baseline 0 -12"><span class='ocrx_word' id='word_1_131' title='bbox 397 1046 490 1082; x_wconf 89' lang='lat' dir='ltr'>tibus</span> <span class='ocrx_word' id='word_1_132' title='bbox 508 1065 517 1075; x_wconf 64' lang='grc' dir='ltr'><strong><em>ο</em></strong></span> <span class='ocrx_word' id='word_1_133' title='bbox 546 1045 709 1089; x_wconf 84' lang='lat' dir='ltr'>Quilibet</span> <span class='ocrx_word' id='word_1_134' title='bbox 726 1045 833 1080; x_wconf 82' lang='lat' dir='ltr'>etiam</span> <span class='ocrx_word' id='word_1_135' title='bbox 853 1043 1005 1079; x_wconf 89' lang='lat' dir='ltr'>vicarius</span> <span class='ocrx_word' id='word_1_136' title='bbox 1018 1043 1123 1092; x_wconf 88' lang='lat' dir='ltr'>juxta</span> <span class='ocrx_word' id='word_1_137' title='bbox 1145 1042 1323 1079; x_wconf 80' lang='lat' dir='ltr'>ecclesiam</span> <span class='ocrx_word' id='word_1_138' title='bbox 1349 1043 1604 1079; x_wconf 86' lang='lat' dir='ltr'>habitationem</span> <span class='ocrx_word' id='word_1_139' title='bbox 1631 1045 1773 1081; x_wconf 87' lang='lat' dir='ltr'>habebit</span> <span class='ocrx_word' id='word_1_140' title='bbox 1793 1060 1898 1094; x_wconf 89' lang='lat' dir='ltr'>quam</span> 
     </span>
     <span class='ocr_line' id='line_1_16' title="bbox 396 1100 1899 1149; baseline 0 -9"><span class='ocrx_word' id='word_1_141' title='bbox 396 1105 505 1139; x_wconf 92' lang='lat' dir='ltr'>modo</span> <span class='ocrx_word' id='word_1_142' title='bbox 529 1103 680 1139; x_wconf 87' lang='lat' dir='ltr'>habebat</span> <span class='ocrx_word' id='word_1_143' title='bbox 704 1102 856 1138; x_wconf 89' lang='lat' dir='ltr'>vicarius</span> <span class='ocrx_word' id='word_1_144' title='bbox 876 1121 884 1129; x_wconf 95' lang='lat'><strong>·</strong></span> <span class='ocrx_word' id='word_1_145' title='bbox 912 1101 973 1136; x_wconf 90' lang='lat' dir='ltr'>ubi</span> <span class='ocrx_word' id='word_1_146' title='bbox 997 1115 1063 1136; x_wconf 90' lang='lat' dir='ltr'>nos</span> <span class='ocrx_word' id='word_1_147' title='bbox 1088 1107 1124 1137; x_wconf 91' lang='lat' dir='ltr'>et</span> <span class='ocrx_word' id='word_1_148' title='bbox 1147 1100 1284 1136; x_wconf 84' lang='lat' dir='ltr'>nostros</span> <span class='ocrx_word' id='word_1_149' title='bbox 1308 1106 1344 1136; x_wconf 89' lang='lat' dir='ltr'>et</span> <span class='ocrx_word' id='word_1_150' title='bbox 1367 1102 1549 1149; x_wconf 71' lang='lat' dir='ltr'>predictos</span> <span class='ocrx_word' id='word_1_151' title='bbox 1568 1102 1748 1138; x_wconf 88' lang='lat' dir='ltr'>Abbatem</span> <span class='ocrx_word' id='word_1_152' title='bbox 1768 1110 1803 1140; x_wconf 90' lang='lat' dir='ltr'>et</span> <span class='ocrx_word' id='word_1_153' title='bbox 1821 1105 1899 1140; x_wconf 88' lang='lat' dir='ltr'>suos</span> 
     </span>
     <span class='ocr_line' id='line_1_17' title="bbox 396 1158 1898 1210; baseline 0.002 -15"><span class='ocrx_word' id='word_1_154' title='bbox 396 1161 526 1197; x_wconf 89' lang='lat' dir='ltr'>ibidem</span> <span class='ocrx_word' id='word_1_155' title='bbox 551 1162 785 1197; x_wconf 84' lang='lat' dir='ltr'>adventantes</span> <span class='ocrx_word' id='word_1_156' title='bbox 808 1159 952 1195; x_wconf 88' lang='lat' dir='ltr'>honeste</span> <span class='ocrx_word' id='word_1_157' title='bbox 976 1159 1150 1208; x_wconf 88' lang='lat' dir='ltr'>recipiet·</span> <span class='ocrx_word' id='word_1_158' title='bbox 1178 1164 1215 1194; x_wconf 90' lang='lat' dir='ltr'>et</span> <span class='ocrx_word' id='word_1_159' title='bbox 1241 1158 1382 1195; x_wconf 80' lang='lat' dir='ltr'>ecclesie</span> <span class='ocrx_word' id='word_1_160' title='bbox 1406 1159 1568 1207; x_wconf 63' lang='lat' dir='ltr'>predicte</span> <span class='ocrx_word' id='word_1_161' title='bbox 1594 1160 1637 1195; x_wconf 93' lang='lat' dir='ltr'>de</span> <span class='ocrx_word' id='word_1_162' title='bbox 1661 1161 1840 1210; x_wconf 74' lang='lat' dir='ltr'>Inueruys</span> <span class='ocrx_word' id='word_1_163' title='bbox 1864 1169 1898 1198; x_wconf 89' lang='lat' dir='ltr'>et</span> 
     </span>
     <span class='ocr_line' id='line_1_18' title="bbox 397 1217 1899 1268; baseline 0.001 -14"><span class='ocrx_word' id='word_1_164' title='bbox 397 1219 540 1267; x_wconf 88' lang='lat' dir='ltr'>capellis</span> <span class='ocrx_word' id='word_1_165' title='bbox 558 1219 625 1254; x_wconf 90' lang='lat' dir='ltr'>suis</span> <span class='ocrx_word' id='word_1_166' title='bbox 643 1217 786 1253; x_wconf 89' lang='lat' dir='ltr'>honeste</span> <span class='ocrx_word' id='word_1_167' title='bbox 805 1218 909 1253; x_wconf 86' lang='lat' dir='ltr'>faciat</span> <span class='ocrx_word' id='word_1_168' title='bbox 928 1217 1106 1253; x_wconf 90' lang='lat' dir='ltr'>deservire</span> <span class='ocrx_word' id='word_1_169' title='bbox 1122 1237 1130 1245; x_wconf 93' lang='lat'><strong>·</strong></span> <span class='ocrx_word' id='word_1_170' title='bbox 1150 1222 1186 1253; x_wconf 89' lang='lat' dir='ltr'>et</span> <span class='ocrx_word' id='word_1_171' title='bbox 1200 1217 1244 1253; x_wconf 93' lang='lat' dir='ltr'>de</span> <span class='ocrx_word' id='word_1_172' title='bbox 1259 1217 1425 1252; x_wconf 87' lang='lat' dir='ltr'>omnibus</span> <span class='ocrx_word' id='word_1_173' title='bbox 1440 1217 1694 1266; x_wconf 88' lang='lat' dir='ltr'>episcopalibus</span> <span class='ocrx_word' id='word_1_174' title='bbox 1712 1220 1899 1268; x_wconf 87' lang='lat' dir='ltr'>responde-</span> 
     </span>
     <span class='ocr_line' id='line_1_19' title="bbox 396 1274 1898 1323; baseline 0.001 -11"><span class='ocrx_word' id='word_1_175' title='bbox 396 1276 447 1312; x_wconf 90' lang='lat' dir='ltr'>bit</span> <span class='ocrx_word' id='word_1_176' title='bbox 466 1296 473 1304; x_wconf 92' lang='lat'><strong>·</strong></span> <span class='ocrx_word' id='word_1_177' title='bbox 503 1277 720 1323; x_wconf 85' lang='lat' dir='ltr'>Quicunque</span> <span class='ocrx_word' id='word_1_178' title='bbox 739 1289 825 1311; x_wconf 92' lang='lat' dir='ltr'>vero</span> <span class='ocrx_word' id='word_1_179' title='bbox 845 1276 999 1311; x_wconf 87' lang='lat' dir='ltr'>vicarius</span> <span class='ocrx_word' id='word_1_180' title='bbox 1024 1276 1091 1311; x_wconf 90' lang='lat' dir='ltr'>erit</span> <span class='ocrx_word' id='word_1_181' title='bbox 1116 1275 1278 1323; x_wconf 67' lang='lat' dir='ltr'>predicte</span> <span class='ocrx_word' id='word_1_182' title='bbox 1306 1274 1448 1310; x_wconf 84' lang='lat' dir='ltr'>ecclesie</span> <span class='ocrx_word' id='word_1_183' title='bbox 1476 1275 1520 1310; x_wconf 91' lang='lat' dir='ltr'>de</span> <span class='ocrx_word' id='word_1_184' title='bbox 1545 1275 1782 1312; x_wconf 90' lang='lat' dir='ltr'>Aberkerdor</span> <span class='ocrx_word' id='word_1_185' title='bbox 1808 1278 1898 1314; x_wconf 89' lang='lat' dir='ltr'>vica-</span> 
     </span>
     <span class='ocr_line' id='line_1_20' title="bbox 396 1332 1899 1382; baseline 0.001 -13"><span class='ocrx_word' id='word_1_186' title='bbox 396 1335 484 1369; x_wconf 88' lang='lat' dir='ltr'>riam</span> <span class='ocrx_word' id='word_1_187' title='bbox 509 1334 671 1380; x_wconf 70' lang='lat' dir='ltr'>predic&#39;ce</span> <span class='ocrx_word' id='word_1_188' title='bbox 697 1332 839 1369; x_wconf 84' lang='lat' dir='ltr'>ecclesie</span> <span class='ocrx_word' id='word_1_189' title='bbox 866 1333 1008 1368; x_wconf 89' lang='lat' dir='ltr'>habebit</span> <span class='ocrx_word' id='word_1_190' title='bbox 1030 1339 1065 1368; x_wconf 91' lang='lat' dir='ltr'>et</span> <span class='ocrx_word' id='word_1_191' title='bbox 1089 1333 1225 1368; x_wconf 85' lang='lat' dir='ltr'>tenebit</span> <span class='ocrx_word' id='word_1_192' title='bbox 1248 1346 1314 1381; x_wconf 88' lang='lat' dir='ltr'>pro</span> <span class='ocrx_word' id='word_1_193' title='bbox 1338 1333 1412 1368; x_wconf 88' lang='lat' dir='ltr'>vita</span> <span class='ocrx_word' id='word_1_194' title='bbox 1435 1332 1495 1368; x_wconf 88' lang='lat' dir='ltr'>sua</span> <span class='ocrx_word' id='word_1_195' title='bbox 1519 1333 1658 1381; x_wconf 84' lang='lat' dir='ltr'>integre</span> <span class='ocrx_word' id='word_1_196' title='bbox 1681 1334 1839 1382; x_wconf 87' lang='lat' dir='ltr'>plenarie</span> <span class='ocrx_word' id='word_1_197' title='bbox 1864 1341 1899 1371; x_wconf 88' lang='lat' dir='ltr'>et</span> 
     </span>
     <span class='ocr_line' id='line_1_21' title="bbox 396 1390 1899 1439; baseline 0.001 -12"><span class='ocrx_word' id='word_1_198' title='bbox 396 1392 593 1427; x_wconf 87' lang='lat' dir='ltr'>honorifice</span> <span class='ocrx_word' id='word_1_199' title='bbox 612 1405 691 1427; x_wconf 92' lang='lat' dir='ltr'>cum</span> <span class='ocrx_word' id='word_1_200' title='bbox 712 1397 809 1426; x_wconf 88' lang='lat' dir='ltr'>terra</span> <span class='ocrx_word' id='word_1_201' title='bbox 827 1391 989 1439; x_wconf 67' lang='lat' dir='ltr'>predicte</span> <span class='ocrx_word' id='word_1_202' title='bbox 1008 1390 1150 1426; x_wconf 90' lang='lat' dir='ltr'>ecclesie</span> <span class='ocrx_word' id='word_1_203' title='bbox 1170 1396 1206 1426; x_wconf 91' lang='lat' dir='ltr'>et</span> <span class='ocrx_word' id='word_1_204' title='bbox 1224 1391 1464 1426; x_wconf 87' lang='lat' dir='ltr'>oblationibus</span> <span class='ocrx_word' id='word_1_205' title='bbox 1484 1397 1519 1426; x_wconf 91' lang='lat' dir='ltr'>et</span> <span class='ocrx_word' id='word_1_206' title='bbox 1537 1391 1703 1427; x_wconf 86' lang='lat' dir='ltr'>omnibus</span> <span class='ocrx_word' id='word_1_207' title='bbox 1727 1393 1803 1427; x_wconf 88' lang='lat' dir='ltr'>aliis</span> <span class='ocrx_word' id='word_1_208' title='bbox 1826 1406 1899 1429; x_wconf 88' lang='lat' dir='ltr'>rec-</span> 
     </span>
     <span class='ocr_line' id='line_1_22' title="bbox 396 1448 1899 1497; baseline 0.001 -12"><span class='ocrx_word' id='word_1_209' title='bbox 396 1449 608 1485; x_wconf 88' lang='lat' dir='ltr'>titudinibus</span> <span class='ocrx_word' id='word_1_210' title='bbox 639 1448 873 1485; x_wconf 83' lang='lat' dir='ltr'>ecclesiasticis</span> <span class='ocrx_word' id='word_1_211' title='bbox 899 1449 945 1484; x_wconf 91' lang='lat' dir='ltr'>ad</span> <span class='ocrx_word' id='word_1_212' title='bbox 972 1449 1122 1484; x_wconf 88' lang='lat' dir='ltr'>eandem</span> <span class='ocrx_word' id='word_1_213' title='bbox 1150 1448 1316 1484; x_wconf 83' lang='lat' dir='ltr'>vicariam</span> <span class='ocrx_word' id='word_1_214' title='bbox 1343 1448 1436 1497; x_wconf 86' lang='lat' dir='ltr'>juste</span> <span class='ocrx_word' id='word_1_215' title='bbox 1468 1449 1728 1497; x_wconf 89' lang='lat' dir='ltr'>pertinentibus</span> <span class='ocrx_word' id='word_1_216' title='bbox 1754 1470 1762 1478; x_wconf 93' lang='lat'><strong>·</strong></span> <span class='ocrx_word' id='word_1_217' title='bbox 1798 1451 1899 1487; x_wconf 83' lang='lat' dir='ltr'>salvis</span> 
     </span>
     <span class='ocr_line' id='line_1_23' title="bbox 396 1506 1898 1556; baseline 0.001 -14"><span class='ocrx_word' id='word_1_218' title='bbox 396 1507 565 1555; x_wconf 69' lang='lat' dir='ltr'>predictis</span> <span class='ocrx_word' id='word_1_219' title='bbox 584 1506 730 1542; x_wconf 91' lang='lat' dir='ltr'>domino</span> <span class='ocrx_word' id='word_1_220' title='bbox 750 1506 885 1542; x_wconf 85' lang='lat' dir='ltr'>Abbati</span> <span class='ocrx_word' id='word_1_221' title='bbox 908 1512 944 1541; x_wconf 94' lang='lat' dir='ltr'>et</span> <span class='ocrx_word' id='word_1_222' title='bbox 967 1507 1163 1542; x_wconf 91' lang='lat' dir='ltr'>conventui</span> <span class='ocrx_word' id='word_1_223' title='bbox 1194 1506 1339 1542; x_wconf 86' lang='lat' dir='ltr'>decimis</span> <span class='ocrx_word' id='word_1_224' title='bbox 1362 1506 1528 1542; x_wconf 87' lang='lat' dir='ltr'>omnibus</span> <span class='ocrx_word' id='word_1_225' title='bbox 1548 1507 1739 1554; x_wconf 88' lang='lat' dir='ltr'>garbarum</span> <span class='ocrx_word' id='word_1_226' title='bbox 1759 1507 1898 1556; x_wconf 84' lang='lat' dir='ltr'>integre</span> 
     </span>
     <span class='ocr_line' id='line_1_24' title="bbox 396 1562 1899 1612; baseline 0.002 -13"><span class='ocrx_word' id='word_1_227' title='bbox 396 1570 469 1599; x_wconf 88' lang='lat' dir='ltr'>tam</span> <span class='ocrx_word' id='word_1_228' title='bbox 497 1565 612 1599; x_wconf 89' lang='lat' dir='ltr'>omnis</span> <span class='ocrx_word' id='word_1_229' title='bbox 638 1569 733 1599; x_wconf 88' lang='lat' dir='ltr'>terre</span> <span class='ocrx_word' id='word_1_230' title='bbox 761 1562 902 1599; x_wconf 86' lang='lat' dir='ltr'>ecclesie</span> <span class='ocrx_word' id='word_1_231' title='bbox 926 1577 1033 1612; x_wconf 88' lang='lat' dir='ltr'>quam</span> <span class='ocrx_word' id='word_1_232' title='bbox 1058 1565 1167 1599; x_wconf 88' lang='lat' dir='ltr'>totius</span> <span class='ocrx_word' id='word_1_233' title='bbox 1191 1564 1357 1612; x_wconf 89' lang='lat' dir='ltr'>parochie</span> <span class='ocrx_word' id='word_1_234' title='bbox 1383 1564 1427 1599; x_wconf 91' lang='lat' dir='ltr'>de</span> <span class='ocrx_word' id='word_1_235' title='bbox 1450 1563 1686 1600; x_wconf 90' lang='lat' dir='ltr'>Aberkerdor</span> <span class='ocrx_word' id='word_1_236' title='bbox 1705 1584 1713 1593; x_wconf 94' lang='lat'><strong>·</strong></span> <span class='ocrx_word' id='word_1_237' title='bbox 1741 1571 1777 1601; x_wconf 87' lang='lat' dir='ltr'>et</span> <span class='ocrx_word' id='word_1_238' title='bbox 1798 1566 1899 1602; x_wconf 88' lang='lat' dir='ltr'>salvis</span> 
     </span>
     <span class='ocr_line' id='line_1_25' title="bbox 397 1621 1898 1670; baseline 0.001 -13"><span class='ocrx_word' id='word_1_239' title='bbox 397 1627 540 1658; x_wconf 90' lang='lat' dir='ltr'>centum</span> <span class='ocrx_word' id='word_1_240' title='bbox 568 1622 687 1656; x_wconf 90' lang='lat' dir='ltr'>solidis</span> <span class='ocrx_word' id='word_1_241' title='bbox 715 1622 843 1657; x_wconf 89' lang='lat' dir='ltr'>eisdem</span> <span class='ocrx_word' id='word_1_242' title='bbox 873 1622 1059 1657; x_wconf 84' lang='lat' dir='ltr'>annuatim</span> <span class='ocrx_word' id='word_1_243' title='bbox 1090 1621 1331 1670; x_wconf 84' lang='lat' dir='ltr'>persolvendis</span> <span class='ocrx_word' id='word_1_244' title='bbox 1359 1622 1402 1657; x_wconf 92' lang='lat' dir='ltr'>de</span> <span class='ocrx_word' id='word_1_245' title='bbox 1430 1622 1527 1657; x_wconf 72' lang='lat' dir='ltr'>dicta</span> <span class='ocrx_word' id='word_1_246' title='bbox 1557 1628 1654 1658; x_wconf 88' lang='lat' dir='ltr'>terra</span> <span class='ocrx_word' id='word_1_247' title='bbox 1682 1622 1823 1659; x_wconf 90' lang='lat' dir='ltr'>ecclefie</span> <span class='ocrx_word' id='word_1_248' title='bbox 1854 1624 1898 1660; x_wconf 94' lang='lat' dir='ltr'>de</span> 
     </span>
     <span class='ocr_line' id='line_1_26' title="bbox 397 1679 1897 1729; baseline 0.003 -15"><span class='ocrx_word' id='word_1_249' title='bbox 397 1679 632 1714; x_wconf 89' lang='lat' dir='ltr'>Aberkerdor</span> <span class='ocrx_word' id='word_1_250' title='bbox 651 1679 686 1714; x_wconf 92' lang='lat' dir='ltr'>in</span> <span class='ocrx_word' id='word_1_251' title='bbox 705 1679 868 1714; x_wconf 88' lang='lat' dir='ltr'>terminis</span> <span class='ocrx_word' id='word_1_252' title='bbox 892 1679 935 1714; x_wconf 89' lang='lat' dir='ltr'>ab</span> <span class='ocrx_word' id='word_1_253' title='bbox 957 1680 1007 1715; x_wconf 86' lang='lat' dir='ltr'>eis</span> <span class='ocrx_word' id='word_1_254' title='bbox 1028 1679 1199 1716; x_wconf 87' lang='lat' dir='ltr'>faciendis</span> <span class='ocrx_word' id='word_1_255' title='bbox 1218 1699 1226 1707; x_wconf 92' lang='lat'><em>·</em></span> <span class='ocrx_word' id='word_1_256' title='bbox 1255 1685 1291 1715; x_wconf 90' lang='lat' dir='ltr'>et</span> <span class='ocrx_word' id='word_1_257' title='bbox 1317 1679 1418 1715; x_wconf 87' lang='lat' dir='ltr'>salvis</span> <span class='ocrx_word' id='word_1_258' title='bbox 1442 1680 1571 1715; x_wconf 89' lang='lat' dir='ltr'>eisdem</span> <span class='ocrx_word' id='word_1_259' title='bbox 1593 1680 1730 1728; x_wconf 89' lang='lat' dir='ltr'>placitis</span> <span class='ocrx_word' id='word_1_260' title='bbox 1754 1686 1790 1716; x_wconf 90' lang='lat' dir='ltr'>et</span> <span class='ocrx_word' id='word_1_261' title='bbox 1816 1695 1897 1729; x_wconf 86' lang='lat' dir='ltr'>que-</span> 
     </span>
     <span class='ocr_line' id='line_1_27' title="bbox 396 1736 1898 1784; baseline 0.003 -13"><span class='ocrx_word' id='word_1_262' title='bbox 396 1736 479 1772; x_wconf 89' lang='lat' dir='ltr'>relis</span> <span class='ocrx_word' id='word_1_263' title='bbox 501 1737 545 1772; x_wconf 91' lang='lat' dir='ltr'>de</span> <span class='ocrx_word' id='word_1_264' title='bbox 570 1737 667 1772; x_wconf 62' lang='lat' dir='ltr'>dicta</span> <span class='ocrx_word' id='word_1_265' title='bbox 689 1742 786 1772; x_wconf 86' lang='lat' dir='ltr'>terra</span> <span class='ocrx_word' id='word_1_266' title='bbox 803 1756 811 1764; x_wconf 94' lang='lat'><strong>·</strong></span> <span class='ocrx_word' id='word_1_267' title='bbox 841 1737 1058 1784; x_wconf 80' lang='lat' dir='ltr'>Quicunque</span> <span class='ocrx_word' id='word_1_268' title='bbox 1076 1750 1163 1772; x_wconf 90' lang='lat' dir='ltr'>vero</span> <span class='ocrx_word' id='word_1_269' title='bbox 1182 1737 1335 1773; x_wconf 87' lang='lat' dir='ltr'>vicarius</span> <span class='ocrx_word' id='word_1_270' title='bbox 1354 1737 1421 1772; x_wconf 92' lang='lat' dir='ltr'>erit</span> <span class='ocrx_word' id='word_1_271' title='bbox 1439 1736 1581 1773; x_wconf 88' lang='lat' dir='ltr'>ecclesie</span> <span class='ocrx_word' id='word_1_272' title='bbox 1599 1738 1644 1773; x_wconf 94' lang='lat' dir='ltr'>de</span> <span class='ocrx_word' id='word_1_273' title='bbox 1663 1738 1898 1775; x_wconf 90' lang='lat' dir='ltr'>Aberkerdor</span> 
     </span>
     <span class='ocr_line' id='line_1_28' title="bbox 396 1794 1897 1844; baseline 0.002 -15"><span class='ocrx_word' id='word_1_274' title='bbox 396 1794 622 1842; x_wconf 87' lang='lat' dir='ltr'>respondebit</span> <span class='ocrx_word' id='word_1_275' title='bbox 640 1795 683 1829; x_wconf 92' lang='lat' dir='ltr'>de</span> <span class='ocrx_word' id='word_1_276' title='bbox 703 1794 956 1842; x_wconf 84' lang='lat' dir='ltr'>episcopalibus</span> <span class='ocrx_word' id='word_1_277' title='bbox 976 1795 1141 1830; x_wconf 88' lang='lat' dir='ltr'>omnibus</span> <span class='ocrx_word' id='word_1_278' title='bbox 1160 1814 1168 1823; x_wconf 94' lang='lat'><strong>·</strong></span> <span class='ocrx_word' id='word_1_279' title='bbox 1189 1801 1224 1830; x_wconf 93' lang='lat' dir='ltr'>et</span> <span class='ocrx_word' id='word_1_280' title='bbox 1242 1808 1307 1830; x_wconf 88' lang='lat' dir='ltr'>nos</span> <span class='ocrx_word' id='word_1_281' title='bbox 1327 1800 1363 1830; x_wconf 89' lang='lat' dir='ltr'>et</span> <span class='ocrx_word' id='word_1_282' title='bbox 1381 1795 1548 1830; x_wconf 87' lang='lat' dir='ltr'>officiales</span> <span class='ocrx_word' id='word_1_283' title='bbox 1562 1795 1699 1831; x_wconf 84' lang='lat' dir='ltr'>nostros</span> <span class='ocrx_word' id='word_1_284' title='bbox 1713 1802 1749 1831; x_wconf 92' lang='lat' dir='ltr'>et</span> <span class='ocrx_word' id='word_1_285' title='bbox 1763 1797 1897 1844; x_wconf 90' lang='lat' dir='ltr'>predic-</span> 
     </span>
     <span class='ocr_line' id='line_1_29' title="bbox 396 1852 1897 1901; baseline 0.002 -14"><span class='ocrx_word' id='word_1_286' title='bbox 396 1858 451 1888; x_wconf 82' lang='lat' dir='ltr'>tos</span> <span class='ocrx_word' id='word_1_287' title='bbox 463 1852 642 1887; x_wconf 89' lang='lat' dir='ltr'>Abbatem</span> <span class='ocrx_word' id='word_1_288' title='bbox 659 1857 694 1887; x_wconf 88' lang='lat' dir='ltr'>et</span> <span class='ocrx_word' id='word_1_289' title='bbox 708 1852 786 1887; x_wconf 82' lang='lat' dir='ltr'>suos</span> <span class='ocrx_word' id='word_1_290' title='bbox 802 1852 930 1887; x_wconf 89' lang='lat' dir='ltr'>ibidem</span> <span class='ocrx_word' id='word_1_291' title='bbox 944 1853 1179 1888; x_wconf 87' lang='lat' dir='ltr'>adventantes</span> <span class='ocrx_word' id='word_1_292' title='bbox 1193 1852 1337 1889; x_wconf 89' lang='lat' dir='ltr'>honeste</span> <span class='ocrx_word' id='word_1_293' title='bbox 1352 1853 1499 1899; x_wconf 86' lang='lat' dir='ltr'>recipiet</span> <span class='ocrx_word' id='word_1_294' title='bbox 1512 1872 1520 1881; x_wconf 93' lang='lat'><strong>·</strong></span> <span class='ocrx_word' id='word_1_295' title='bbox 1534 1858 1570 1888; x_wconf 90' lang='lat' dir='ltr'>et</span> <span class='ocrx_word' id='word_1_296' title='bbox 1581 1853 1742 1901; x_wconf 64' lang='lat' dir='ltr'>predicte</span> <span class='ocrx_word' id='word_1_297' title='bbox 1757 1853 1897 1890; x_wconf 84' lang='lat' dir='ltr'>ecclesie</span> 
     </span>
     <span class='ocr_line' id='line_1_30' title="bbox 396 1909 1897 1959; baseline 0.003 -15"><span class='ocrx_word' id='word_1_298' title='bbox 396 1910 440 1945; x_wconf 93' lang='lat' dir='ltr'>de</span> <span class='ocrx_word' id='word_1_299' title='bbox 460 1909 696 1945; x_wconf 90' lang='lat' dir='ltr'>Aberkerdor</span> <span class='ocrx_word' id='word_1_300' title='bbox 719 1910 755 1944; x_wconf 90' lang='lat' dir='ltr'>in</span> <span class='ocrx_word' id='word_1_301' title='bbox 778 1910 942 1945; x_wconf 89' lang='lat' dir='ltr'>omnibus</span> <span class='ocrx_word' id='word_1_302' title='bbox 966 1911 1011 1945; x_wconf 86' lang='lat' dir='ltr'>ad</span> <span class='ocrx_word' id='word_1_303' title='bbox 1036 1910 1172 1946; x_wconf 89' lang='lat' dir='ltr'>cultum</span> <span class='ocrx_word' id='word_1_304' title='bbox 1194 1911 1354 1946; x_wconf 90' lang='lat' dir='ltr'>divinum</span> <span class='ocrx_word' id='word_1_305' title='bbox 1374 1910 1614 1959; x_wconf 68' lang='lat' dir='ltr'>spectantibus</span> <span class='ocrx_word' id='word_1_306' title='bbox 1633 1911 1776 1947; x_wconf 88' lang='lat' dir='ltr'>honeste</span> <span class='ocrx_word' id='word_1_307' title='bbox 1794 1912 1897 1948; x_wconf 87' lang='lat' dir='ltr'>faciet</span> 
     </span>
     <span class='ocr_line' id='line_1_31' title="bbox 396 1966 1895 2016; baseline 0.001 -13"><span class='ocrx_word' id='word_1_308' title='bbox 396 1967 572 2003; x_wconf 88' lang='lat' dir='ltr'>deservire</span> <span class='ocrx_word' id='word_1_309' title='bbox 591 1986 600 1994; x_wconf 91' lang='lat'><strong>·</strong></span> <span class='ocrx_word' id='word_1_310' title='bbox 628 1967 671 2001; x_wconf 92' lang='lat' dir='ltr'>In</span> <span class='ocrx_word' id='word_1_311' title='bbox 690 1966 791 2014; x_wconf 87' lang='lat' dir='ltr'>cujus</span> <span class='ocrx_word' id='word_1_312' title='bbox 810 1968 860 2002; x_wconf 90' lang='lat' dir='ltr'>rei</span> <span class='ocrx_word' id='word_1_313' title='bbox 878 1967 1117 2003; x_wconf 90' lang='lat' dir='ltr'>testimonium</span> <span class='ocrx_word' id='word_1_314' title='bbox 1137 1968 1290 2016; x_wconf 93' lang='lat' dir='ltr'>presenti</span> <span class='ocrx_word' id='word_1_315' title='bbox 1310 1969 1437 2016; x_wconf 89' lang='lat' dir='ltr'>scripto</span> <span class='ocrx_word' id='word_1_316' title='bbox 1456 1981 1530 2003; x_wconf 86' lang='lat' dir='ltr'>una</span> <span class='ocrx_word' id='word_1_317' title='bbox 1547 1981 1629 2004; x_wconf 92' lang='lat' dir='ltr'>cum</span> <span class='ocrx_word' id='word_1_318' title='bbox 1648 1967 1759 2016; x_wconf 87' lang='lat' dir='ltr'>sigillo</span> <span class='ocrx_word' id='word_1_319' title='bbox 1779 1969 1895 2005; x_wconf 89' lang='lat' dir='ltr'>nostro</span> 
     </span>
     <span class='ocr_line' id='line_1_32' title="bbox 396 2023 1898 2074; baseline 0.002 -15"><span class='ocrx_word' id='word_1_320' title='bbox 396 2023 591 2073; x_wconf 85' lang='lat' dir='ltr'>appositum</span> <span class='ocrx_word' id='word_1_321' title='bbox 617 2024 664 2060; x_wconf 83' lang='lat' dir='ltr'>est</span> <span class='ocrx_word' id='word_1_322' title='bbox 690 2023 840 2071; x_wconf 86' lang='lat' dir='ltr'>sigillum</span> <span class='ocrx_word' id='word_1_323' title='bbox 868 2025 1013 2073; x_wconf 89' lang='lat' dir='ltr'>capituli</span> <span class='ocrx_word' id='word_1_324' title='bbox 1040 2039 1121 2061; x_wconf 90' lang='lat' dir='ltr'>cum</span> <span class='ocrx_word' id='word_1_325' title='bbox 1150 2026 1461 2074; x_wconf 86' lang='lat' dir='ltr'>subscriptionibus</span> <span class='ocrx_word' id='word_1_326' title='bbox 1485 2026 1741 2062; x_wconf 91' lang='lat' dir='ltr'>canonicorum</span> <span class='ocrx_word' id='word_1_327' title='bbox 1766 2026 1898 2062; x_wconf 87' lang='lat' dir='ltr'>nostro-</span> 
     </span>
     <span class='ocr_line' id='line_1_33' title="bbox 396 2081 1895 2133; baseline 0.001 -16"><span class='ocrx_word' id='word_1_328' title='bbox 396 2095 476 2117; x_wconf 87' lang='lat' dir='ltr'>rum</span> <span class='ocrx_word' id='word_1_329' title='bbox 501 2101 510 2110; x_wconf 87' lang='lat'><strong>·</strong></span> <span class='ocrx_word' id='word_1_330' title='bbox 549 2082 630 2117; x_wconf 86' lang='lat' dir='ltr'>Hiis</span> <span class='ocrx_word' id='word_1_331' title='bbox 662 2081 806 2117; x_wconf 88' lang='lat' dir='ltr'>testibus</span> <span class='ocrx_word' id='word_1_332' title='bbox 834 2082 1028 2130; x_wconf 89' lang='lat' dir='ltr'>Radulpho</span> <span class='ocrx_word' id='word_1_333' title='bbox 1056 2084 1199 2119; x_wconf 62' lang='lat' dir='ltr'>rectore</span> <span class='ocrx_word' id='word_1_334' title='bbox 1227 2084 1271 2119; x_wconf 92' lang='lat' dir='ltr'>de</span> <span class='ocrx_word' id='word_1_335' title='bbox 1300 2084 1442 2120; x_wconf 90' lang='lat' dir='ltr'>Elechis</span> <span class='ocrx_word' id='word_1_336' title='bbox 1467 2102 1475 2111; x_wconf 91' lang='lat'><strong>·</strong></span> <span class='ocrx_word' id='word_1_337' title='bbox 1513 2083 1656 2119; x_wconf 92' lang='lat' dir='ltr'>Thoma</span> <span class='ocrx_word' id='word_1_338' title='bbox 1686 2084 1868 2133; x_wconf 83' lang='lat' dir='ltr'>capellano</span> <span class='ocrx_word' id='word_1_339' title='bbox 1888 2103 1895 2111; x_wconf 93' lang='lat'>·</span> 
     </span>
     <span class='ocr_line' id='line_1_34' title="bbox 398 2139 1898 2190; baseline 0.002 -16"><span class='ocrx_word' id='word_1_340' title='bbox 398 2139 580 2175; x_wconf 90' lang='lat' dir='ltr'>Willelmo</span> <span class='ocrx_word' id='word_1_341' title='bbox 596 2140 639 2174; x_wconf 91' lang='lat' dir='ltr'>de</span> <span class='ocrx_word' id='word_1_342' title='bbox 654 2139 877 2175; x_wconf 84' lang='lat' dir='ltr'>Inuernaren</span> <span class='ocrx_word' id='word_1_343' title='bbox 892 2139 1022 2175; x_wconf 89' lang='lat' dir='ltr'>clerico</span> <span class='ocrx_word' id='word_1_344' title='bbox 1035 2160 1042 2167; x_wconf 94' lang='lat'><em>·</em></span> <span class='ocrx_word' id='word_1_345' title='bbox 1058 2140 1225 2177; x_wconf 84' lang='lat' dir='ltr'>Johanne</span> <span class='ocrx_word' id='word_1_346' title='bbox 1239 2141 1427 2177; x_wconf 88' lang='lat' dir='ltr'>Beleramb</span> <span class='ocrx_word' id='word_1_347' title='bbox 1442 2160 1450 2169; x_wconf 92' lang='lat'><strong>·</strong></span> <span class='ocrx_word' id='word_1_348' title='bbox 1466 2141 1613 2176; x_wconf 91' lang='lat' dir='ltr'>domino</span> <span class='ocrx_word' id='word_1_349' title='bbox 1626 2141 1769 2177; x_wconf 88' lang='lat' dir='ltr'>Thoma</span> <span class='ocrx_word' id='word_1_350' title='bbox 1781 2141 1898 2190; x_wconf 68' lang='lat' dir='ltr'>W&#39;yse-</span> 
     </span>
     <span class='ocr_line' id='line_1_35' title="bbox 399 2197 1897 2248; baseline 0.001 -15"><span class='ocrx_word' id='word_1_351' title='bbox 399 2210 482 2233; x_wconf 87' lang='lat' dir='ltr'>man</span> <span class='ocrx_word' id='word_1_352' title='bbox 503 2197 713 2233; x_wconf 90' lang='lat' dir='ltr'>vicecomite</span> <span class='ocrx_word' id='word_1_353' title='bbox 738 2197 781 2233; x_wconf 89' lang='lat' dir='ltr'>de</span> <span class='ocrx_word' id='word_1_354' title='bbox 804 2197 924 2245; x_wconf 86' lang='lat' dir='ltr'>Elgyn</span> <span class='ocrx_word' id='word_1_355' title='bbox 943 2216 951 2225; x_wconf 90' lang='lat'><strong>·</strong></span> <span class='ocrx_word' id='word_1_356' title='bbox 981 2197 1163 2234; x_wconf 87' lang='lat' dir='ltr'>Richardo</span> <span class='ocrx_word' id='word_1_357' title='bbox 1183 2199 1370 2236; x_wconf 67' lang='lat' dir='ltr'>marscallo</span> <span class='ocrx_word' id='word_1_358' title='bbox 1389 2219 1398 2228; x_wconf 89' lang='lat'><strong>·</strong></span> <span class='ocrx_word' id='word_1_359' title='bbox 1433 2199 1594 2247; x_wconf 89' lang='lat' dir='ltr'>Hugone</span> <span class='ocrx_word' id='word_1_360' title='bbox 1613 2199 1657 2235; x_wconf 90' lang='lat' dir='ltr'>de</span> <span class='ocrx_word' id='word_1_361' title='bbox 1678 2199 1870 2248; x_wconf 86' lang='lat' dir='ltr'>Braytostis</span> <span class='ocrx_word' id='word_1_362' title='bbox 1889 2218 1897 2227; x_wconf 90' lang='lat'><strong>·</strong></span> 
     </span>
    </p>
   </div>
  </div>
 </body>
</html>
