1980 2758
96 1106 140 1137 14

90 1969 132 2001 15

580 147 896 183 REGISTRUM
923 146 1284 184 MORAVIENSE.
1634 155 1671 186 11

188 246 309 282 David
326 246 383 281 avi
399 245 469 281 mei
487 251 549 281 aut
566 250 728 293 tempore
746 245 928 282 malcolmi
947 245 1058 292 Regis
1075 245 1193 280 fratris
1210 245 1281 280 mei
1298 250 1360 280 aut
1386 258 1465 281 meo
1486 252 1646 295 tempore
1666 269 1673 276 ·

188 304 309 346 Quare
333 303 505 351 prohibeo
531 303 681 338 firmiter
706 315 752 338 ne
776 302 854 349 quis
878 301 1143 338 forestariorum
1168 315 1332 337 meorum
1352 315 1419 338 nec
1442 303 1566 350 aliquis
1586 305 1675 341 alius

184 361 433 409 prenominato
452 360 609 396 Ricardo
627 360 788 408 episcopo
810 359 869 395 vel
888 359 1136 396 succefforibus
1154 358 1229 407 ejus
1246 359 1349 407 super
1369 359 1487 407 aliquo
1508 361 1676 410 prescrip-

183 424 303 453 torum
321 423 390 465 que
408 418 457 453 eis
475 416 624 454 conceffi
642 422 677 453 et
697 418 763 453 hac
787 422 886 453 carta
911 430 992 453 mea
1017 415 1226 452 confirmavi
1244 435 1253 443 ·
1272 415 1438 464 injuriam
1453 435 1462 444 ·
1481 417 1673 454 molestiam

182 480 245 510 aut
262 475 488 511 vexationem
505 475 660 523 aliquam
677 475 806 511 inferat
822 474 926 523 super
943 487 1059 510 meam
1076 473 1273 522 plenariam
1289 473 1553 509 forisfacturam
1568 494 1576 502 ·
1592 475 1674 511 Tes-

181 532 275 567 tibus
298 533 428 568 comite
450 532 572 568 David
591 533 701 568 fratre
722 545 803 568 meo
831 550 839 559 ·
861 531 1022 579 Hugone
1043 531 1255 567 cancellario
1274 543 1355 566 meo
1382 550 1390 558 ·
1419 531 1467 566 A·
1486 531 1611 567 abbate
1629 533 1673 568 de

183 589 447 638 Dunfermelyn
461 608 470 617 ·
488 589 564 626 Joc’
579 590 828 625 archidiacono
843 589 886 625 de
905 588 1130 636 Dunkeldyn
1149 607 1157 616 ·
1177 588 1306 623 comite
1321 588 1501 623 Duncano
1517 608 1525 616 ·
1545 590 1674 625 comite

183 646 336 682 Patricio
356 666 364 674 ·
384 647 513 682 comite
532 646 710 695 Gylberto
734 666 742 674 ·
767 646 853 682 Gill’
872 646 1002 682 comite
1021 646 1065 681 de
1084 645 1169 681 Mar
1187 664 1196 673 ·
1220 645 1378 681 Ricardo
1397 645 1441 681 de
1461 645 1646 681 Prebenda
1664 666 1671 674 ·

182 702 302 739 Alano
329 703 403 739 filio
426 704 577 740 lValteri
605 704 764 752 dapifero
800 724 808 732 ·
847 703 1009 739 Roberto
1032 703 1077 739 de
1098 702 1215 738 Lond’
1251 722 1259 730 ·
1296 702 1477 738 Willelmo
1502 703 1644 751 Cumyn
1664 723 1672 731 ·

181 761 361 796 Willelmo
386 761 460 797 filio
480 761 638 810 Frelkyn
664 781 673 789 ·
695 761 855 809 Hugone
881 761 955 797 filio
982 761 1043 796 suo
1071 780 1079 788 ·
1109 759 1292 797 Willelmo
1319 759 1363 796 de
1382 759 1499 797 Lacel’
1527 780 1535 789 ·
1565 760 1671 797 Petro

181 818 225 854 de
245 817 369 854 Polloc
388 837 396 846 ·
417 817 529 867 Apud
547 818 682 867 Forays
702 838 710 847 ·

178 990 236 1025 De
254 990 352 1026 toftis
370 991 408 1026 in
427 990 545 1026 Banef
559 1010 567 1019 ·
587 991 804 1027 Inverculan
823 1010 831 1019 ·
852 991 961 1039 Elgin
979 1010 987 1019 ·
1008 991 1118 1026 Fores
1133 1008 1141 1018 ·
1162 989 1259 1026 Eren
1278 1009 1286 1017 ·
1307 995 1342 1025 et
1359 989 1524 1026 Invernis
1543 1011 1551 1019 ·

178 1104 246 1139 -w-
271 1105 345 1140 Dei
365 1106 480 1153 gratia
501 1107 582 1142 Rex
601 1106 805 1142 Scottorum
828 1105 992 1141 omnibus
1015 1105 1135 1153 probis
1148 1104 1352 1140 hominibus
1369 1105 1484 1141 tocius
1501 1111 1595 1142 terre
1613 1108 1671 1143 sue

176 1162 313 1198 clericis
340 1169 375 1198 et
400 1163 497 1199 laicis
524 1164 672 1199 salutem
716 1183 725 1191 ·
770 1163 894 1199 Sciatis
919 1176 977 1199 me
1003 1162 1133 1198 dediffe
1154 1167 1190 1198 et
1210 1160 1406 1198 conceffiffe
1428 1168 1464 1198 et
1486 1164 1552 1200 hac
1574 1171 1670 1201 carta

176 1233 255 1255 mea
280 1220 498 1256 confirmaffe
518 1221 675 1257 Ricardo
702 1220 863 1268 episcopo
887 1220 1053 1255 Moravie
1080 1224 1116 1255 et
1140 1218 1387 1255 succefforibus
1416 1220 1491 1268 ejus
1520 1222 1558 1257 in
1586 1222 1669 1258 libe-

176 1289 252 1312 ram
264 1283 299 1312 et
311 1283 520 1325 perpetuam
534 1276 772 1314 elemosmam·
785 1290 898 1313 unum
912 1277 1043 1313 toftum
1053 1277 1093 1312 in
1105 1276 1225 1312 Banef
1234 1296 1242 1306 -
1256 1289 1371 1312 unum
1384 1277 1422 1312 in
1436 1277 1668 1315 Inverculan·

175 1347 287 1369 unum
306 1335 343 1370 in
361 1334 470 1382 Elgin
482 1354 491 1363 ·
505 1348 619 1370 unum
636 1335 674 1370 in
692 1335 825 1383 Forays
843 1354 852 1363 ·
866 1347 980 1370 unum
997 1334 1035 1369 in
1053 1334 1152 1369 Eren
1164 1352 1173 1362 ·
1186 1345 1301 1369 unum
1318 1334 1357 1369 in
1375 1333 1552 1383 Inuernys
1571 1355 1579 1363 ·
1600 1336 1668 1372 Te-

175 1392 293 1427 nenda
318 1392 367 1427 ita
390 1392 500 1428 libere
526 1393 644 1440 quiete
665 1393 823 1441 plenarie
848 1397 884 1428 et
906 1391 1102 1427 honorifice
1121 1410 1130 1418 ·
1154 1389 1241 1427 ficut
1266 1391 1326 1426 alii
1343 1391 1494 1440 episcopi
1517 1392 1555 1428 in
1572 1399 1668 1429 terra

174 1462 253 1484 mea
278 1449 367 1485 tofta
393 1449 452 1485 sua
469 1450 507 1485 in
529 1450 651 1497 burgis
668 1450 755 1485 meis
772 1449 916 1485 liberius
935 1468 943 1477 ·
962 1448 1120 1496 quiecius
1138 1467 1147 1476 ·
1165 1448 1304 1496 plenius
1322 1453 1358 1484 et
1370 1448 1667 1486 honorificencius

173 1511 298 1541 tenent
325 1526 333 1534 ·
362 1506 524 1543 Testibus
544 1507 703 1556 Hugone
721 1507 931 1543 cancellario
949 1519 1029 1542 meo
1053 1525 1061 1533 ·
1081 1504 1129 1541 A·
1151 1505 1276 1542 abbate
1298 1506 1343 1541 de
1361 1505 1637 1555 Dumfermelyn
1657 1528 1664 1535 -

173 1564 303 1599 comite
322 1564 502 1600 Duncano
530 1583 538 1592 ·
572 1565 702 1601 comite
721 1563 898 1613 Gylberto
926 1583 934 1592 ·
963 1563 1121 1599 Ricardo
1140 1563 1184 1598 de
1203 1562 1391 1599 Prebenda
1407 1563 1537 1600 clerico
1555 1577 1635 1600 meo
1656 1585 1663 1593 ·

173 1620 354 1657 Willelmo
372 1621 447 1657 filio
465 1621 625 1658 Freskini
652 1641 660 1650 ·
689 1622 797 1658 Petro
824 1622 868 1658 de
887 1621 1011 1658 Polloc
1039 1639 1047 1648 ·
1075 1619 1257 1656 Willelmo
1277 1620 1321 1657 de
1342 1620 1489 1657 Laceles
1516 1640 1525 1650 ι
1553 1622 1663 1670 Apud

171 1677 279 1725 Elgin
298 1698 306 1706 ·

168 1848 225 1884 De
243 1849 333 1885 tofto
351 1850 389 1886 in
409 1850 542 1887 Kintor
561 1870 569 1878 ·

168 1962 236 1997 ·W·
266 1964 338 2000 Dei
371 1965 486 2013 gratia
513 1965 595 2001 Rex
624 1966 829 2001 Scottorum
857 1964 1021 2000 omnibus
1049 1963 1169 2011 probis
1194 1962 1397 1999 hominibus
1423 1966 1537 2002 tocius
1563 1973 1655 2004 terre

167 2021 225 2056 sue
239 2021 375 2058 clericis
392 2028 428 2058 et
445 2023 553 2071 laycis
567 2023 713 2058 salutem
725 2042 733 2050 ·
750 2023 870 2058 Sciant
882 2022 1059 2070 presentes
1073 2026 1109 2057 et
1119 2020 1232 2056 futuri
1245 2033 1302 2056 me
1317 2021 1446 2058 dediffe
1460 2023 1655 2061 concefliffe

166 2083 202 2113 et
229 2078 293 2114 hac
321 2080 474 2127 presenti
501 2085 599 2116 carta
625 2093 704 2116 mea
730 2080 947 2116 confirmafl'e
975 2078 1131 2115 Ricardo
1160 2077 1322 2126 episcopo
1353 2081 1514 2116 (Doravie
1541 2095 1654 2118 unum

167 2135 366 2182 plenarium
384 2137 514 2173 toftum
532 2139 570 2173 in
586 2137 701 2185 burgo
719 2151 800 2173 meo
819 2138 862 2173 de
876 2137 1044 2186 Kynthor
1055 2155 1063 2164 ·
1078 2135 1274 2171 tenendum
1288 2134 1348 2171 fibi
1360 2142 1395 2172 et
1406 2137 1653 2175 succefl'oribus

165 2192 232 2227 suis
250 2193 294 2228 de
312 2206 368 2229 me
386 2199 423 2230 et
439 2195 627 2231 heredibus
644 2195 732 2230 meis
748 2195 786 2230 in
803 2200 1010 2243 perpetuam
1024 2191 1248 2229 elemosinam
1268 2211 1276 2220 ·
1291 2193 1340 2228 ita
1357 2193 1466 2230 libere
1486 2214 1494 2222 ·
1513 2196 1629 2242 quiete
1642 2216 1650 2223 ·

166 2248 322 2296 plenarie
340 2256 376 2287 et
392 2251 587 2288 honorifice
604 2250 690 2288 ficut
708 2252 832 2300 aliquis
848 2251 1029 2301 episcopus
1046 2250 1190 2298 aliquod
1202 2250 1332 2286 toftum
1350 2251 1387 2286 in
1404 2251 1522 2298 aliquo
1536 2252 1650 2300 burgo
