1998 2820
994 207 1057 231 XIV

619 451 689 492 nti·
749 449 994 501 &apellatur-
1016 445 1234 495 attatum-
1257 444 1435 487 {litavit-

282 605 354 635 211.
379 603 550 646 Episcopus
566 602 710 633 coneedit
727 601 856 643 Hugoni
874 600 912 631 de
929 598 1075 630 Mor-avia
1091 603 1127 629 ut
1143 596 1297 639 capellam
1319 596 1453 627 liberam
1477 595 1593 627 habeat
1617 596 1651 626 in
1675 598 1774 628 castro

281 655 320 686 de
336 655 463 685 Duffus.
498 657 645 685 1203-22.
665 654 699 695 f.
719 656 787 684 191.
818 654 921 692 reqist.
938 656 1046 681 recent.

280 708 353 737 212.
378 705 550 748 Episcopus
566 705 700 735 instituit
716 702 904 745 Magistrum
922 701 1100 732 Hem-icum
1121 700 1155 730 iu
1177 699 1330 730 vicariam
1350 698 1462 730 Sancti
1479 698 1570 729 Petri
1585 698 1625 730 de
1641 698 1772 737 Duffus,

280 756 493 799 presentatum
509 768 528 787 a
544 756 681 796 Hugonc
698 755 827 798 persona
843 755 881 784 de
897 753 1016 784 Duffus
1032 751 1195 783 canonico.
1231 753 1323 781 1238.
1339 750 1375 792 f
1390 752 1444 781 32.

280 811 353 839 213.
378 808 506 838 Vicaria
522 808 560 838 (10
573 807 678 848 Elgyn
693 807 802 837 unitur
815 804 972 847 prebende
986 809 1114 834 centum
1131 801 1312 833 solidorum.
1336 803 1438 833 eadem
1455 803 1638 843 quaesupra
1652 802 1691 832 N.
1702 804 1773 833 133.

280 862 354 891 214.
378 859 547 891 Ordinatio
564 858 709 900 Episcopi
725 858 764 888 dc
780 857 906 888 vicariis
922 856 960 886 dc
978 855 1136 896 Inuernys
1158 859 1190 884 et
1212 854 1251 884 (10
1270 853 1488 884 Aberkerdor.
1530 855 1621 884 1248.
1639 855 1672 894 f
1691 855 1761 885 108.

278 913 352 942 215.
376 911 496 951 Fergus
513 910 551 941 de
564 908 734 940 Ardross'en
751 909 805 939 dat
822 914 922 939 terras
938 907 977 937 de
989 906 1092 938 Clone
1107 906 1148 937 ad
1163 904 1422 937 sustentationem
1439 905 1577 936 duorum
1593 904 1773 947 capellano-

279 973 361 993 rum.
396 964 486 992 1262.
510 962 543 1002 f
559 964 611 993 88.
1587 967 1589 969 “

278 1015 351 1044 216.
376 1013 585 1044 Confirmatio
602 1011 749 1042 Enfemie
765 1011 859 1041 vidue
875 1009 1011 1041 Walteri
1027 1009 1066 1040 (10
1083 1008 1239 1039 Moravia.
1275 1010 1366 1039 1263,
1388 1009 1422 1048 f.
1439 1010 1491 1038 89.

277 1066 350 1095 217.
375 1063 585 1095 Confirmatio
602 1062 756 1092 Willelmi
773 1061 898 1092 comitis
914 1061 953 1091 (le
970 1061 1046 1091 Ros.
1083 1062 1174 1090 1268.
1197 1061 1231 1100 s
1248 1062 1299 1092 89.

277 1117 349 1146 218.
375 1114 483 1145 Simon
501 1115 638 1156 thaynus
654 1114 691 1144 (10
709 1112 907 1143 Abirkerdor
923 1112 1012 1142 dotat
1031 1111 1233 1152 capellanum
1253 1110 1362 1141 Sancti
1378 1110 1528 1141 Menimii
1552 1112 1644 1152 super
1668 1111 1771 1153 ripam

277 1166 315 1196 (10
332 1165 507 1202 Duffhern,
534 1165 571 1195 (10
592 1170 728 1206 quatuor
750 1164 865 1194 marcis
884 1164 923 1194 de
943 1162 1127 1193 molendino
1143 1162 1182 1193 de
1199 1161 1432 1194 Carnoufl'exth
1448 1167 1479 1192 et
1495 1162 1534 1192 de
1550 1162 1580 1193 le
1596 1161 1713 1204 haylch
1733 1162 1772 1193 de

276 1217 447 1247 Dolbrech.
483 1219 630 1247 1253-99.
653 1219 684 1256 f.
702 1218 752 1247 81.

275 1270 347 1298 219.
372 1268 459 1309 Papa
474 1267 641 1298 confirmat
657 1266 890 1297 ordinationem
907 1266 945 1297 de
957 1265 1085 1296 vicariis
1098 1265 1136 1296 de
1150 1265 1310 1307 Inuernys
1323 1270 1355 1296 et
1365 1264 1584 1296 Aberkerdor.
1613 1264 1667 1306 (N.
1679 1266 1769 1304 214.)

278 1320 367 1349 1277.
391 1320 425 1358 f
444 1321 512 1349 109.

273 1372 346 1400 220.
370 1369 486 1401 Comes
502 1370 540 1400 dc
557 1369 623 1400 Ros
640 1369 693 1399 dat
706 1368 871 1411 Kattepoll
887 1374 918 1399 et
935 1367 1107 1410 Petkenny
1122 1368 1277 1399 fratribus
1298 1367 1476 1398 minoribus
1493 1367 1532 1398 dc
1548 1366 1647 1409 Elgin
1664 1367 1715 1398 vel
1730 1367 1771 1398 ad

273 1421 527 1452 sustentationem
553 1421 688 1451 duorum
716 1419 1032 1462 capellanorum—in
1054 1418 1344 1461 compensationem
1365 1418 1559 1461 injuriarum
1575 1419 1609 1449 in
1626 1418 1771 1450 ecclesias

274 1473 311 1502 (10
328 1472 431 1513 Petyn
448 1478 479 1502 et
495 1472 647 1502 Brachuli
664 1471 839 1502 illatarum.
873 1473 965 1502 1281.
987 1472 1020 1511 f.
1037 1474 1088 1502 87.

273 1526 345 1554 221.
370 1523 500 1553 Dotatio
521 1523 772 1565 capellaniarum
789 1523 900 1554 Sancti
917 1522 1063 1553 Nicholai
1080 1527 1111 1553 et
1129 1522 1245 1553 Sancte
1261 1521 1389 1559 Crucis,
1418 1521 1457 1553 de
1482 1527 1569 1553 terra
1589 1521 1629 1553 de
1649 1521 1770 1553 Dalde-

275 1574 349 1615 lcyt,
367 1586 386 1604 a
402 1575 539 1614 Ilugonc
557 1574 694 1604 Hcrock.
729 1576 819 1604 1286.
844 1576 877 1614 „fi
893 1576 944 1604 50.

274 1627 347 1655 222.
372 1625 544 1666 Episcopus
574 1625 719 1655 concedit
749 1630 867 1656 terram
894 1625 932 1656 de
959 1624 1250 1667 Logynfythenach
1276 1636 1333 1667 pro
1360 1624 1586 1655 sustentatione
1612 1623 1770 1666 capellani

275 1687 332 1718 pro
347 1676 513 1706 animabus
529 1676 703 1707 Alexandri
722 1677 804 1717 regis
820 1682 851 1707 et
868 1676 997 1707 Andrec
1014 1676 1158 1719 episcopi.
1194 1679 1285 1707 1287.
1309 1678 1343 1716 f
1362 1679 1414 1707 47.

274 1729 347 1757 223.
372 1727 567 1757 Presentatio
584 1727 717 1757 Roberti
734 1727 888 1768 capellani
904 1728 942 1758 de
958 1728 1077 1759 Duffus
1093 1740 1113 1759 a
1128 1727 1309 1768 Reginaldo
1324 1727 1354 1758 le
1370 1727 1474 1759 Chen.
1508 1729 1601 1758 1296.
1621 1728 1658 1769 f
1674 1729 1724 1758 34.

274 1781 347 1808 224.
371 1778 529 1808 Fundatio
549 1778 690 1819 quinque
711 1778 947 1820 capellanorum
968 1779 1000 1809 in
1023 1779 1146 1821 capella
1161 1779 1255 1810 Beati
1272 1779 1395 1810 Thome
1410 1779 1578 1820 Martyria,
1604 1778 1643 1809 de
1665 1778 1768 1809 firmis

274 1829 312 1860 dc
330 1829 445 1871 Elgyn,
463 1842 482 1860 a
497 1830 620 1860 Thomu
638 1830 801 1871 Ranulplni
817 1830 932 1861 comite
950 1831 1104 1862 Moravie.
1139 1833 1230 1862 1328.
1251 1831 1284 1870 f
1300 1832 1352 1862 82.

273 1883 346 1911 225.
371 1881 564 1922 Preceptnm
588 1881 735 1922 Episcopi
759 1881 798 1912 de
822 1881 1009 1913 investitura
1033 1882 1273 1924 capellanorum
1297 1882 1331 1912 in
1355 1880 1485 1912 eeclefia
1502 1881 1542 1912 de
1558 1880 1766 1912 Lochalveth.

280 1934 368 1962 1333.
389 1933 423 1971 s
444 1935 510 1962 107.

273 1985 346 2013 226.
371 1983 475 2013 Adam
492 1983 531 2013 dc
546 1983 720 2021 Berewyco
737 1983 882 2014 concedit
902 1984 1032 2015 botham
1053 1985 1085 2015 in
1106 1984 1203 2026 Elgin
1228 1996 1285 2027 pro
1308 1989 1400 2026 petra
1424 1994 1495 2015 cere
1517 1983 1686 2014 annuatim
1708 1982 1768 2014 sol-

273 2034 376 2064 venda
392 2034 431 2064 ad
448 2034 604 2064 luminare
620 2034 720 2064 Beate
737 2034 840 2065 Mario
856 2035 888 2065 in
906 2035 1033 2066 ecclesia
1050 2036 1161 2066 Sancti
1182 2035 1289 2077 Egidii
1305 2036 1343 2066 de
1363 2035 1480 2077 Elgyn.
1515 2037 1608 2066 1343.
1629 2036 1663 2075 f
1677 2037 1731 2065 61.

273 2088 345 2116 227.
371 2085 458 2127 Papa
475 2085 643 2115 confirmat
659 2085 802 2116 ecclefias
818 2086 857 2117 de
873 2086 1079 2125 Loclialvetli,
1098 2087 1246 2118 Bruneth
1263 2093 1295 2118 et
1310 2087 1405 2118 Alit-e
1426 2087 1516 2118 datas
1537 2097 1595 2129 pro
1614 2085 1766 2117 sustenta-

273 2136 358 2167 tione
379 2139 413 2167 17
431 2136 677 2178 capellanorum.
714 2139 803 2167 1350.
825 2141 854 2179 ji
874 2140 943 2168 106.

271 2190 344 2218 228.
369 2187 553 2218 Alexander
578 2188 616 2218 dc
641 2188 794 2230 Menerys
819 2189 966 2220 dominus
991 2189 1029 2220 (10
1054 2189 1208 2221 Lambrid
1232 2190 1348 2222 fundat
1371 2189 1581 2231 capellaniam
1603 2189 1642 2220 de
1666 2188 1766 2220 firmis

274 2244 355 2270 terre
372 2239 410 2270 de
427 2239 536 2281 Mayn.
574 2241 664 2269 1350.
686 2241 715 2279 s.
733 2242 783 2271 76.
