2060 2660
93 833 139 869 86

562 151 877 187 REGISTRUM
906 151 1268 189 MORAVIENSE.
1610 159 1657 195 99

168 252 345 299 presentes
361 252 508 287 fuerunt
527 270 535 278 ·
559 249 690 285 scilicet
708 249 844 284 domini
865 248 1015 284 Abbatis
1033 249 1077 284 de
1098 249 1160 297 Hy
1180 269 1188 277 ·
1207 250 1324 285 fratris
1344 251 1452 286 Alani
1472 255 1634 289 monachi
1650 274 1658 281 ·

168 309 339 345 nobilium
367 309 528 344 virorum
556 307 690 342 domini
716 306 768 341 ·P·
793 306 932 341 comitis
960 306 1004 341 de
1029 306 1106 341 Ros
1128 326 1136 334 ·
1165 307 1300 342 domini
1323 307 1492 343 Willelmi
1515 310 1630 346 Prath'
1651 330 1659 338 ·

168 366 302 401 domini
321 368 384 402 ·m·
404 365 448 400 de
469 365 558 400 Alto
576 370 696 402 monte
715 363 933 399 vicecomitis
952 363 996 399 de
1016 364 1193 411 Inuernys
1212 383 1220 391 ·
1246 364 1382 399 domini
1402 365 1597 402 Alexandri
1617 369 1660 403 de

167 423 346 470 Striuelyn
377 443 384 451 -
421 423 557 458 domini
587 422 787 459 merlefl'ani
815 421 879 456 filii
911 421 1062 457 Comitis
1090 441 1097 448 ·
1131 421 1268 456 domini
1296 421 1495 457 Alexandri
1525 423 1631 471 Ruffy
1651 445 1658 452 ·

167 480 334 516 Fercardi
351 480 415 515 filii
433 481 518 516 Seth
538 500 546 508 ·
577 480 715 515 Actum
734 492 830 514 anno
850 479 1001 527 Domini
1020 478 1291 526 ·m⁰·cc⁰·xxxiiij·

166 652 383 701 Compositio
405 654 500 689 inter
523 653 718 701 capitulum
743 652 966 689 moraviense
989 656 1024 687 et
1049 651 1300 686 Alexandrum
1324 651 1368 686 de
1392 652 1591 700 Stryveline
1618 655 1662 689 de

166 711 311 747 dimidia
329 712 489 747 dauacha
505 717 601 747 terre
619 711 714 759 apud
733 710 879 745 Deveth
897 729 905 737 ·

169 827 248 863 Hec
275 826 323 862 est
348 827 540 862 conventio
563 826 659 862 fa&a
679 826 772 862 inter
790 826 985 874 capitulum
1004 825 1227 861 moraviense
1252 838 1295 861 ex
1319 832 1418 874 parte
1442 840 1514 861 una
1540 833 1576 862 et
1604 841 1664 862 no-

167 885 271 920 bilem
291 885 407 920 virum
428 885 614 920 dominum
632 884 881 920 Alexandrum
900 883 944 918 de
963 883 1144 931 Striuelyn
1163 896 1208 919 ex
1225 883 1294 919 alia
1308 903 1316 911 ·
1337 884 1465 919 scilicet
1479 885 1574 931 quod
1589 898 1665 933 pre-

168 942 285 977 dietus
304 942 512 978 Alexander
527 948 562 978 et
580 941 728 978 heredes
746 942 797 977 sui
814 940 839 976 fi
856 953 945 989 quos
962 941 1126 977 habuerit
1145 941 1188 977 de
1207 941 1328 989 sponsa
1345 941 1406 977 sua
1424 961 1432 969 ·
1448 942 1577 978 scilicet
1594 943 1666 978 filia

166 1000 260 1035 bone
278 1000 449 1035 memorie
466 1000 595 1035 nobilis
608 1000 677 1035 viri
691 1000 827 1035 domini
842 998 1011 1047 Freskyni
1026 1000 1070 1035 de
1088 999 1223 1034 Kerdal
1239 1019 1247 1027 -
1267 1000 1440 1035 tenebunt
1454 1001 1498 1035 ad
1513 1000 1665 1036 feodifir-

167 1070 261 1092 mam
289 1057 333 1093 de
359 1058 523 1106 predicto
550 1058 705 1106 capitulo
729 1057 912 1092 dimidiam
937 1057 1133 1092 dauacham
1157 1063 1251 1092 terre
1278 1071 1383 1104 quam
1411 1058 1542 1094 habent
1571 1060 1665 1107 apud

168 1115 313 1150 Deveth
332 1120 367 1150 et
384 1116 622 1163 pertinentem
641 1116 685 1150 ad
705 1113 883 1151 ecclesiam
902 1115 1058 1163 ejusdem
1075 1115 1145 1150 loci
1164 1134 1172 1142 ·
1201 1116 1386 1151 reddendo
1404 1116 1488 1152 inde
1502 1118 1665 1165 predi&o

168 1173 323 1221 capitulo
346 1173 391 1208 ad
415 1186 642 1208 communam
664 1173 759 1208 suam
777 1172 921 1220 singulis
939 1173 1041 1208 annis
1063 1173 1150 1208 duas
1171 1186 1307 1208 marcas
1324 1187 1390 1221 pro
1409 1175 1505 1209 omni
1526 1175 1666 1211 servitio

167 1237 202 1265 et
222 1230 398 1266 demanda
416 1231 460 1266 ad
478 1231 681 1279 predictum
701 1230 894 1278 capitulum
913 1230 1174 1278 pertinentibus
1193 1250 1201 1258 ·
1230 1231 1455 1266 medietatem
1475 1232 1603 1268 scilicet
1621 1234 1666 1268 ad

168 1287 399 1323 Pentecosten
418 1294 455 1324 et
473 1288 577 1323 aliam
596 1288 823 1324 medietatem
841 1288 885 1323 ad
904 1287 1028 1323 festum
1048 1288 1170 1324 Sandffi
1189 1289 1336 1325 martini
1354 1289 1390 1323 in
1410 1289 1535 1337 hyeme
1549 1291 1666 1338 proxi-

167 1359 225 1381 mo
242 1346 388 1393 sequens
401 1366 408 1374 ·
431 1346 593 1381 faciendo
612 1346 823 1381 forinsecum
842 1346 1021 1381 servitium
1036 1346 1081 1381 ad
1095 1346 1293 1394 predifflfflm
1309 1353 1439 1382 terram
1459 1348 1641 1395 pertinens
1657 1368 1664 1375 -

168 1403 485 1451 Quotienscunque
512 1409 638 1439 contra
662 1404 860 1451 predictam
886 1404 1163 1439 conventionem
1182 1404 1226 1439 ab
1244 1404 1417 1439 alterutro
1439 1418 1565 1440 eorum
1583 1420 1666 1442 ven-

166 1467 243 1496 tum
261 1461 369 1496 suerit
387 1461 660 1497 contraveniens
678 1461 775 1497 dabit
793 1462 939 1497 nomine
954 1474 1044 1509 pene
1059 1462 1104 1496 ad
1117 1462 1285 1496 fabricam
1300 1461 1441 1497 ecclesie
1456 1464 1666 1499 cathedralis

168 1532 237 1553 ·xx·
257 1519 386 1554 solidos
405 1538 413 1547 ·
438 1524 605 1554 manente
623 1519 876 1554 nichilominus
894 1519 1019 1554 eadem
1038 1519 1277 1554 conventione
1301 1525 1337 1554 et
1360 1527 1534 1568 perpetuo
1553 1521 1666 1557 obser-

166 1577 284 1611 vanda
302 1596 310 1604 ·
340 1577 385 1612 In
403 1576 648 1624 premissorum
668 1582 788 1612 autem
806 1577 950 1612 firmum
969 1583 1004 1612 et
1022 1576 1255 1612 indubitabile
1274 1576 1513 1612 testimonium
1528 1579 1559 1613 ei
1574 1580 1666 1626 parti

166 1633 270 1680 hujus
288 1634 459 1681 scripture
476 1634 514 1669 in
532 1634 680 1669 modum
699 1635 911 1682 cyrographi
929 1634 1093 1670 confe&e
1111 1647 1180 1681 que
1203 1647 1312 1682 penes
1337 1635 1540 1682 predictum
1567 1637 1666 1672 nobi-

165 1692 233 1726 lem
263 1692 381 1726 virum
409 1691 660 1727 Alexandrum
689 1692 887 1727 remanebit
915 1705 988 1727 una
1011 1705 1091 1727 cum
1116 1690 1227 1739 figillo
1250 1692 1387 1727 domini
1406 1692 1555 1729 Andree
1583 1695 1665 1742 epis-

166 1749 243 1797 copi
259 1747 488 1785 moraviensis
505 1749 698 1797 appensum
717 1749 765 1785 est
781 1748 932 1797 sigillum
952 1750 1098 1798 capituli
1117 1748 1347 1786 moraviensis
1366 1769 1374 1777 ·
1395 1763 1476 1785 cum
1500 1751 1665 1800 subscrip-

117 1824 120 1827 *
164 1806 320 1842 tionibus
350 1807 606 1842 canonicorum
638 1834 646 1842 .
683 1807 736 1842 illi
760 1821 846 1843 vero
869 1808 962 1855 parti
988 1820 1057 1855 que
1080 1820 1189 1855 penes
1215 1807 1411 1855 capitulum
1442 1809 1664 1845 moraviense

165 1864 360 1900 remanebit
385 1877 458 1899 una
483 1877 565 1900 cum
591 1863 703 1912 sigillo
730 1865 859 1901 nobilis
876 1865 944 1900 viri
968 1865 1104 1901 domini
1123 1865 1274 1901 Walteri
1293 1865 1436 1914 Cumyn
1456 1867 1594 1902 comitis
1619 1869 1662 1903 de
1711 1868 1713 1870 ’

165 1922 355 1970 mynetehc
381 1922 572 1970 appensum
591 1922 639 1958 est
656 1921 806 1970 sigillum
826 1923 1066 1971 prenominati
1083 1923 1213 1959 nobilis
1226 1923 1294 1958 viri
1311 1923 1447 1959 domini
1463 1924 1660 1960 Alexandri

165 1980 207 2015 de
227 1979 407 2027 Striuelyn
431 1993 511 2015 cum
538 1993 663 2015 eorum
686 1980 886 2016 testimonio
913 1981 972 2028 qui
998 1981 1239 2017 interfuerunt
1267 2001 1275 2009 ·
1305 1981 1435 2017 scilicet
1453 1982 1588 2017 domini
1608 1983 1659 2018 ·F-

164 2037 301 2072 comitis
320 2037 363 2072 de
384 2037 474 2072 Roff
488 2057 496 2065 ·
524 2043 560 2073 et
583 2038 720 2073 domini
738 2040 801 2074 ·m·
821 2038 865 2074 de
885 2038 975 2074 Alto
1000 2044 1119 2076 coonte
1142 2039 1360 2074 vicecomitis
1385 2039 1428 2075 de
1454 2039 1631 2088 Inuernys
1651 2060 1659 2068 ·

167 2094 335 2130 Willelmi
353 2095 473 2131 Prath'
491 2114 499 2122 ·
527 2095 663 2130 domini
683 2095 883 2131 Alexandri
902 2096 1001 2131 Ruffi
1020 2116 1028 2124 ·
1053 2096 1189 2132 domini
1208 2097 1444 2144 merlesueyni
1464 2116 1473 2125 ·
1493 2097 1523 2133 F
1524 2099 1660 2133 ercardi

165 2152 338 2188 senescalli
357 2152 400 2188 de
420 2152 610 2188 Badenach
630 2172 638 2180 ·
668 2153 838 2189 Edwardi
855 2154 1030 2190 senescalli
1049 2155 1093 2190 de
1112 2154 1302 2202 Lochabyr
1320 2174 1328 2182 ·
1347 2154 1522 2191 Johannis
1546 2161 1581 2190 et
1598 2155 1659 2191 Jo-

166 2209 290 2245 hannis
308 2210 519 2245 clericorum
536 2210 699 2258 Episcopi
715 2230 723 2239 ·
739 2217 773 2246 et
787 2211 939 2247 aliorum
952 2232 960 2240 ·
982 2212 1120 2248 Aetum
1139 2225 1234 2247 anno
1252 2212 1365 2259 gratie
1384 2212 1656 2259 ·m⁰·cc⁰·xxxiiij-
