2060 2660
409 179 481 218 ‘272
801 176 1117 214 REGISTRUM
1146 176 1511 213 MORAVIENSE.

411 280 580 322 tanquam
606 275 799 325 Episcopus
818 282 853 313 et
871 277 1065 313 canonicus
1083 276 1127 311 ad
1147 275 1349 324 hujusmodi
1372 276 1474 310 aetus
1496 280 1532 310 et
1554 275 1697 311 decreta
1723 276 1829 312 debet
1851 290 1914 326 per

411 331 580 368 bidellum
601 335 813 370 canonicum
833 341 895 370 aut
913 334 1136 383 capellanum
1156 332 1354 381 premuniri
1373 332 1445 380 ipso
1464 331 1625 380 presente
1644 333 1681 368 in
1700 334 1836 370 diocese
1854 334 1914 370 sub

413 403 504 437 pena
521 390 694 427 nullitatis
712 391 791 427 talis
809 392 881 428 36ὶὶ
900 392 958 427 seu
977 391 1111 427 decreti
1130 391 1168 424 in
1186 389 1388 437 hujusmodi
1405 389 1573 436 gravibus
1591 389 1699 426 causis
1718 391 1779 427 lati
1796 411 1804 419 ·

413 506 609 542 Decretum
634 507 776 555 insuper
799 507 895 554 quod
919 505 1069 553 figillum
1093 514 1284 540 commune
1303 516 1383 539 cum
1403 504 1557 552 registris
1574 504 1716 542 ecclefie
1735 514 1915 555 ponantur

411 563 471 599 sub
493 564 596 600 firma
622 564 779 600 custodia
805 565 840 599 in
866 563 1022 599 custodia
1046 563 1158 598 serata
1182 561 1438 597 canonicorum
1457 563 1624 599 videlicet
1642 563 1855 600 Cancellarii
1881 571 1915 600 et

412 621 639 657 Thesaurarii
657 622 851 657 secundum
869 621 1021 656 sormam
1040 619 1252 655 statutorum
1271 619 1417 667 capituli
1437 639 1445 647 ·

611 679 793 715 Robertus
817 678 1050 715 cancellarius
1070 696 1078 705 ·
1104 676 1307 712 willelmus
1334 676 1565 725 Wynchestre
1592 677 1812 715 subdecanus
1835 693 1916 728 pro-

609 737 835 773 thonotarius
854 756 861 764 ·
889 735 1101 771 Alexander
1121 734 1338 770 Sutherland
1356 735 1400 770 de
1420 735 1575 771 Duffous
1595 756 1602 764 -
1628 736 1812 773 Johannes
1832 737 1915 786 Hay

609 795 864 843 prebendarius
889 794 932 829 de
960 792 1114 828 Dutholl
1142 792 1263 828 re6t0r
1290 793 1334 828 de
1362 792 1529 841 Kynnoir
1548 813 1556 822 ·
1590 794 1785 830 Ancelmus
1811 808 1915 830 cano-

610 853 710 888 nicus
729 851 982 888 commissarius
997 870 1005 878 ·

413 969 609 1004 Decretum
636 967 684 1003 est
710 968 852 1016 insuper
878 967 975 1014 quod
997 965 1124 1014 finguli
1148 967 1312 1003 canonici
1335 966 1541 1003 construant
1566 973 1602 1003 et
1626 974 1793 1016 reparent
1821 969 1916 1004 cimi-

412 1026 541 1061 terium
561 1024 702 1061 ecclefie
721 1025 866 1061 cuilibet
884 1038 950 1073 pro
969 1030 1070 1073 parte
1089 1024 1260 1073 deputata
1277 1030 1313 1061 et
1331 1025 1526 1072 antiquitus
1544 1023 1713 1073 assignata
1732 1045 1740 1053 ·
1763 1032 1799 1061 et
1819 1027 1914 1073 quod

411 1084 455 1119 ad
474 1084 541 1118 hoc
560 1083 821 1131 compellantur
840 1088 876 1118 et
890 1082 1130 1130 astringantur
1142 1102 1151 1111 ·
1166 1088 1203 1118 et
1219 1082 1377 1119 fimiliter
1394 1083 1500 1118 faciat
1517 1083 1737 1119 reverendus
1751 1084 1916 1119 dominus

412 1141 604 1189 Episcopus
622 1141 659 1176 in
678 1141 840 1177 domibus
858 1140 1109 1176 communibus
1127 1141 1320 1177 utilitatem
1339 1139 1480 1177 ecclesie
1500 1145 1535 1176 et
1554 1140 1635 1176 usus
1656 1141 1817 1189 publicos
1833 1155 1915 1177 con-

411 1198 638 1234 cernentibus
657 1212 699 1234 ex
719 1204 819 1247 parte
838 1198 1050 1234 occidentali
1070 1198 1158 1234 dicti
1176 1198 1341 1235 cimiterii
1359 1199 1404 1234 ad
1423 1198 1599 1235 orientem
1619 1219 1627 1226 ·
