2060 2660
547 175 654 212 REG
660 175 864 213 ISTRUM
892 177 1252 216 MORAVIENSE.
1567 187 1638 219 ί283

150 331 299 367 Dotatio
317 331 592 379 capellaniarum
612 331 735 367 Sane‘ci
753 332 894 368 Nicolai
913 338 948 368 et
967 333 1098 370 San&e
1117 334 1243 371 Crucis
1259 355 1267 363 ·

52 444 117 476 ⁰221
149 444 326 481 Omnibus
345 445 473 482 Christi
491 446 654 482 fidelibus
672 447 740 482 hoc
764 447 930 494 scriptum
949 448 1072 483 visuris
1090 449 1146 484 vel
1165 450 1338 485 audituris
1359 450 1469 498 Hugo
1490 451 1636 487 Herock

148 501 327 551 burgensis
351 504 395 539 de
414 503 521 551 Elgin
540 504 687 540 salutem
706 505 743 539 in
762 504 924 540 Domino
944 524 951 533 ·
980 505 1134 542 Noverit
1154 506 1360 543 universitas
1382 508 1493 543 vestra
1518 522 1573 544 me
1600 509 1637 544 in

148 560 241 596 bona
259 561 490 609 prosperitate
509 561 739 597 constitutum
759 582 767 590 ·
796 563 840 598 de
859 563 1026 598 consensu
1045 569 1081 599 et
1098 564 1283 600 voluntate
1301 568 1502 613 margarete
1520 566 1639 601 uxoris

148 631 225 654 mee
239 638 247 646 ·
266 619 386 654 divine
404 620 559 655 caritatis
577 620 711 655 intuitu
725 640 733 648 ·
749 626 784 656 et
801 633 867 668 pro
886 620 996 656 salute
1015 622 1131 657 anime
1150 635 1227 658 mee
1246 628 1281 658 et
1298 623 1415 658 anime
1434 623 1528 658 diste
1547 626 1641 660 mar.

147 676 259 723 garite
272 695 280 704 ·
300 682 335 712 et
353 690 418 725 pro
437 676 547 712 salute
565 678 763 713 animarum
783 683 970 726 parentum
991 684 1026 714 et
1044 679 1238 715 liberorum
1257 680 1456 716 nostrorum
1472 700 1480 708 ·
1499 693 1640 716 necnon

148 738 183 769 et
200 733 395 782 specialiter
412 748 478 783 pro
498 735 607 771 salute
625 735 743 771 anime
759 735 959 771 Alexandri
977 737 1074 772 tertii
1091 737 1232 773 illustris
1248 737 1357 785 Regis
1376 738 1492 773 Scotie
1504 757 1512 765 ·
1529 744 1563 773 et
1576 751 1640 785 pro

147 791 256 827 salute
283 792 495 828 venerabilis
521 793 630 841 patris
654 793 791 829 domini
819 793 1040 829 Archebaldi
1065 794 1136 830 Dei
1163 795 1278 842 gratia
1303 794 1531 831 moraviensis
1559 796 1641 843 epis-

147 849 226 897 copi
245 854 281 885 et
299 850 460 885 omnium
479 850 711 886 successorum
730 851 872 887 suorum
893 851 1138 899 episcoporum
1156 851 1430 889 moraviensium
1449 872 1458 880 ·
1487 853 1612 888 dedifl'e
1632 872 1639 880 ·

147 905 343 943 conceffiffe
366 913 403 943 et
427 908 492 944 hac
521 909 674 956 presenti
703 915 799 944 carta
822 922 902 944 mea
925 909 1144 945 confirmasse
1170 910 1208 945 in
1230 923 1356 958 puram
1378 916 1413 945 et
1435 916 1639 958 perpetuam

149 964 373 1001 elemosinam
388 966 432 1002 de
450 980 507 1002 me
522 972 558 1002 et
575 967 764 1002 heredibus
778 967 865 1002 meis
880 967 962 1002 Deo
977 972 1013 1003 et
1026 968 1128 1003 beate
1140 968 1253 1004 marie
1268 974 1303 1003 et
1315 967 1492 1003 Omnibus
1507 968 1642 1004 Sanctis

147 1036 289 1059 necnon
313 1029 349 1060 et
371 1023 511 1060 ecclefie
530 1024 659 1060 Sancte
678 1024 867 1060 Trinitatis
885 1025 929 1060 de
949 1025 1057 1072 Elgin
1075 1030 1111 1060 et
1129 1026 1290 1073 predicto
1311 1025 1539 1061 Archebaldo
1561 1026 1643 1074 epis-

146 1094 237 1129 copo
269 1081 483 1118 moraviensi
512 1081 572 1117 fibi
603 1082 804 1118 successuris
839 1088 875 1117 et
906 1082 1056 1118 Decano
1093 1088 1129 1118 et
1164 1082 1321 1131 capitulo
1352 1082 1493 1119 ecclesie
1515 1085 1641 1119 Sancte

147 1139 335 1174 Trinitatis
354 1159 362 1167 ·
381 1145 494 1175 totam
508 1145 640 1175 terram
660 1153 774 1175 meam
795 1140 838 1175 de
858 1140 1051 1187 Daldeleyt
1066 1153 1128 1188 per
1145 1146 1258 1176 rectas
1276 1140 1400 1176 divisas
1417 1140 1493 1176 suas
1511 1147 1640 1176 etcum

147 1197 312 1232 omnibus
335 1197 557 1244 pertinentiis
581 1197 649 1232 suis
667 1198 704 1232 in
722 1197 826 1232 bosco
845 1203 881 1232 et
898 1197 1007 1245 plano
1027 1217 1035 1225 ·
1054 1198 1092 1232 in
1110 1198 1219 1245 pratis
1242 1203 1277 1233 et
1300 1198 1433 1245 pascuis
1452 1217 1460 1225 ·
1480 1199 1516 1233 in
1535 1199 1643 1234 moris

147 1259 182 1289 et
206 1253 357 1290 marefiis
376 1274 384 1282 ·
409 1255 447 1290 in
465 1255 564 1302 aquis
582 1255 735 1303 piscariis
754 1260 790 1290 et
807 1255 1022 1290 molendinis
1041 1274 1049 1282 ·
1070 1255 1234 1290 omnibus
1251 1255 1327 1290 aliis
1345 1255 1615 1291 rectitudinibus
1635 1276 1642 1283 ·

141 1312 282 1360 juribus
301 1317 336 1347 et
354 1311 574 1360 ayfiamentis
593 1312 638 1347 ad
657 1313 787 1348 dictam
806 1318 938 1348 terram
956 1312 1216 1360 pertinentibus
1234 1312 1291 1348 vel
1311 1313 1354 1348 de
1373 1312 1456 1360 jure
1480 1313 1516 1348 in
1535 1313 1644 1361 poste-

146 1382 227 1405 rum
241 1370 420 1417 pertinere
434 1370 649 1405 valentibus·
665 1370 710 1405 ad
721 1370 1008 1405 sustentationem
1023 1370 1177 1405 duorum
1193 1370 1457 1418 capellanorum
1472 1377 1644 1418 perpetuo

146 1440 212 1475 pro
238 1427 421 1462 animabus
448 1427 574 1463 nostris
601 1433 636 1463 et
662 1441 728 1476 pro
747 1427 931 1463 animabus
958 1428 1118 1463 omnium
1145 1427 1305 1463 fidelium
1325 1427 1574 1463 defunctorum
1595 1429 1644 1463 di-

146 1484 230 1519 vina
243 1485 548 1520 celebraturorum
560 1504 568 1513 ·
589 1485 646 1521 Ita
659 1485 790 1521 scilicet
804 1490 844 1520 ut
858 1498 951 1520 unus
967 1490 1131 1520 teneatur
1145 1490 1319 1533 perpetuo
1333 1485 1452 1520 divina
1466 1485 1643 1520 celebrare

148 1542 193 1577 ad
211 1542 321 1578 altare
340 1543 459 1578 Sancti
484 1543 650 1578 Nicholai
673 1543 711 1578 in
736 1541 878 1579 ecclefia
901 1543 1031 1578 San&e
1051 1542 1237 1578 Trinitatis
1256 1543 1299 1578 de
1320 1542 1438 1590 Elgyn
1457 1562 1464 1570 ·
1493 1548 1528 1577 et
1554 1543 1643 1578 alter

148 1599 192 1635 ad
210 1600 321 1635 altare
341 1600 471 1635 San6'oe
490 1600 616 1636 Crucis
639 1601 676 1635 in
699 1599 841 1636 ecclefia
862 1600 1054 1648 parochiali
1078 1600 1121 1635 de
1142 1600 1250 1648 Elgin
1270 1619 1278 1627 -
1305 1600 1364 1636 ille
1387 1613 1472 1635 vero
1497 1600 1644 1648 capella-

147 1670 214 1693 nus
232 1658 292 1705 qui
310 1670 375 1706 pro
394 1663 555 1706 tempore
573 1658 816 1693 celebraturus
841 1657 889 1693 est
910 1658 1031 1692 divina
1048 1657 1093 1692 ad
1111 1658 1222 1693 altare
1247 1657 1369 1693 83ηᾶὶὶ
1387 1657 1551 1692 Nicholai
1577 1657 1643 1692 erit

146 1715 184 1750 in
201 1715 366 1750 omnibus
384 1720 419 1751 et
436 1714 580 1763 fingulis
598 1715 765 1751 obediens
785 1716 934 1750 Decano
954 1721 989 1750 et
1007 1714 1165 1763 capitulo
1184 1713 1271 1749 ficut
1289 1720 1325 1750 et
1343 1715 1451 1750 ceteri
1469 1714 1641 1762 capellani

146 1773 206 1821 qui
223 1773 261 1808 in
279 1773 422 1821 capellis
444 1773 540 1808 diGte
563 1772 704 1808 ecclesie
724 1773 854 1809 Sanmite
874 1773 1061 1808 Trinitatis
1079 1772 1298 1807 celebrantes
1321 1772 1418 1807 disto
1438 1772 1587 1808 Decano
1606 1778 1640 1807 et

123 1826 126 1828 ⁵
146 1830 301 1879 capitulo
323 1836 493 1866 tenentur
520 1830 664 1866 obedire
691 1836 727 1866 et
754 1830 977 1877 adquiescere
997 1850 1005 1858 ·
1034 1829 1175 1872 Quibus
1193 1829 1332 1864 duobus
1351 1829 1539 1878 capellanis
1557 1830 1639 1864 volo

145 1894 181 1924 et
209 1888 368 1924 concedo
395 1893 437 1924 ut
465 1888 508 1924 de
538 1888 641 1923 firma
669 1888 828 1936 predffike
857 1894 951 1923 terre
979 1901 1042 1936 per
1070 1887 1269 1935 episcopum
1297 1886 1554 1923 moraviensem
1580 1889 1640 1933 qui

143 1959 209 1994 pro
236 1952 397 1994 tempore
422 1946 530 1982 suerit
557 1952 592 1981 et
616 1946 788 1981 decanum
818 1951 853 1981 et
879 1945 1074 1993 capitulum
1098 1943 1237 1980 ecclefie
1262 1944 1473 1980 cathedralis
1497 1943 1639 1991 singulis

143 2004 244 2039 annis
265 2004 311 2039 ad
338 2004 427 2039 duos
453 2004 626 2039 terminos
646 2003 869 2039 Pentecostes
892 2003 1059 2038 videlicet
1086 2007 1121 2038 et
1148 2002 1271 2038 Samffi
1294 2002 1441 2038 martini
1458 2002 1496 2036 in
1513 2001 1637 2049 hyeme

143 2074 208 2109 pro
226 2061 357 2097 salariis
375 2062 573 2097 eorundem
592 2061 859 2109 capellanorum
883 2066 918 2096 et
942 2059 1191 2096 sustentatione
1218 2059 1406 2095 duodecim
1424 2072 1541 2094 marce
1559 2058 1637 2093 ster-

142 2118 321 2166 lingorum
341 2119 585 2154 ministrentur
604 2138 612 2146 ·
640 2118 698 2154 sex
715 2118 882 2154 videlicet
898 2118 962 2153 uni
981 2137 989 2146 ·
1010 2123 1045 2153 et
1063 2117 1121 2153 sex
1139 2117 1240 2153 alteri
1259 2136 1267 2144 ·
1297 2116 1332 2152 Si
1350 2130 1435 2152 vero
1454 2116 1635 2162 contingat

142 2177 237 2223 quod
264 2177 367 2212 firma
394 2177 489 2212 diste
516 2183 611 2212 terre
637 2176 834 2224 predifflfflm
857 2176 1026 2211 summam
1053 2175 1241 2210 duodecim
1268 2187 1464 2209 marcarum
1491 2173 1635 2208 excedat

142 2234 224 2269 volo
249 2240 289 2269 ut
316 2241 489 2281 quantum
517 2234 698 2269 excesserit
725 2234 768 2269 de
797 2234 917 2269 eadem
944 2234 981 2268 in
1003 2233 1102 2268 usum
1122 2233 1301 2267 di6torum
1321 2231 1482 2266 altarium
1501 2229 1634 2277 quoad
