2060 2660
339 158 409 197 174⁴
727 155 1044 194 REGISTRUM
1073 154 1439 193 MORAVIENSE.

331 253 423 302 juste
449 253 592 290 forsitan
619 255 851 304 procefl'eritis
876 275 884 284 ·
912 256 1008 303 quod
1030 263 1150 291 tamen
1173 255 1288 291 facere
1306 267 1381 289 non
1400 252 1565 289 debuistis
1582 252 1660 301 ipsis
1677 253 1835 302 legitime

336 324 411 347 non
429 312 563 348 vocatis
582 332 590 341 ·
615 313 715 348 vobis
733 313 887 361 ipsorum
907 320 943 349 et
960 313 1208 362 procuratorio
1227 311 1372 347 nomine
1390 324 1456 358 pro
1474 312 1745 359 recuperatione
1763 313 1837 361 pos-

336 367 488 405 seffionis
505 370 660 419 ejusdem
687 376 723 406 et
749 371 1043 419 interrumpenda
1068 369 1321 418 prescriptione
1340 367 1486 402 annuali
1503 369 1706 405 cautionem
1725 370 1836 406 offero

337 432 372 463 et
396 427 470 463 sum
495 427 647 476 prestare
665 434 807 476 paratus
826 429 870 463 de
888 428 1010 463 stando
1022 427 1098 475 juri
1116 432 1151 462 et
1169 439 1210 462 ea
1227 426 1343 461 facere
1361 437 1430 472 que
1450 425 1494 461 de
1505 425 1590 474 jure
1608 440 1673 474 pro
1692 441 1836 474 recupe—

335 486 474 521 ratione
493 484 705 534 poffessionis
723 485 878 534 ejusdem
896 485 1028 520 habent
1046 484 1123 519 fieri
1137 484 1173 518 in
1189 484 1256 518 hoc
1271 483 1350 518 casu
1366 502 1373 510 ·
1394 483 1430 518 Si
1445 496 1531 519 vero
1549 484 1594 519 ad
1613 484 1835 521 diffinitivam

335 543 544 579 sententiam
563 557 627 592 per
644 557 708 580 vos
726 542 868 578 forsitan
886 541 926 577 fit
943 542 1140 590 processum
1160 560 1168 568 ·
1188 541 1285 588 quod
1304 540 1388 576 effet
1405 541 1485 576 satis
1502 541 1693 578 absurdum
1711 544 1835 579 audire

335 614 416 636 cum
443 607 569 638 contra
594 601 789 636 inauditam
817 605 953 647 partem
978 599 1087 634 nichil
1113 598 1276 646 poteritis
1294 597 1447 634 diffinire
1467 618 1475 626 ·
1503 599 1745 648 sententiaque
1763 601 1835 650 ipso

328 659 412 707 jure
430 672 504 695 non
528 664 649 695 teneat
673 671 752 694 cum
772 657 949 693 citationis
967 656 1127 692 edi&um
1144 656 1190 691 ad
1208 656 1319 704 partis
1336 656 1501 692 notitiam
1519 670 1592 692 non
1613 658 1758 694 devenit
1772 678 1780 687 ·
1801 665 1836 695 et

334 718 494 764 quamvis
519 717 589 765 ipsa
612 716 784 752 sententia
805 715 877 763 ipso
890 714 973 763 jure
991 714 1133 762 penitus
1151 712 1191 749 fit
1208 713 1309 749 nulla
1331 733 1339 742 ·
1364 714 1408 749 ab
1426 728 1468 750 ea
1485 720 1606 750 tamen
1625 728 1782 763 provoco
1800 723 1836 752 et

334 775 475 823 appello
494 775 531 810 in
550 775 615 810 hiis
633 774 767 822 scriptis
785 793 793 801 ·
813 778 937 821 petens
955 771 1130 820 apostolos
1151 770 1322 807 instanter
1339 771 1524 808 instantius
1543 778 1578 808 et
1595 773 1834 810 instantissime

335 831 421 868 sicut
438 833 540 881 supra
559 852 567 860 ·
587 846 675 880 quos
693 830 717 866 fi
735 830 995 878 denegaveritis
1013 830 1143 865 iterum
1162 842 1320 877 provoco
1339 835 1375 865 et
1393 828 1533 878 appello
1550 836 1592 866 ut
1605 831 1708 879 supra
1727 851 1735 860 ·
1754 845 1834 880 pro-

334 890 461 926 testans
488 904 531 926 ex
557 890 777 925 habundanti
796 889 941 923 nomine
959 887 1112 935 ipsorum
1134 887 1285 923 Abbatis
1303 893 1338 923 et
1356 894 1555 923 conventus
1572 889 1667 935 quod
1687 896 1834 938 propter

333 947 430 983 istam
448 947 721 996 appellationem
744 959 817 981 non
836 945 1029 981 intendunt
1047 945 1215 981 recedere
1233 945 1276 980 ab
1295 945 1371 981 aliis
1389 946 1685 994 appellationibus
1703 960 1766 995 per
1784 948 1833 996 ip-

334 1005 386 1041 sos
404 1007 502 1054 prius
519 1003 730 1053 interpositis
748 1004 805 1039 sed
825 1003 952 1039 eisdem
972 1003 1077 1038 inniti
1096 1009 1132 1038 et
1150 1016 1213 1051 per
1231 1016 1289 1039 eas
1307 1017 1388 1039 cum
1408 1017 1497 1052 opus
1515 1004 1622 1040 fuerit
1640 1005 1834 1041 intendunt

332 1063 365 1098 se
378 1063 506 1111 juvare
526 1083 534 1091 ·
597 1062 677 1098 Post
699 1062 799 1110 cujus
822 1061 964 1109 quidem
985 1061 1110 1097 cedule
1128 1061 1305 1097 lefimram
1322 1062 1374 1097 sui
1393 1075 1456 1110 per
1474 1062 1627 1098 eundem
1647 1062 1833 1099 dominum

333 1120 518 1156 Andream
544 1126 810 1168 procuratorem
836 1119 1040 1167 predifitum
1063 1132 1146 1155 cum
1170 1119 1355 1167 diligentia
1375 1118 1559 1167 requisitus
1578 1126 1618 1155 ut
1635 1120 1738 1168 super
1756 1134 1833 1169 pre-

333 1178 459 1226 scripta
486 1178 723 1226 appellatione
747 1176 806 1212 fibi
834 1177 987 1212 facerem
1005 1177 1186 1225 publicum
1207 1176 1481 1213 instrumentum
1500 1183 1536 1213 et
1553 1178 1660 1226 ipsam
1680 1179 1833 1227 appella-

332 1236 465 1271 tionem
483 1235 527 1271 fic
545 1234 785 1283 interpositam
799 1235 836 1270 in
851 1234 1028 1283 publicam
1043 1235 1194 1270 formam
1209 1235 1410 1283 redigerem
1424 1241 1460 1271 et
1474 1236 1623 1271 eandem
1639 1234 1737 1283 signo
1752 1250 1831 1273 meo

331 1293 499 1329 consueto
517 1292 689 1341 signarem
709 1313 716 1320 -
745 1293 812 1328 suis
836 1299 957 1328 tamen
983 1293 1178 1341 sumptibus
1205 1299 1241 1329 et
1267 1292 1425 1342 expensis
1444 1313 1452 1321 ·
1482 1293 1580 1329 A&a
1607 1294 1701 1330 1ρᾶὶῆ
1724 1295 1831 1331 inter-

331 1350 439 1399 posita
466 1358 502 1387 et
528 1351 706 1399 publicata
727 1351 795 1386 fuit
819 1351 884 1387 hec
912 1351 1103 1399 appellatio
1130 1352 1168 1386 in
1194 1350 1337 1387 ecclesia
1359 1351 1553 1387 cathedrali
1573 1352 1616 1388 de
1636 1352 1776 1401 Elgyne
1795 1353 1830 1388 in

331 1409 493 1445 moravia
522 1410 583 1445 sub
611 1423 706 1445 anno
736 1409 793 1445 die
821 1409 939 1445 mense
967 1409 1166 1445 indic'tione
1192 1415 1228 1445 et
1254 1409 1464 1458 pontificatu
1487 1411 1683 1458 prenotatis
1715 1429 1723 1438 ·
1754 1424 1831 1459 pre-

331 1467 484 1502 sentibus
510 1467 771 1502 venerabilibus
796 1473 832 1502 et
856 1467 1013 1503 discretis
1038 1467 1123 1503 viris
1147 1467 1313 1515 magistro
1339 1467 1522 1503 Willelmo
1549 1468 1593 1503 de
1619 1468 1831 1504 Chesholme

332 1525 548 1560 thesaurario
563 1524 776 1561 moraviensi
794 1545 802 1553 ·
823 1526 970 1560 domino
984 1525 1150 1562 Johanne
1169 1525 1249 1561 Bell
1267 1526 1409 1561 reffwre
1428 1525 1569 1561 ecclesie
1588 1526 1632 1561 de
1653 1526 1831 1574 Kyngorn

334 1582 455 1617 Sancti
476 1583 623 1618 Andree
642 1582 784 1619 diocesis
800 1603 808 1610 ·
828 1583 982 1619 dominis
999 1583 1166 1620 Johanne
1185 1583 1229 1618 de
1248 1583 1412 1618 Flandris
1431 1602 1439 1611 ·
1455 1583 1622 1620 Johanne
1641 1584 1684 1619 de
1700 1584 1831 1620 Tarres

333 1639 523 1687 capellanis
542 1659 550 1667 ·
572 1640 720 1676 Andrea
739 1641 783 1676 de
798 1641 827 1676 F
829 1641 953 1676 eltoun
973 1661 981 1669 ·
1005 1641 1039 1677 T
1042 1642 1148 1676 homa
1166 1640 1393 1689 Glaswrycht
1412 1661 1420 1669 -
1449 1641 1615 1678 Johanne
1635 1642 1830 1678 Aurifabro

334 1697 440 1745 laycis
456 1717 463 1725 ·
486 1703 520 1732 et
543 1698 702 1745 pluribus
719 1698 796 1733 aliis
819 1698 962 1734 testibus
988 1699 1033 1734 ad
1059 1699 1221 1747 premissa
1246 1699 1380 1735 vocatis
1406 1699 1601 1747 specialiter
1619 1704 1655 1735 et
1673 1700 1806 1748 rogatis
1821 1720 1829 1727 ·

334 1755 369 1789 in
388 1755 563 1803 presentia
581 1755 732 1790 Domini
750 1756 820 1791 mei
838 1756 1030 1804 supradifiti
1050 1776 1058 1785 ·

335 1813 383 1848 Et
401 1826 467 1860 ego
487 1813 686 1848 willelmus
706 1813 904 1861 Leweryke
923 1815 1071 1850 clericus
1090 1814 1335 1851 Brechinensis
1356 1814 1499 1851 diocesis
1518 1816 1679 1864 publicus
1697 1816 1831 1864 aposto-

335 1871 403 1906 lica
420 1877 456 1906 et
474 1871 647 1918 imperiali
665 1871 878 1907 unfitoritate
901 1873 1061 1908 notarius
1084 1873 1244 1921 premisse
1271 1873 1397 1909 cedule
1423 1874 1561 1909 lefihlre
1586 1887 1728 1909 necnon
1754 1887 1831 1922 pre-

335 1928 439 1964 sentis
453 1928 699 1976 appellationis
713 1928 967 1976 interpositioni
983 1937 1017 1965 et
1031 1931 1263 1978 publicationi
1281 1944 1353 1966 una
1370 1944 1452 1967 cum
1471 1932 1727 1980 prenominatis
1741 1932 1831 1968 testi-

336 1986 400 2021 bus
418 1986 558 2034 presens
576 1986 720 2021 interfui
739 1992 775 2021 et
791 1986 897 2034 ipsam
916 1988 1191 2034 appellationem
1210 1989 1248 2024 in
1265 1989 1356 2024 hanc
1373 1989 1523 2025 formam
1543 1989 1721 2037 publicam
1739 1990 1830 2026 redi-

335 2043 454 2092 gendo
469 2056 576 2078 manu
591 2056 669 2079 mea
683 2043 795 2092 scripsi
809 2050 844 2080 et
858 2045 959 2093 super
973 2046 1135 2094 predicta
1148 2047 1385 2095 appellatione
1401 2052 1437 2082 et
1455 2047 1632 2083 contentis
1650 2047 1687 2082 in
1705 2048 1828 2083 eadem

335 2102 403 2137 hoc
424 2100 696 2137 instrumentum
720 2102 900 2149 publicum
926 2103 969 2138 de
993 2103 1131 2151 speciali
1157 2103 1383 2152 requisitione
1410 2105 1497 2140 dicti
1524 2105 1659 2140 domini
1679 2104 1828 2141 Andree

335 2159 575 2207 procuratoris
589 2159 725 2195 confeci
740 2165 776 2195 et
789 2159 878 2194 illud
891 2158 988 2207 signo
1003 2174 1082 2196 meo
1101 2162 1270 2198 consueto
1287 2161 1419 2210 signavi
1437 2161 1621 2210 requisitus
1634 2168 1670 2199 et
1684 2168 1828 2211 rogatus

334 2217 371 2252 in
389 2216 495 2253 fidem
515 2222 551 2253 et
568 2216 805 2253 testimonium
824 2218 1067 2265 premissorum
1086 2237 1095 2246 ·
