1912 2660
160 1273 227 1304 ⁶251

263 133 336 169 326
613 133 719 170 REG
727 133 929 170 ISTRUM
959 132 1324 170 MORAVIENSE.

263 232 443 269 celebrare
455 252 464 261 ·
477 238 512 269 et
526 230 742 269 mansionem
754 233 860 268 habet
872 233 909 267 in
918 232 1001 268 villa
1015 233 1059 268 de
1073 232 1191 281 Elgyn
1204 252 1212 261 ·
1227 238 1268 268 ut
1279 237 1376 280 patet
1390 233 1426 267 in
1441 238 1539 268 carta
1550 233 1769 272 fundationis

263 290 321 326 sue
341 310 349 318 ·
367 290 458 326 Item
471 291 596 327 dicunt
613 291 709 338 quod
724 290 834 326 annui
848 290 1008 326 redditus
1019 290 1238 325 fundationis
1257 290 1353 325 dicte
1365 289 1561 338 capellanie
1578 291 1770 330 valuerunt

263 348 386 384 decem
398 348 503 384 libras
518 354 679 397 tempore
693 349 817 384 mortis
830 348 916 383 dicti
932 347 1101 383 Richardi
1115 347 1176 382 filii
1190 347 1367 384 Johannis
1380 365 1388 374 ·
1406 352 1441 383 et
1454 348 1563 383 modo
1575 349 1697 386 valent
1711 351 1769 387 sex

264 419 398 442 marcas
417 412 452 442 et
470 406 550 455 plus
569 426 577 434 ·
605 411 725 454 preter
744 406 831 441 duas
850 405 955 440 rodas
975 410 1068 439 terre
1086 404 1248 452 jacentes
1272 417 1316 439 ex
1340 410 1441 452 parte
1463 405 1603 441 australi
1621 407 1706 443 ville
1725 408 1768 445 de

264 463 383 511 Elgyn
401 464 496 500 inter
514 469 646 499 terram
660 462 836 500 ,Iohannis
855 462 899 497 de
915 462 1079 498 moravia
1098 474 1142 497 ex
1160 466 1260 510 parte
1280 462 1443 497 orientali
1463 468 1499 498 et
1525 468 1659 499 terram
1691 465 1769 501 Gil-

263 521 354 556 cristi
372 521 416 557 de
436 521 588 557 Camera
606 534 650 556 ex
668 525 767 569 parte
787 519 998 555 occidentali
1019 538 1026 546 ·
1046 532 1115 566 que
1133 519 1255 554 valent
1280 519 1388 555 modo
1407 532 1539 556 novem
1557 520 1686 558 solidos
1706 542 1714 551 ·
1734 529 1769 560 et

262 578 387 614 rodam
409 579 559 614 Henrici
577 578 665 613 fabri
680 591 748 625 que
767 577 869 613 solvit
887 581 1041 624 quatuor
1063 576 1191 612 solidos
1210 590 1273 625 per
1291 590 1426 613 annum
1446 597 1454 606 ·
1468 583 1503 613 et
1521 585 1641 627 preter
1659 594 1767 617 unam

262 636 387 671 rodam
405 636 581 673 Johannis
607 636 670 671 filii
690 635 861 683 Stephani
883 647 952 681 que
978 633 1081 669 solvit
1107 634 1298 670 duodecim
1325 634 1491 671 denarios
1518 649 1581 684 per
1604 650 1739 674 annum
1758 659 1766 667 ·

262 707 330 742 que
348 700 502 741 quatuor
526 694 614 729 rode
636 706 710 728 non
734 692 881 728 suerunt
905 705 950 727 cx
975 691 1167 739 conquestu
1187 693 1274 728 (1ὶᾶὶὶ
1295 692 1469 729 Richards
1495 706 1562 730 nec
1587 696 1768 742 pertinent

261 752 306 787 ad
325 752 472 787 heredes
490 750 593 800 ipsius
613 750 783 786 Richardi
803 769 811 778 ·
838 749 897 785 scd
915 749 1062 785 suerunt
1080 755 1116 786 et
1133 750 1214 786 sunt
1232 764 1277 786 ex
1295 751 1490 787 donatione
1508 752 1737 801 antiquorum
1758 774 1766 782 ·

263 810 354 846 Item
374 810 469 858 quod
491 809 657 845 Andreas
684 808 777 844 filius
805 807 961 856 Sythach
981 807 1087 843 debet
1113 808 1304 844 duodecim
1332 808 1498 845 denarios
1521 815 1583 846 aut
1600 823 1710 847 unam
1729 812 1768 847 li-

260 868 359 904 bram
374 881 453 904 cere
465 881 529 916 per
547 879 680 902 annum
702 886 709 894 ·
726 871 761 901 et
780 865 875 913 quod
893 865 1046 913 quedam
1065 865 1175 902 botha
1187 866 1262 915 jam
1282 866 1462 903 combusta
1480 866 1614 904 solebat
1632 869 1767 905 solvere

261 939 369 962 unam
390 931 527 974 petram
547 937 628 960 cere
647 924 745 960 dicto
764 923 866 959 altari
884 936 949 972 per
965 937 1101 960 annum
1122 944 1130 952 ·

263 1098 454 1147 Responsio
483 1097 653 1134 willelmi
682 1097 833 1146 episcopi
864 1096 1096 1135 moraviensis
1128 1099 1270 1134 cuidam
1299 1098 1501 1147 presentato
1528 1100 1573 1135 ad
1600 1100 1765 1136 vicariam

261 1158 304 1193 de
324 1157 456 1192 Duffus
475 1176 482 1184 ·

260 1272 461 1308 Willelmus
481 1272 705 1308 miseratione
725 1272 846 1308 divina
864 1272 1047 1320 episcopus
1061 1271 1293 1310 moraviensis
1312 1273 1576 1321 circumspefflsis
1595 1272 1680 1308 viris
1707 1273 1768 1309 do-

259 1331 356 1365 mino
376 1329 589 1366 Alexandro
609 1329 743 1365 Barbas
761 1329 946 1379 capellano
964 1330 1110 1367 salutem
1130 1330 1167 1365 in
1185 1330 1345 1366 Domino
1364 1349 1372 1359 ·
1394 1331 1492 1373 Quia
1509 1344 1530 1366 a
1548 1336 1709 1379 tempore
1724 1331 1768 1367 de

259 1388 359 1437 cujus
371 1388 472 1423 initio
485 1388 658 1423 memoria
675 1388 860 1423 hominum
874 1401 948 1423 non
962 1388 1076 1424 existit
1087 1388 1308 1424 venerabiles
1319 1394 1437 1437 patres
1451 1394 1486 1425 et
1494 1389 1587 1424 bone
1597 1389 1768 1424 memorie

258 1446 516 1495 predecessores
533 1445 640 1481 nostri
663 1446 911 1482 Archebaldus
931 1466 938 1474 ·
960 1446 1081 1482 David
1100 1466 1108 1475 ·
1127 1446 1151 1484 J
1154 1446 1312 1482 ohannes
1330 1452 1366 1482 et
1385 1446 1595 1482 Alexander
1613 1446 1765 1495 episcopi

261 1504 500 1541 moravienses
511 1503 695 1540 successivc
707 1510 914 1553 perpetuam
931 1505 1099 1540 vicariam
1113 1502 1254 1541 ecclesie
1269 1505 1313 1540 de
1328 1504 1460 1540 Duffus
1474 1504 1617 1553 quando
1633 1509 1668 1540 et
1683 1517 1769 1552 quo-

261 1562 352 1598 tiens
369 1562 507 1597 vacavit
532 1562 567 1597 in
587 1562 654 1598 suis
678 1562 899 1611 temporibus
922 1562 1155 1599 contulerunt
1175 1555 1318 1599 diversis
1336 1582 1345 1591 ·
1373 1563 1418 1599 de
1436 1562 1562 1610 quibus
1581 1561 1629 1598 est
1652 1562 1768 1597 adhuc

262 1632 386 1656 recens
405 1620 577 1655 memoria
596 1640 603 1647 ·
624 1620 755 1656 scilicet
773 1620 928 1656 dominis
946 1620 1040 1657 bone
1059 1621 1231 1656 memorie
1251 1620 1415 1656 Roberto
1434 1619 1561 1656 Noche
1582 1639 1590 1648 ·
1609 1619 1768 1657 Johanni

264 1677 417 1713 Hudson
437 1697 444 1705 ·
474 1677 614 1713 Thome
634 1677 756 1714 Boner
775 1697 783 1706 ·
809 1678 968 1715 Johanni
987 1679 1031 1714 de
1050 1678 1182 1714 Duffus
1202 1698 1210 1706 ·
1238 1678 1380 1714 Thome
1399 1678 1476 1714 Bur
1494 1682 1530 1713 et
1546 1677 1706 1715 Johanni
1723 1677 1767 1714 de

264 1734 366 1770 Arde
380 1755 387 1763 ·
396 1735 477 1783 jure
490 1735 550 1770 suo
566 1741 601 1770 et
616 1735 756 1772 ecclesie
772 1735 1004 1773 moraviensis
1016 1756 1024 1765 ·
1044 1736 1105 1772 soli
1118 1744 1154 1772 et
1168 1737 1203 1771 in
1216 1736 1366 1772 solidum
1379 1755 1386 1764 ·
1403 1735 1530 1783 absque
1542 1733 1767 1782 requisitione

263 1792 693 1841 cujuscunquesingularis
707 1794 869 1842 persone·
886 1794 1025 1843 collegij
1036 1814 1044 1822 ·
1053 1794 1110 1830 vel
1123 1794 1384 1843 presentatione
1396 1793 1538 1842 patroni
1552 1791 1767 1829 ecclesiastici

263 1851 321 1886 vel
340 1850 503 1886 secularis
522 1870 530 1878 ·
550 1856 586 1886 et
604 1851 787 1899 presertim
806 1852 1036 1888 dominorum
1055 1852 1201 1888 baronie
1220 1852 1264 1887 de
1293 1851 1422 1887 Duffus
1451 1870 1460 1879 ·
1486 1849 1617 1899 ipsique
1644 1863 1768 1886 omnes

264 1914 300 1945 et
317 1907 443 1956 singuli
471 1921 534 1957 per
553 1908 733 1957 episcopos
751 1910 992 1947 moravienses
1009 1909 1054 1946 fic
1065 1909 1193 1960 provisi
1210 1908 1452 1958 poffeffionem
1470 1908 1653 1957 pacificam
1672 1907 1767 1944 dicte

264 1966 394 2002 vicarie
422 1979 504 2002 cum
531 1966 755 2014 pertinentiis
781 1968 900 2016 adepti
926 1969 1074 2004 fuerunt
1098 1973 1135 2005 et
1160 1967 1390 2016 possederunt
1416 1966 1561 2015 pacifice
1587 1971 1623 2002 et
1649 1965 1767 2013 quiete

265 2024 371 2072 usque
383 2023 427 2059 ad
446 2029 586 2072 tempus
605 2028 641 2059 et
658 2029 819 2072 tempore
837 2026 963 2062 mortis
982 2026 1040 2062 sue
1059 2031 1095 2062 et
1113 2026 1269 2075 ipsorum
1282 2023 1467 2074 cujussibet-
1485 2043 1494 2052 ·
1514 2023 1617 2071 seque
1635 2036 1701 2072 pro
1718 2023 1767 2058 vi-

265 2081 367 2130 carijs
402 2081 498 2117 dicte
533 2080 676 2117 ecclesie
711 2088 924 2130 reputarunt
952 2084 1187 2120 nominarunt
1218 2089 1254 2120 et
1286 2083 1466 2132 gesserunt
1492 2087 1528 2118 et
1550 2094 1616 2130 pro
1640 2080 1767 2117 talibus

263 2140 411 2176 fuerunt
437 2139 480 2175 ab
499 2139 575 2188 alijs
595 2140 749 2188 reputati
776 2140 951 2177 nominati
979 2147 1015 2177 et
1040 2142 1151 2178 habiti
1175 2141 1304 2190 absque
1330 2140 1595 2188 interruptione
1621 2139 1738 2186 aliqua
1758 2158 1765 2166 ·
