1912 2660
231 127 304 163 <29Q
625 124 940 161 REGISTRUM
970 124 1335 161 MORAVIENSE.

234 237 314 260 rum
329 225 519 273 capellanis
538 225 575 260 in
593 238 719 273 puram
739 230 775 260 et
793 229 1000 272 perpetuam
1021 222 1246 259 elemosinam
1266 220 1497 256 concedimus
1516 226 1552 256 et
1566 220 1742 257 donamus

234 295 298 330 per
316 283 494 330 presentes
513 303 520 311 ·
549 283 754 331 paternitati
774 281 885 317 vestre
907 281 1104 317 reverende
1123 279 1359 328 supplicantes
1377 290 1459 313 cum
1478 277 1642 314 instantia
1659 293 1743 327 qua-

235 346 339 376 tenus
358 340 393 375 in
412 346 646 388 augmentum
669 340 875 375 salariorum
894 338 1161 386 capellanorum
1182 336 1430 384 predictorum
1449 342 1522 371 tam
1541 336 1743 373 nostrorum

235 411 340 445 quam
368 399 521 434 aliorum
549 399 683 434 dhstam
711 396 888 433 ecclesiam
917 397 961 431 de
986 394 1208 430 Lochalveth
1231 394 1268 428 in
1291 394 1455 441 proprios
1477 395 1559 430 usus
1580 395 1743 431 conferre

235 456 351 492 velitis
370 457 498 492 eisdem
518 457 554 492 in
574 461 787 504 perpetuum
807 460 842 489 et
860 453 1056 499 pontificali
1074 452 1290 487 auctoritate
1309 451 1523 488 confirmare
1542 472 1550 480 ·
1580 453 1625 488 In
1644 454 1744 502 cujus

236 514 285 550 rei
306 514 545 550 testimonium
564 514 626 549 has
645 514 763 548 literas
782 511 916 547 nostras
936 523 1066 557 magno
1085 508 1197 557 figillo
1217 509 1336 545 nostro
1355 508 1505 557 signatas
1519 511 1619 546 vobis
1638 512 1745 547 mitti-

237 585 316 608 mus
335 578 498 620 patentes
517 592 525 600 ·
554 572 691 607 Datum
710 569 805 618 apud
820 568 1009 603 canoniam
1030 567 1074 603 de
1094 567 1214 615 Elgyn
1239 567 1379 603 decimo
1395 568 1526 605 ofitavo
1545 569 1602 604 die
1621 568 1746 605 mensis

237 628 409 665 Ofimbris
438 643 533 665 anno
561 628 712 665 Domini
737 630 895 664 ·m⁰·ccc‘'·
924 623 1107 673 trigesimo
1133 625 1251 673 primo
1271 645 1279 653 ·

238 686 418 724 Univerfis
436 688 555 722 {inuste
575 686 696 722 matris
707 683 848 721 ecclesie
866 683 946 719 filiis
958 683 1003 718 ad
1015 696 1104 730 quos
1118 683 1297 731 presentes
1316 684 1419 720 litere
1436 685 1668 733 pervenerint
1686 685 1747 722 Jo-

237 746 371 781 liannes
390 744 613 791 permissione
632 743 753 779 divina
771 739 1002 779 moraviensis
1029 739 1170 776 ecclesie
1199 741 1355 778 minister
1380 742 1524 778 humilis
1542 743 1690 779 salutem
1710 744 1746 778 in

238 804 399 838 Domino
421 803 668 850 sempiternam
688 820 696 828 ·
726 800 820 836 Cum
849 799 1043 835 secundum
1064 798 1278 847 Apostolum
1298 800 1359 847 qui
1377 800 1482 836 altari
1500 801 1606 836 servit
1624 802 1746 837 vivere

238 861 364 897 debeat
383 861 427 896 de
445 860 547 895 altari
567 879 575 887 ·
595 872 661 894 nos
674 858 732 906 pia
746 858 979 893 meditatione
992 857 1177 906 pensantes
1195 858 1387 894 continuos
1404 858 1544 894 labores
1558 865 1593 895 et
1608 859 1747 895 servitia

237 919 363 966 quibus
378 918 539 966 perpetui
558 916 731 965 capellani
749 915 1027 963 capellaniarum
1044 913 1185 951 ecclesie
1204 914 1321 951 nostre
1340 915 1572 953 moraviensis
1585 917 1747 963 predicte

239 977 361 1012 diebus
374 983 409 1011 et
421 975 584 1011 noctibus
603 975 639 1009 in
659 973 788 1009 divinis
803 973 1021 1021 exequendis
1040 973 1164 1008 officiis
1181 972 1427 1021 astringuntur
1439 974 1475 1009 in
1487 975 1558 1023 ipsa
1577 994 1585 1002 ·
1605 981 1640 1010 et
1652 976 1748 1022 quod

239 1035 420 1083 portiones
439 1033 636 1069 eorundem
656 1038 691 1068 et
710 1031 832 1067 salaria
846 1032 889 1066 ad
905 1031 1062 1080 ipsorum
1076 1031 1367 1067 sustentationem
1386 1032 1617 1068 sufficientem
1634 1039 1669 1068 et
1689 1034 1749 1068 ho-

239 1092 369 1128 nestam
385 1104 459 1127 non
474 1090 651 1126 sufficiunt
663 1090 730 1125 hiis
745 1089 869 1125 diebus
882 1109 889 1117 ·
903 1089 1024 1125 habito
1037 1088 1140 1138 super
1151 1089 1220 1125 hoc
1234 1089 1412 1137 frequenti
1425 1090 1589 1138 diligenti
1603 1091 1749 1139 solemp—

239 1151 345 1197 nique
354 1150 511 1185 tamtam
525 1162 604 1184 cum
620 1148 770 1184 Decano
783 1154 819 1183 et
832 1147 989 1196 capitulo
1001 1147 1121 1183 nostro
1134 1167 1142 1175 ·
1159 1148 1203 1183 de
1217 1148 1379 1183 unanimi
1390 1148 1522 1184 assensu
1535 1155 1570 1184 et
1581 1149 1749 1185 consensu

241 1207 439 1244 eorundem
461 1226 470 1234 ·
489 1207 533 1242 ad
561 1206 704 1242 laudem
732 1211 768 1242 et
794 1206 967 1242 honorem
991 1206 1112 1242 sanfiiae
1135 1211 1171 1242 et
1195 1206 1380 1242 individue
1400 1206 1589 1242 Trinitatis
1610 1227 1617 1235 ·
1647 1208 1748 1243 beate

239 1266 353 1303 marie
365 1265 526 1312 Virginis
544 1270 580 1300 et
592 1263 770 1300 Omnium
790 1264 1008 1300 San&orum
1028 1264 1100 1300 Dei
1120 1283 1128 1292 ·
1149 1264 1277 1300 damus
1296 1283 1305 1292 ·
1320 1265 1551 1300 concedimus
1570 1271 1605 1301 et
1623 1271 1749 1301 tenore

240 1323 455 1372 presentium
467 1322 722 1358 confirmamus
736 1323 773 1358 in
791 1328 1007 1371 perpetuum
1026 1322 1219 1371 capellanis
1237 1322 1516 1371 capellaniarum
1534 1323 1726 1359 antedictis
1742 1343 1748 1351 -

241 1389 312 1417 tam
331 1381 498 1417 videlicet
525 1380 717 1429 capellanis
743 1380 872 1416 nobilis
886 1381 954 1416 viri
979 1381 1117 1416 domini
1136 1381 1281 1416 Thome
1302 1380 1487 1429 Ranulphi
1515 1382 1654 1417 comitis
1673 1384 1750 1418 mo-

242 1440 338 1475 ravie
357 1445 392 1475 et
416 1439 553 1474 domini
579 1438 679 1474 vallis
705 1439 876 1475 Anandie
903 1444 940 1475 et
967 1439 1114 1476 mannie
1139 1452 1228 1486 quos
1250 1439 1416 1475 fundavit
1439 1439 1498 1475 vel
1524 1439 1687 1475 fundabit
1715 1441 1750 1475 in

243 1498 366 1533 eadem
387 1517 395 1524 ·
415 1510 520 1544 quam
553 1497 629 1532 aliis
660 1497 937 1545 capellaniarum
970 1497 1162 1545 capellanis
1190 1516 1198 1524 ·
1227 1495 1406 1532 ecclesiam
1435 1498 1674 1545 parochialem
1708 1499 1751 1534 de

247 1555 469 1591 Lochalvetli
480 1554 713 1591 moraviensis
727 1555 917 1603 dyoceseos
932 1575 940 1583 ·
956 1568 1038 1591 cum
1051 1555 1217 1590 omnibus
1231 1555 1299 1590 suis
1311 1555 1454 1603 juribus
1469 1561 1504 1591 et
1518 1556 1730 1604 pertinentis
1743 1577 1750 1584 -

245 1613 346 1661 cujus
365 1611 506 1648 ecclesie
519 1613 579 1660 jus
597 1619 809 1661 patronatus
827 1612 895 1649 five
914 1613 1187 1649 advocationem
1209 1613 1377 1649 dominus
1397 1614 1528 1649 Comes
1547 1614 1751 1650 antedk‘stus

246 1684 351 1706 verus
369 1676 540 1719 patronus
559 1671 714 1719 ejusdem
734 1672 926 1719 capellanis
945 1671 1225 1719 capellaniarum
1253 1671 1444 1707 antedictis
1462 1677 1535 1707 tam
1554 1672 1622 1707 suis
1645 1686 1749 1719 quam

246 1729 322 1764 aliis
346 1728 444 1763 dedit
469 1735 504 1763 et
523 1727 690 1764 concellit
708 1729 744 1764 in
764 1742 890 1777 puram
918 1735 954 1765 et
977 1734 1187 1778 perpetuam
1207 1728 1433 1764 elemosinam
1453 1749 1461 1757 ·
1489 1730 1752 1766 interveniente

246 1787 291 1821 ad
309 1786 377 1821 hoc
400 1786 569 1821 consensu
589 1791 624 1821 et
642 1788 857 1823 aucitoritate
879 1787 997 1823 nostra
1021 1787 1161 1835 speciali
1181 1807 1189 1815 ·
1209 1787 1288 1823 Nos
1306 1787 1412 1823 etiam
1429 1807 1437 1815 ·
1457 1787 1584 1823 eodem
1600 1788 1753 1824 interve-

248 1845 368 1880 niente
383 1844 551 1879 consensu
564 1851 599 1879 et
614 1845 745 1880 assensu
761 1845 885 1881 decani
898 1852 933 1881 et
952 1846 1097 1894 capituli
1115 1845 1223 1881 nostri
1240 1865 1247 1873 ·
1268 1846 1393 1881 damus
1412 1850 1448 1881 et
1465 1846 1694 1882 concedimus
1713 1861 1752 1882 ac

248 1915 311 1951 per
329 1902 507 1950 presentes
521 1902 772 1938 confirmamus
787 1904 823 1938 in
838 1910 1050 1952 perpetuum
1066 1904 1257 1952 capellanis
1271 1903 1548 1952 capellaniarum
1563 1905 1753 1940 antedictis

250 1967 321 1995 tam
340 1959 466 2008 prefati
479 1960 615 1995 domini
634 1960 785 1996 Comitis
803 1975 907 2008 quam
928 1962 1004 1997 aliis
1024 1982 1032 1990 ·
1055 1961 1215 1998 ecclesias
1233 1962 1453 2010 parochiales
1472 1962 1516 1998 de
1536 1962 1699 1998 Bruneth
1719 1969 1753 1998 et

250 2019 294 2054 de
314 2017 420 2053 Altre
447 2017 677 2054 moraviensis
704 2019 880 2055 dioceseos
909 2040 916 2047 ·
943 2034 1094 2067 quarum
1123 2021 1353 2056 collationem
1379 2021 1424 2055 ad
1452 2033 1518 2056 nos
1541 2020 1648 2068 pleno
1670 2021 1753 2069 jure

251 2075 445 2111 dinoscitur
480 2077 659 2124 pertinere
679 2095 687 2103 ·
720 2077 946 2124 quasquidem
981 2077 1140 2114 ecclesias
1168 2079 1211 2114 de
1245 2078 1468 2114 Lochalueth
1485 2098 1493 2106 ·
1513 2078 1558 2113 de
1590 2078 1754 2114 Bruneth

252 2140 287 2170 et
306 2133 349 2169 de
369 2133 473 2169 Altre
492 2146 571 2169 cum
593 2134 757 2169 omnibus
775 2135 842 2169 suis
865 2135 1007 2182 juribus
1035 2144 1070 2171 et
1097 2137 1322 2184 pertinentiis
1349 2136 1393 2172 ad
1414 2136 1524 2172 divini
1548 2136 1665 2172 cultus
1683 2150 1754 2172 am-
