1912 2660
251 107 322 139 440
676 101 928 139 RENTALE
957 102 1312 140 EPISCOPATUS
1697 114 1870 143 mnNn'rn.
1911 139 1912 164 ᾗ

380 201 521 233 ,Iacobus
537 200 617 232 Man
661 201 750 233 sexta
764 213 839 244 pars

381 253 522 284 Joannes
540 253 657 295 Smyth
673 253 777 285 senior
820 254 878 285 xvi
893 265 967 296 pars

379 304 508 336 Relicta
524 304 648 336 Mathei
665 305 739 336 Rob
783 305 829 336 xii
845 317 918 347 pars

379 356 520 387 Thomas
536 356 617 387 Man
661 356 707 387 xii
723 367 798 398 pars

378 407 507 439 Relicta
522 407 657 438 Joannis
673 406 846 438 Lumisden
892 407 949 437 viii
965 417 1038 448 pars

376 459 540 490 Robertus
556 459 672 490 Malies
717 458 774 489 viii
789 469 864 500 pars

376 510 542 542 Johannes
560 511 677 552 Smyth
689 509 802 552 junior
847 508 902 540 xvi
920 519 994 550 pars

245 613 403 644 BmsmA
419 622 578 644 EJUSDEM
595 612 703 643 solvefx
720 612 753 643 in
769 622 855 643 anno
871 611 928 642 xiii
945 614 968 641 ἐ.
989 610 1036 641 iiii
1052 610 1081 641 d.
1100 609 1202 648 firme,
1228 621 1325 642 unam
1342 610 1523 642 duodenam
1540 621 1699 653 caponum
1718 617 1750 643 et

245 676 342 696 unam
358 676 483 696 aucam.

373 716 516 747 Joannes
533 714 649 757 Smyth
665 714 770 745 senior

243 819 397 850 Fanum:
415 828 574 850 EJUSDEM
593 817 699 848 solvefi
717 817 751 847 in
763 827 849 847 anno
861 815 953 847 xxiiii
969 816 1165 847 ferramenta
1177 827 1335 859 equorum
1351 827 1425 847 cum
1442 816 1541 848 clavis
1558 817 1746 849 eorundem.

371 870 513 901 Joannes
530 869 646 910 Smyth

240 973 405 1004 Binumur
426 981 597 1003 mrssmon
623 969 787 1001 consuevit
811 970 931 1002 solvere
957 971 992 1001 in
1017 981 1102 1002 anno
1129 971 1271 1013 quinque
1296 971 1420 1003 celdras
1442 970 1531 1003 ordei
1554 976 1585 1002 et
1608 976 1746 1013 quatuor

238 1024 402 1055 duodenas
418 1034 588 1065 caponum.

368 1074 496 1105 Relicta
511 1073 650 1105 Joaunis
666 1073 800 1104 Michell
814 1073 956 1115 junioris
1001 1079 1117 1116 quarta
1132 1085 1206 1116 pars

367 1126 495 1156 Relicta
510 1125 670 1156 Johannis
686 1125 821 1156 Michell
837 1124 970 1156 senioris
1015 1130 1131 1167 quarta
1147 1137 1221 1168 pars

368 1177 552 1207 Alexander
568 1176 637 1207 Dik
683 1182 797 1218 quarta
813 1188 887 1219 pars

365 1229 507 1259 Thomas
525 1228 630 1259 Genot

235 1333 364 1363 lIoLME
384 1342 426 1362 m:
445 1332 610 1362 Bmmn
627 1331 736 1362 solvefi
752 1331 810 1362 xiii
827 1334 851 1361 Ξ.
869 1331 916 1362 iiii
932 1332 962 1362 d.
980 1331 1084 1363 firme.

363 1383 493 1414 Relicta
508 1383 669 1414 Johannis
687 1383 822 1414 Michell
834 1383 976 1425 junioris
1022 1388 1138 1425 quarta
1154 1394 1227 1425 pars

363 1435 492 1466 Relicta
508 1435 645 1466 Joannis
662 1435 797 1466 Michell
814 1435 945 1467 senioris
991 1440 1105 1477 quarta
1121 1446 1195 1477 pars

361 1487 547 1517 Alexander
564 1487 632 1517 Dik
677 1492 793 1528 quarta
809 1498 883 1530 pars

362 1538 503 1569 Thomas
520 1538 630 1569 Genot

232 1641 341 1671 V1L12A
359 1651 615 1672 EccntsiAsTmA
633 1652 676 1672 DE
693 1641 840 1673 Rowns
857 1641 969 1674 solvefi.
981 1642 1015 1672 in
1031 1653 1116 1673 anno
1132 1641 1201 1673 xlvi
1219 1645 1243 1672 ἐ.
1261 1641 1317 1672 viii
1333 1642 1364 1673 d.
1389 1641 1492 1680 firme,
1519 1653 1616 1673 unam
1641 1654 1735 1684 quar-

230 1698 296 1722 tam
314 1697 425 1729 marte,
452 1704 553 1723 unum
570 1698 748 1731 mutonem,
774 1705 875 1724 unum
892 1705 1014 1735 agnum
1029 1693 1080 1724 vel
1097 1693 1229 1731 hedum,
1251 1704 1349 1724 unam
1366 1693 1546 1725 duodenam
1564 1705 1733 1736 caponum,

232 1754 329 1774 unam
345 1743 465 1774 hollam
481 1755 658 1775 avenarum
675 1756 749 1775 cum
766 1744 893 1787 pabulo.
943 1745 986 1775 Et
1002 1744 1070 1786 xiiij
1088 1748 1112 1776 ἒ.
1130 1756 1187 1787 pro
1204 1744 1238 1775 vi
1254 1744 1370 1775 firlotis
1386 1744 1475 1776 aride
1490 1744 1642 1776 multure.

360 1794 520 1836 Georgius
538 1795 635 1826 Innes

229 1898 385 1928 BRAsmA
404 1907 560 1928 EJUSDEM
579 1897 686 1929 solveii
706 1899 739 1929 in
756 1910 842 1930 anno
858 1899 915 1930 viii
933 1903 957 1930 Ξ.
981 1899 1083 1938 firme,
1111 1901 1161 1931 sex
1184 1911 1321 1942 capones
1347 1905 1378 1930 et
1399 1910 1497 1930 unam
1522 1910 1635 1930 aucam
1660 1911 1733 1931 cum

228 1948 292 1979 cust
298 1949 390 1979 umis.

359 2000 447 2031 Idem
465 2000 628 2041 Georgius
646 2001 683 2031 In
689 2012 743 2032 nes

228 2104 477 2134 Monssxnmum
498 2114 540 2134 m:
558 2104 725 2135 Bmmam
745 2105 850 2136 solves}
869 2106 901 2136 in
921 2119 1006 2139 anno
1022 2107 1077 2139 xiii
1093 2111 1117 2138 ἑ.
1134 2108 1207 2139 ivd.
1227 2107 1329 2146 firme,
1349 2120 1448 2139 unum
1465 2119 1579 2149 aprum
1596 2107 1728 2149 pastum,

229 2166 302 2188 eum
321 2154 546 2186 sustentatione
563 2155 741 2186 molendini
757 2156 789 2187 in
807 2157 948 2199 finguliS.

357 2206 518 2248 Georgius
536 2206 754 2248 Glaiswrycht
