2066 2780
285 1595 329 1627 28

364 173 412 205 ΞΟ
764 166 1079 205 REGISTRUM
1108 162 1471 202 MORAVIENSE.

364 280 469 314 quam
487 266 603 302 tenuit
622 266 666 302 de
684 280 726 302 eo
747 266 994 302 Archebaldus
1013 266 1056 301 de
1077 263 1335 309 Inuerlocthyn
1353 261 1390 295 in
1408 259 1514 294 feodo
1533 258 1577 293 de
1597 257 1717 306 Spyny
1745 278 1753 287 ·
1778 271 1859 295 cum

364 324 528 359 omnibus
537 324 637 371 justis
651 324 878 372 pertinenciis
893 324 959 359 suis
978 329 1012 359 et
1031 335 1094 371 per
1113 321 1248 356 easdem
1268 318 1391 354 divisas
1405 329 1468 364 per
1482 328 1568 362 quas
1586 315 1704 351 diistus
1723 316 1859 353 Arche-

363 382 489 417 baldus
515 395 593 417 eam
620 382 736 417 tenuit
767 401 775 409 ·
807 382 936 416 scilicet
962 395 982 415 a
1008 379 1171 427 proximo
1199 376 1334 412 cundos
1361 388 1405 409 ex
1432 373 1597 408 orientali
1618 379 1718 421 parte
1740 375 1859 422 pontis

363 452 469 486 quem
500 438 694 475 construxit
724 439 818 474 idem
851 437 1097 473 Archebaldus
1128 435 1231 482 supra
1262 432 1393 480 Lofl'yn
1421 444 1465 466 ex
1493 431 1659 466 orientali
1686 438 1785 479 parte
1814 433 1858 468 de

364 494 557 533 Sankathel
575 497 682 543 usque
696 496 918 532 Cranfinleth
937 514 945 522 ·
965 493 1175 530 Tenendam
1195 496 1230 526 et
1247 489 1446 525 habendam
1461 487 1521 523 fibi
1536 494 1571 524 et
1589 489 1778 525 heredibus
1792 491 1859 526 suis

356 553 440 602 jure
459 554 672 589 hereditario
704 573 712 581 ·
751 552 950 589 Reddendo
968 552 1051 586 inde
1069 549 1212 597 lingulis
1235 548 1336 583 annis
1357 546 1521 594 predicto
1541 546 1715 596 Episcopo
1734 553 1770 584 et
1787 549 1860 584 suc-

362 611 550 647 cessoribus
569 612 635 646 suis
654 611 835 646 dimidiam
850 622 1004 645 marcam
1020 608 1282 654 Sterlingorum
1300 604 1469 652 legalium
1487 605 1713 641 medietatem
1730 606 1860 642 scilicet

362 669 407 704 ad
433 668 658 716 pentecosten
687 674 722 704 et
747 668 851 703 aliam
876 667 1103 702 medietatem
1125 665 1171 699 ad
1193 663 1316 699 festum
1341 662 1464 698 Santffi
1482 663 1630 699 martini
1648 663 1686 698 in
1703 664 1830 712 hyeme
1849 684 1857 693 ·

363 725 411 761 Et
434 727 648 762 inveniendo
677 725 818 773 singulis
846 725 948 761 annis
976 729 1116 759 tantum
1142 727 1197 757 ter
1224 733 1388 756 carucam
1414 719 1512 755 suam
1539 739 1547 748 ·
1575 725 1611 756 et
1635 726 1776 758 tantum
1803 728 1859 758 ter

362 783 516 819 herciam
534 785 629 819 suam
658 804 666 812 ·
694 789 730 818 et
756 789 810 819 ter
836 795 976 818 carrum
1002 782 1103 817 suum
1130 799 1139 807 ·
1167 784 1203 814 et
1221 778 1326 814 semel
1344 778 1382 813 in
1399 783 1598 826 autumpno
1617 778 1675 814 sex
1696 779 1858 816 homines

362 840 450 876 bene
470 847 641 877 metentes
670 860 678 868 ·
715 841 763 876 Et
780 840 941 876 faciendo
960 838 1171 874 forinsecum
1190 836 1371 872 servitium
1391 836 1527 871 domini
1546 836 1657 883 Regis
1674 837 1857 884 pertinens

360 898 405 933 ad
428 899 623 946 predictam
649 898 827 933 dimidiam
858 898 1028 932 dauacam
1055 901 1150 931 terre
1178 914 1186 922 ·
1215 895 1263 930 Et
1289 894 1467 941 sequendo
1495 893 1742 930 molendinum
1769 895 1856 931 dieti

361 955 493 991 domini
515 956 675 1004 Episcopi
700 961 735 991 et
761 955 991 991 successorum
1017 954 1160 988 suorum
1190 971 1199 980 ·
1231 952 1275 987 In
1298 951 1544 1000 premissorum
1566 956 1686 988 autem
1705 952 1856 988 testimo-

359 1012 458 1048 nium
477 1013 527 1048 illi
545 1014 635 1061 parti
654 1013 757 1060 hujus
776 1013 943 1060 scripture
968 1012 1005 1046 in
1030 1011 1177 1046 modum
1196 1009 1409 1057 cyrographi
1427 1009 1590 1045 confecte
1608 1023 1677 1057 que
1694 1016 1856 1047 remanet

358 1083 465 1117 penes
493 1071 694 1118 predictum
720 1069 933 1117 Episcopum
961 1074 996 1103 et
1022 1068 1230 1103 successores
1257 1067 1336 1102 suos
1361 1080 1434 1102 una
1460 1080 1542 1102 cum
1568 1065 1680 1114 sigillo
1702 1068 1855 1115 preditsti

360 1127 509 1162 Roberti
536 1128 686 1176 appensa
708 1128 787 1162 sunt
811 1126 921 1173 figilla
940 1125 1092 1161 Abbatis
1115 1125 1159 1160 de
1185 1125 1326 1173 Kynlos
1347 1129 1383 1160 et
1407 1124 1574 1159 Priorum
1593 1124 1707 1160 Vallis
1732 1125 1854 1161 Sancti

359 1184 506 1219 Andree
531 1191 566 1220 et
593 1185 636 1220 de
660 1184 855 1219 Hurchard
886 1203 895 1211 ·
922 1183 1025 1219 alteri
1043 1195 1129 1218 vero
1148 1182 1240 1230 parti
1259 1195 1328 1229 que
1346 1186 1508 1217 remanet
1525 1194 1633 1229 penes
1651 1182 1854 1229 predictum

359 1241 559 1276 Robertum
580 1255 653 1276 una
675 1254 756 1276 cum
779 1240 891 1288 sigillo
915 1240 1068 1288 predicti
1095 1240 1261 1288 Episcopi
1288 1238 1485 1287 appositum
1512 1239 1560 1275 est
1585 1238 1735 1287 sigillum
1763 1240 1854 1288 capi-

356 1298 419 1334 tuli
440 1312 520 1334 cum
539 1298 847 1346 subscriptionibus
865 1298 1122 1334 canonicorum
1137 1316 1145 1325 ·
1174 1296 1337 1333 Testibus
1351 1316 1360 1325 ο

358 1470 572 1519 Compofitio
590 1471 684 1507 inter
702 1471 763 1507 ·A-
783 1471 985 1520 episcopum
1003 1475 1040 1507 et
1058 1470 1237 1506 Thomam
1257 1470 1300 1506 de
1319 1468 1531 1518 Thyrlestan
1544 1489 1552 1497 ·

358 1585 535 1621 Noverint
553 1598 675 1621 omnes
692 1586 760 1621 hoc
778 1586 944 1633 scriptum
965 1585 1072 1622 visuri
1096 1586 1154 1622 vel
1176 1585 1334 1621 audituri
1357 1584 1454 1632 quod
1476 1597 1558 1620 cum
1581 1584 1714 1632 questio
1737 1591 1851 1623 verte-

358 1648 458 1678 retur
482 1643 574 1678 inter
597 1643 781 1678 Andream
805 1643 1064 1680 moraviensem
1091 1643 1295 1692 episcopum
1322 1655 1366 1678 ex
1388 1647 1489 1690 parte
1514 1655 1587 1677 una
1611 1648 1646 1678 et
1671 1643 1850 1680 Thomam

358 1700 401 1735 de
416 1699 614 1736 Thirlestan
633 1714 677 1736 ex
695 1701 806 1735 altera
819 1720 828 1728 ·
844 1713 963 1736 coram
981 1701 1242 1737 venerabilibus
1260 1701 1346 1737 viris
1360 1699 1502 1736 Abbate
1521 1700 1565 1735 de
1584 1700 1662 1736 Der
1677 1720 1685 1728 ·
1699 1701 1849 1738 Decano

358 1763 393 1794 et
420 1756 684 1793 Archidiacono
712 1757 960 1806 Abyrdonenfi
978 1759 1159 1807 judicibus
1180 1773 1201 1795 a
1223 1759 1370 1794 domino
1396 1758 1492 1806 Papa
1518 1758 1688 1806 delegatis
1713 1778 1722 1786 ·
1747 1759 1849 1808 super

357 1815 503 1850 dimidia
516 1815 673 1851 dauacha
686 1820 779 1851 terre
793 1829 898 1863 quam
913 1817 1007 1852 idem
1023 1817 1216 1865 Episcopus
1230 1817 1275 1852 ad
1290 1814 1467 1852 ecclefiam
1482 1816 1525 1851 de
1541 1815 1719 1863 Abyrtarf
1727 1817 1849 1853 affere-

357 1873 416 1909 bat
442 1873 619 1920 pertinere
650 1892 658 1900 ·
691 1879 727 1908 et
752 1873 853 1921 super
879 1874 1022 1909 decimis
1048 1875 1126 1910 cani
1153 1874 1239 1922 regij
1268 1887 1337 1921 que
1363 1879 1446 1910 ante
1468 1873 1747 1910 infeodationem
1771 1888 1848 1923 pre-

357 1930 444 1965 dieti
468 1930 608 1965 Thome
636 1931 679 1966 de
704 1935 800 1966 terra
825 1931 868 1966 de
892 1931 1069 1979 Abyrtarf
1090 1932 1176 1968 solvi
1202 1932 1463 1968 consueverunt
1482 1951 1490 1960 ·
1518 1931 1619 1967 Inter
1636 1937 1753 1979 partes
1770 1945 1848 1980 pre-

356 1988 468 2023 dictas
491 1988 658 2023 convenit
682 1988 912 2024 amicabiliter
935 1989 995 2024 sub
1019 1990 1084 2025 hac
1104 1990 1220 2025 forma
1248 2009 1256 2018 ·
1286 1990 1415 2025 scilicet
1436 1989 1533 2037 quod
1550 1989 1733 2037 predifi'tus
1752 1989 1848 2038 Epis-

355 2058 465 2093 copus
491 2045 534 2080 de
561 2045 729 2081 consensu
755 2046 901 2093 capituli
925 2047 975 2082 sui
999 2046 1162 2083 conceffit
1182 2048 1381 2095 predifi‘fflm
1408 2052 1539 2083 terram
1566 2059 1635 2094 que
1660 2046 1847 2094 petebatur

355 2103 517 2151 predicto
545 2103 685 2139 Thome
710 2109 745 2139 et
768 2103 956 2139 heredibus
978 2104 1045 2139 suis
1070 2124 1078 2133 ·
1101 2106 1292 2141 tenendam
1320 2106 1359 2141 in
1385 2105 1491 2141 feodo
1520 2109 1556 2140 et
1582 2104 1779 2139 hereditate
1802 2104 1846 2140 de

354 2161 386 2196 se
405 2166 441 2196 et
459 2160 705 2196 successoribus
723 2161 790 2196 suis
809 2161 972 2197 omnibus
989 2162 1026 2197 in
1044 2168 1254 2210 perpetuum
1283 2182 1292 2191 ·
1318 2163 1413 2199 salvo
1431 2175 1505 2198 uno
1523 2161 1682 2210 plenario
1700 2161 1792 2196 tofto
1811 2167 1847 2197 et

354 2218 468 2253 crofto
495 2216 635 2253 ecclesie
664 2218 708 2254 de
731 2219 908 2266 Abyrtarf
927 2224 962 2254 et
988 2218 1130 2263 fingulis
1155 2221 1354 2257 re&oribus
1379 2220 1543 2256 habendo
1570 2220 1608 2254 in
1633 2223 1845 2267 perpetuum

353 2276 389 2311 in
415 2288 542 2323 puram
567 2275 714 2312 liberam
742 2282 777 2313 et
802 2282 1010 2325 perpetuam
1034 2277 1256 2314 elemosinam
1285 2298 1293 2307 ·
1324 2279 1512 2315 Predic'tus
1528 2290 1615 2315 vero
1634 2277 1793 2313 Thomas
1810 2281 1846 2311 et
