1912 2660
214 929 379 971 Quedam
397 929 639 964 memorabilia
658 948 665 955 ·

115 1048 186 1080 303
215 1044 276 1079 Ad
293 1049 498 1092 perpetuam
519 1044 571 1079 rei
590 1044 798 1079 memoriam
817 1063 825 1071 ·
854 1044 1045 1080 Sciendum
1064 1044 1112 1080 est
1129 1046 1225 1092 quod
1242 1058 1337 1081 anno
1356 1046 1505 1082 Domini
1522 1047 1699 1085 coillefimo

214 1104 337 1137 ·ccc¹¹¹⁰·
357 1099 585 1148 nonogesimo
613 1101 657 1136 de
683 1101 800 1136 mense
819 1101 954 1149 Aprilis
973 1101 1060 1137 obiit
1078 1102 1258 1138 Robertus
1277 1103 1462 1139 Senescalli
1481 1104 1562 1139 Rex
1579 1105 1700 1141 Scocie

213 1158 308 1205 apud
328 1158 552 1193 Dundonald
579 1163 614 1193 et
639 1158 794 1205 sepultus
821 1158 868 1193 est
893 1159 987 1206 apud
1015 1158 1165 1194 Soonam
1185 1179 1193 1188 ·
1222 1160 1292 1195 Cui
1315 1159 1469 1195 succeffit
1489 1161 1527 1196 in
1550 1174 1700 1209 regnum

213 1215 306 1250 filius
332 1215 407 1263 ejus
434 1215 550 1250 senior
569 1215 699 1251 Comes
717 1215 761 1250 de
780 1215 940 1264 Carryke
958 1221 1103 1251 vocatus
1122 1216 1301 1252 Robertus
1319 1222 1508 1253 coronatus
1526 1218 1563 1253 in
1580 1232 1701 1267 regem

213 1272 308 1320 apud
327 1272 478 1308 Soonam
497 1272 675 1307 dominica
692 1272 729 1307 in
747 1272 868 1319 vigilia
886 1272 1147 1320 Afl'umpcionis
1164 1274 1266 1309 beate
1285 1274 1398 1310 marie
1415 1274 1592 1322 sequenti·
1611 1281 1647 1311 et
1664 1277 1702 1312 in

213 1329 362 1364 crastino
388 1334 559 1364 coronata
585 1328 632 1364 est
658 1329 695 1363 in
719 1329 878 1376 reginam
898 1329 1043 1364 domina
1061 1330 1229 1365 Anabilla
1252 1344 1344 1366 uxor
1362 1330 1422 1366 sua
1438 1344 1501 1379 per
1519 1332 1702 1368 dominum

216 1385 413 1422 walterum
432 1386 567 1433 Trayle
585 1386 785 1434 episcopum
806 1386 928 1422 Sancti
946 1386 1094 1423 Andree
1114 1406 1122 1415 ·

220 1500 288 1536 Isto
313 1513 407 1536 anno
432 1506 515 1537 ante
539 1501 671 1537 dictam
690 1502 963 1538 coronacionem
989 1506 1112 1549 gentes
1138 1502 1274 1537 domini
1296 1501 1495 1538 Alexandri
1519 1502 1704 1539 Senescalli

217 1557 281 1592 filii
309 1558 419 1605 Regis
447 1558 609 1594 defunffi
633 1559 671 1594 in
694 1559 764 1594 fine
785 1558 910 1595 menfis
937 1560 1023 1595 maii
1050 1559 1312 1595 combusserunt
1336 1559 1457 1595 villam
1480 1559 1524 1594 de
1542 1558 1651 1596 Fores
1669 1567 1704 1596 et

217 1614 368 1650 chorum
388 1614 529 1651 ecclefie
545 1615 668 1651 Sancti
682 1615 872 1651 Laurencii
891 1622 926 1651 et
944 1617 1142 1652 manerium
1157 1615 1412 1652 Archidiaconi
1429 1616 1548 1651 subtus
1560 1617 1680 1653 villam
1696 1637 1703 1645 ·

217 1677 253 1707 et
284 1671 327 1707 de
358 1672 476 1708 mense
507 1672 607 1709 Junii
638 1673 812 1720 sequentis
842 1673 880 1708 in
909 1673 993 1709 sesto
1024 1674 1118 1709 beati
1148 1673 1319 1721 Botulphi
1353 1673 1486 1708 abbatis
1508 1691 1516 1701 ·
1545 1674 1704 1721 presente

217 1729 344 1764 eodem
363 1729 510 1764 domino
530 1729 739 1765 Alexandro
760 1749 767 1757 ·
796 1730 1057 1765 combusserunt
1077 1735 1189 1765 totam
1206 1730 1328 1766 villam
1346 1730 1390 1765 de
1409 1730 1528 1778 Elgyn
1545 1736 1581 1766 et
1598 1731 1705 1767 eccle-

217 1785 299 1821 fiam
314 1786 437 1821 Sancti
455 1786 574 1834 Egidii
592 1787 629 1821 in
647 1786 718 1834 ipsa
736 1806 744 1814 ·
764 1787 926 1822 Domum
945 1787 1016 1822 Dei
1029 1789 1135 1834 juxta
1153 1787 1271 1835 Elgyn
1286 1805 1294 1814 ·
1314 1787 1435 1823 decem
1454 1792 1489 1822 et
1508 1788 1591 1823 0610
1608 1801 1705 1824 man-

217 1841 329 1879 fiones
345 1843 482 1878 nobiles
505 1849 541 1879 et
564 1844 704 1891 pulcras
731 1844 987 1880 canonicorum
1012 1850 1048 1879 et
1072 1844 1336 1892 capellanorum
1355 1862 1363 1872 ·
1386 1849 1423 1879 et
1439 1844 1537 1891 quod
1553 1846 1705 1880 amarius

218 1900 267 1935 est
284 1900 479 1935 dolendum
496 1900 653 1936 nobilem
671 1906 707 1936 et
725 1900 890 1936 decoram
911 1900 1088 1937 ecclefiam
1110 1901 1369 1937 moraviensem
1389 1900 1567 1949 speculum
1592 1902 1704 1949 patrie

219 1962 254 1993 et
285 1957 392 1993 decus
422 1957 525 2005 regni
551 1976 560 1985 ·
588 1970 670 1993 cum
701 1957 864 1994 omnibus
894 1957 992 1994 libris
1020 1958 1124 1994 cartis
1155 1963 1191 1994 et
1220 1958 1321 1993 bonis
1351 1957 1428 1993 aliis
1455 1959 1567 2006 patrie
1597 1960 1634 1994 in
1665 1972 1705 1995 ea

218 2014 410 2050 reconditis
429 2032 437 2042 ·

219 2128 267 2164 Et
291 2127 367 2174 post
391 2128 457 2164 hec
483 2128 577 2164 idem
604 2128 769 2164 dominus
788 2128 996 2165 Alexander
1020 2129 1206 2165 Senescalli
1232 2141 1277 2165 ex
1302 2128 1442 2177 speciali
1467 2128 1702 2165 commistione

220 2185 354 2221 domini
380 2184 581 2221 Alexandri
611 2185 705 2221 Burr
733 2185 884 2234 episcopi
910 2186 977 2222 fuit
1005 2186 1182 2222 absolutus
1209 2199 1273 2234 per
1301 2186 1484 2222 dominum
1507 2186 1703 2221 VValterum

221 2241 351 2289 Trayle
369 2242 569 2291 episcopum
589 2242 711 2279 Sancti
730 2243 878 2279 Andree
901 2243 939 2279 in
965 2243 1144 2292 presencia
1168 2243 1303 2280 domini
1329 2243 1438 2290 Regis
1457 2262 1465 2271 ·
1494 2242 1642 2279 Comitis
1659 2243 1702 2278 de
