2060 2660
38 910 105 946 194

524 182 840 220 REGISTRUM
868 183 1231 220 MORAVIENSE.
1553 191 1623 224 925

137 282 299 330 Douglas
316 285 353 317 et
370 280 415 316 de
433 279 635 317 Awendale
660 280 807 316 domino
823 280 1015 317 Gallwidie
1039 299 1049 309 ο
1068 280 1249 317 Willelmo
1264 281 1410 317 domino
1431 283 1474 319 de
1493 284 1624 332 Crych-

137 345 226 374 toun
247 337 366 374 nostro
384 337 595 374 cancellario
614 343 650 374 et
667 337 929 386 consanguineo
947 338 1145 386 predile&0
1165 357 1173 366 ·
1198 339 1336 374 dileffis
1360 340 1625 388 consanguineis

137 395 260 431 nostris
278 395 459 431 Willelmo
486 396 633 432 domino
661 395 874 431 Somerwele
902 414 910 423 ·
942 395 1095 431 Patricio
1118 395 1264 431 domino
1283 396 1327 431 de
1346 396 1484 432 Glamis
1515 417 1523 425 ·
1553 411 1626 434 ma-

135 452 241 501 gistro
262 453 429 490 Johanne
449 452 591 488 Arrous
617 453 866 489 archidiacono
886 451 1105 500 Glesgwenfi
1133 471 1142 480 ·
1174 458 1209 488 et
1227 452 1389 500 Georgio
1414 453 1457 488 de
1477 454 1627 489 Schoris-

135 511 238 546 wode
261 511 403 546 re6lmre
427 511 471 546 de
497 510 624 547 Cultre
646 529 655 538 ·
692 510 805 559 Apud
834 510 1047 558 Strivelinge
1076 510 1206 546 oetavo
1236 510 1293 546 die
1320 509 1445 545 menfis
1471 510 1627 546 Novem-

134 567 205 603 bris
232 580 327 603 anno
356 567 507 603 Domini
537 566 720 603 millefimo
751 566 1099 616 quadringentesimo
1129 566 1416 615 quinquagesimo
1447 568 1561 616 primo
1592 574 1627 603 et

134 625 235 672 regni
252 624 360 660 nostri
379 625 517 661 decimo
536 625 662 673 quinto
681 644 690 653 ·

134 793 193 831 De
210 795 394 843 regalitate
411 795 558 832 bai-onie
577 797 621 833 de
640 797 747 845 Spine
762 815 771 825 ·

134 909 289 946 Jacobus
308 910 379 945 Dei
397 910 517 957 gracia
535 910 616 946 Rex
635 911 822 947 Scotorum
843 910 1008 946 omnibus
1031 909 1151 959 probis
1171 909 1374 945 hominibus
1396 909 1511 945 tocius
1533 914 1627 945 terre

134 966 192 1001 sue
210 966 347 1002 clericis
365 972 401 1002 et
418 967 515 1003 laicis
533 967 678 1004 salutem
698 987 707 996 ·
736 968 859 1004 Sciatis
876 981 943 1004 nos
965 968 1011 1003 ad
1033 968 1177 1003 laudem
1201 972 1237 1003 et
1258 967 1409 1015 gloriam
1427 966 1529 1002 beate
1548 966 1628 1002 Tri-

134 1023 253 1058 nitatis
276 1023 527 1060 exaltationem
546 1024 686 1061 ecclefie
704 1025 916 1061 cathedralis
934 1023 1164 1061 moravienfis
1192 1029 1228 1060 et
1258 1024 1303 1060 ob
1330 1029 1433 1072 grata
1465 1024 1628 1071 obsequia

133 1093 197 1128 per
215 1081 452 1116 reverendum
470 1082 508 1117 in
523 1081 662 1118 Christo
679 1087 817 1131 patrem
830 1082 1034 1119 Johannem
1053 1082 1255 1130 episcopum
1269 1081 1526 1118 moraviensem
1545 1094 1627 1117 con-

133 1136 297 1173 filiarium
323 1137 481 1173 nostrum
508 1139 687 1186 quondam
714 1139 869 1187 genitori
892 1138 1012 1174 nostro
1034 1139 1225 1174 recolende
1243 1138 1414 1174 memorie
1434 1151 1498 1186 per
1514 1138 1626 1186 ipsum

133 1195 377 1241 multipliciter
405 1195 560 1243 impensa
590 1201 626 1231 et
652 1196 754 1232 nobis
780 1196 934 1231 fideliter
961 1196 1170 1232 continuata
1201 1214 1209 1223 ·
1244 1207 1386 1230 necnon
1418 1207 1484 1242 pro
1518 1194 1627 1231 salute

133 1252 249 1288 anime
268 1252 384 1288 nostre
403 1257 439 1288 et
463 1252 580 1288 Marie
606 1253 746 1301 Regine
770 1253 941 1289 consortis
962 1252 1078 1288 nostre
1105 1251 1354 1298 animabusque
1371 1252 1626 1287 antecefforum

134 1314 170 1344 et
187 1308 418 1345 successorum
436 1309 637 1345 nostrorum
655 1329 664 1338 ·
691 1308 886 1346 conceffifl'e
904 1315 941 1345 et
963 1309 1133 1358 presentis
1150 1314 1247 1345 carte
1265 1308 1382 1344 nostre
1399 1313 1524 1344 tenore
1543 1320 1627 1344 con-

134 1365 291 1402 cedimus
315 1366 413 1401 dieto
440 1367 638 1403 reverendo
663 1368 700 1402 in
724 1367 864 1403 Christo
885 1367 978 1415 patri
1000 1366 1158 1403 Johanni
1180 1365 1342 1414 episcopo
1361 1364 1574 1402 moraviensi
1591 1371 1627 1401 et

105 1465 115 1467 -
133 1423 379 1458 suecefforibus
405 1423 472 1459 suis
496 1424 664 1472 episcopis
686 1423 826 1460 ecclesie
854 1422 1084 1460 moraviensis
1110 1423 1294 1458 baroniam
1321 1422 1417 1458 suam
1446 1422 1490 1458 de
1519 1422 1626 1470 Spine

133 1493 173 1515 ac
191 1480 346 1527 burgum
365 1481 408 1516 de
428 1481 535 1529 Spine
561 1494 642 1516 cum
668 1480 837 1516 univerfis
864 1487 899 1517 et
925 1480 1068 1528 fingulis
1093 1481 1160 1516 suis
1186 1479 1408 1528 pertinentiis
1426 1479 1627 1527 dependen-

134 1537 190 1571 tiis
214 1543 249 1572 et
270 1538 418 1573 annexis
438 1537 475 1572 in
497 1551 631 1573 meram
650 1544 685 1574 et
703 1538 849 1573 liberam
867 1538 1089 1585 regalitatem
1112 1537 1170 1572 seu
1191 1536 1360 1584 regaliam
1379 1555 1387 1563 ·
1415 1535 1626 1571 Tenendam

134 1599 169 1628 et
186 1594 384 1629 habendam
402 1594 574 1642 prefatam
596 1595 779 1630 baroniam
803 1608 844 1630 ac
866 1595 1020 1642 burgum
1044 1594 1246 1642 predid‘mm
1265 1606 1346 1629 cum
1364 1592 1432 1628 suis
1448 1593 1626 1640 pertinen-

133 1650 190 1685 tiis
208 1650 453 1698 dependentiis
472 1657 507 1687 et
524 1652 671 1687 annexis
690 1652 788 1687 dieto
810 1651 967 1688 Johanni
985 1651 1146 1699 episcopo
1171 1648 1384 1687 moraviensi
1406 1655 1442 1685 et
1464 1649 1531 1684 suis
1553 1650 1626 1685 suc-

133 1707 320 1742 cefl'oribus
338 1708 505 1756 episcopis
528 1708 669 1744 ecclefie
693 1707 921 1745 moraviensis
946 1709 990 1744 de
1008 1708 1110 1743 nobis
1128 1712 1164 1743 et
1181 1706 1428 1743 suecefforibus
1445 1706 1570 1742 nostris
1588 1707 1625 1742 in

133 1776 268 1799 meram
284 1777 411 1812 puram
429 1771 465 1801 et
482 1765 628 1801 liberam
648 1766 870 1814 regalitatem
884 1766 943 1801 seu
956 1765 1124 1813 regaliam
1143 1765 1181 1800 in
1197 1764 1304 1800 feodo
1322 1768 1358 1799 et
1375 1764 1570 1800 hereditate
1588 1765 1625 1800 in

129 1826 346 1869 perpetuum
364 1841 373 1850 ·
399 1835 482 1858 cum
507 1822 676 1859 universis
702 1822 1012 1859 commoditatibus
1037 1827 1074 1872 et
1094 1821 1263 1870 proficuis
1289 1821 1393 1857 diffis
1418 1821 1565 1857 baronie
1589 1827 1624 1857 et

133 1877 248 1925 burgo
265 1879 524 1927 pertinentibus
539 1899 547 1908 -
566 1893 649 1915 cum
666 1880 777 1916 libera
793 1879 921 1916 foresta
937 1885 973 1916 et
986 1892 1143 1916 varenna
1157 1898 1165 1907 ·
1180 1879 1293 1915 feodis
1311 1883 1346 1914 et
1362 1878 1596 1914 forisfa6turis
1615 1897 1623 1906 ·

133 1933 298 1971 custumis
316 1955 325 1963 ·
344 1941 381 1972 et
397 1937 689 1973 advocationibus
707 1936 930 1973 ecclesiarum
942 1956 951 1965 ·
966 1949 1048 1973 cum
1064 1936 1250 1972 itineribus
1267 1940 1303 1971 et
1317 1935 1422 1971 curiis
1433 1934 1623 1983 justiciarie

134 1993 325 2029 camerarie
342 1999 378 2030 et
395 1994 663 2031 vicecomitatus
685 2008 727 2031 ac
747 1995 902 2043 ipsorum
926 1995 1094 2031 itinerum
1121 1999 1158 2030 et
1180 1993 1359 2030 curiarum
1382 1992 1624 2040 prediGtarum

134 2048 262 2085 finibus
278 2051 560 2088 amerciamentis
578 2052 729 2088 exitibus
747 2057 783 2088 et
801 2052 967 2088 eschaetis
986 2071 995 2079 ·
1022 2064 1105 2087 cum
1128 2050 1302 2099 portubus
1320 2055 1356 2085 et
1372 2049 1530 2097 paffagiis
1548 2066 1558 2078 ο
1581 2062 1621 2085 ac

134 2118 215 2142 cum
242 2108 406 2144 omnibus
432 2109 509 2144 aliis
536 2114 573 2145 et
597 2108 741 2157 fingulis
768 2109 989 2145 libertatibus
1017 2107 1328 2145 commoditatibus
1355 2111 1391 2143 et
1415 2105 1621 2142 aifiamentis

134 2174 174 2198 ac
185 2162 298 2211 justiis
318 2166 541 2213 pertinentiis
558 2166 626 2201 suis
643 2166 907 2214 quibuscunque
929 2171 1003 2202 tam
1025 2178 1101 2202 non
1123 2164 1315 2201 nominatis
1336 2176 1441 2211 quam
1462 2163 1621 2199 nomina*

134 2218 179 2254 tis
195 2219 240 2256 ad
257 2222 478 2269 regalitatem
504 2223 563 2259 seu
584 2223 753 2272 regaliam
775 2223 1013 2272 spectantibus
1034 2223 1093 2259 seu
1114 2221 1344 2270 quovismodo
1355 2219 1447 2269 juste
1464 2220 1620 2267 spe6tare

846 2284 870 2316 2
887 2293 908 2316 F
