2060 2660
244 1598 313 1636 1Q7

351 174 421 207 140
741 172 1058 209 REGISTRUM
1086 171 1450 209 MORAVIENSE.

350 270 598 306 consuetudini
622 277 658 307 et
681 270 811 307 statuto
841 291 849 300 ·
882 271 1047 307 omnibus
1075 271 1192 306 literis
1215 269 1363 305 indultis
1391 280 1472 303 cum
1501 267 1696 316 privilegiis
1724 281 1745 303 a
1771 268 1852 304 sede

349 327 538 376 apostolica
560 334 596 365 et
617 343 639 365 a
660 330 758 365 curia
784 330 883 377 regia
908 329 1104 377 impetratis
1129 334 1165 363 et
1190 326 1422 374 impetrandis
1447 344 1456 352 ·
1483 338 1624 360 necnon
1644 331 1680 361 et
1698 326 1852 374 prohibi-

349 385 440 420 tioni
459 405 467 414 ·
495 386 737 423 constitutioni
761 387 804 422 de
828 387 965 422 duabus
986 386 1088 421 dietis
1112 385 1206 420 edite
1229 384 1266 418 in
1291 382 1444 419 concilio
1468 382 1627 430 generali
1659 402 1667 411 ·
1699 389 1735 419 et
1753 385 1850 419 omni

349 443 566 479 excusationi
582 464 590 472 ·
610 443 800 480 defenfioni
820 443 994 492 personali
1013 448 1048 478 et
1066 442 1153 477 reali
1170 454 1240 488 que
1258 439 1360 488 possit
1379 439 1471 474 obici
1485 445 1611 475 contra
1624 440 1712 476 istud
1727 441 1851 478 instru-

350 507 510 536 mentum
529 502 586 537 vel
604 515 673 549 que
692 501 793 536 nobis
812 499 952 536 ecclefie
970 499 1088 535 nostre
1107 516 1320 527 ········
1345 495 1448 545 poffit
1466 497 1580 533 obeffe
1599 503 1635 533 et
1651 496 1711 533 fibi
1730 505 1765 534 et
1783 500 1851 535 suis

348 558 508 606 prodeffe
535 579 544 587 ·
572 559 824 595 nichilominus
842 557 1064 605 subjicientes
1082 556 1115 591 se
1133 561 1168 591 et
1185 555 1335 590 heredes
1356 554 1435 590 suos
1459 555 1576 602 quoad
1604 555 1672 591 hoc
1688 555 1850 604 jurisdic-

348 616 437 651 tioni
457 617 607 665 episcopi
627 637 635 645 ·
662 616 786 652 decani
805 635 813 643 ·
836 614 1075 650 archidiaconi
1095 612 1236 649 ecclesie
1255 611 1486 649 moraviensis
1510 613 1570 660 qui
1596 626 1662 661 pro
1687 619 1850 662 tempore

347 673 481 710 fuerint
500 694 508 703 ·
536 680 576 710 ut
600 675 704 710 liceat
730 674 779 709 eis
803 678 865 708 aut
888 672 951 708 uni
972 684 1096 707 eorum
1114 669 1185 706 fine
1203 670 1349 718 strepitu
1368 683 1582 718 quocunque
1609 690 1618 698 ·
1646 671 1850 707 monitioni-

347 730 412 766 bus
431 732 681 767 tantummodo
699 731 881 779 legittimis
899 730 943 764 ad
962 728 1112 764 castrum
1132 729 1176 764 de
1192 747 1405 756 ········
1421 728 1626 776 ubicunque
1644 729 1778 765 suerint
1791 729 1848 766 vel

347 789 453 824 etiam
481 789 711 825 inveniantur
739 808 747 816 ·
775 801 839 836 per
862 785 1089 835 suspensionis
1112 785 1156 821 ab
1177 785 1331 833 ingressu
1350 784 1491 821 ecclefie
1510 791 1546 822 et
1564 787 1848 823 excommunica„

346 847 454 882 tionis
482 847 625 895 majoris
649 852 685 882 et
708 845 891 881 interdicti
914 845 951 879 in
974 849 1086 879 terras
1115 843 1313 879 eorundem
1339 843 1529 879 sententias
1560 863 1569 871 ·
1598 844 1779 892 quousque
1802 845 1847 881 ad

347 904 501 940 debitam
520 904 731 939 solutionem
754 902 913 951 predffike
932 901 1082 949 pecunie
1100 901 1234 936 summe
1253 900 1393 949 plenius
1411 901 1608 937 faciendam
1627 921 1636 930 ·
1664 900 1688 936 fi
1706 902 1742 937 in
1761 902 1847 950 ejus-

346 962 427 997 dem
451 962 600 1010 pecunie
623 960 796 996 solutione
824 958 1030 995 cessaverint
1059 978 1067 986 ·
1097 958 1288 994 districtius
1315 959 1530 1007 compellere
1549 978 1558 987 ·
1587 959 1635 995 Et
1658 959 1702 995 ad
1726 960 1847 996 onmia

345 1020 506 1067 premissa
528 1019 681 1054 fideliter
705 1023 740 1053 et
763 1016 834 1052 fine
858 1017 982 1052 fraude
1005 1015 1223 1052 observanda
1241 1016 1329 1052 diffisi
1348 1017 1407 1052 ·R-
1428 1022 1464 1053 et
1482 1019 1544 1054 -m-
1563 1017 1686 1065 sponsa
1703 1017 1763 1053 sua
1779 1031 1845 1066 pro

344 1077 377 1112 se
398 1083 434 1113 et
456 1077 643 1112 heredibus
669 1075 736 1110 suis
763 1075 799 1109 in
825 1074 1001 1123 presentia
1027 1073 1145 1109 nostra
1164 1094 1172 1102 ·
1199 1074 1339 1109 Decani
1364 1079 1400 1110 et
1422 1075 1568 1123 capituli
1586 1075 1843 1111 sacramentum

344 1134 570 1183 prestiterunt
595 1132 779 1181 corporale
799 1152 807 1160 ·
837 1132 881 1167 In
906 1131 1011 1180 hujus
1034 1132 1086 1167 rei
1110 1131 1350 1167 testimonium
1375 1132 1528 1180 presenti
1547 1132 1675 1180 scripto
1692 1131 1844 1180 figillum

343 1192 498 1227 nostrum
514 1204 586 1226 una
599 1204 680 1226 curn
695 1189 806 1238 figillo
820 1189 965 1238 capituli
980 1189 1089 1225 nostri
1102 1190 1250 1226 fecimus
1263 1190 1395 1238 apponi
1411 1209 1418 1218 ·
1434 1203 1516 1226 cum
1535 1190 1845 1239 subscriptionibus

343 1250 597 1284 canonicorum
629 1268 637 1276 ·
676 1248 814 1283 Datum
840 1247 935 1296 apud
961 1247 1134 1284 Kenedor
1159 1247 1198 1283 in
1224 1247 1389 1285 moravia
1415 1267 1424 1276 ·
1445 1267 1454 1276 ·
1474 1267 1483 1276 ·
1503 1267 1512 1276 ·
1533 1267 1541 1276 ·
1562 1267 1570 1277 ·
1591 1267 1599 1276 ·
1620 1267 1629 1276 ·
1653 1249 1843 1286 -co⁰·cc⁰·lx-

341 1320 438 1342 nono
458 1326 466 1334 ·
486 1306 602 1342 mense
620 1306 711 1343 ‹oaio
727 1325 735 1333 ·

341 1480 463 1516 Litera
482 1480 542 1515 ·A·
562 1479 713 1528 episcopi
732 1479 776 1515 de
795 1479 1047 1515 denunciando
1066 1479 1136 1515 -w-
1157 1479 1201 1516 de
1220 1479 1389 1516 Fentoun
1407 1499 1417 1508 ·

343 1594 523 1631 Univerfis
549 1595 730 1643 Episcopis
748 1614 756 1623 ·
785 1595 986 1630 Abbatibus
1005 1614 1013 1623 ·
1048 1595 1232 1630 Prioribus
1250 1614 1259 1623 ·
1288 1595 1445 1631 Decanis
1464 1614 1472 1623 ·
1504 1596 1777 1633 Archidiaconis
1805 1603 1841 1633 et

342 1654 468 1688 ceteris
493 1652 714 1688 ecclefiarum
733 1653 876 1700 prelatis
894 1653 931 1688 in
950 1652 1102 1688 concilio
1122 1653 1178 1689 die
1196 1653 1281 1689 lune
1299 1654 1464 1701 proximo
1482 1653 1558 1701 post
1574 1653 1698 1690 festum
1718 1655 1839 1692 83,ηὸὶί

344 1710 587 1746 Bartholomei
606 1711 642 1745 in
661 1709 802 1746 ecclelia
820 1711 969 1746 fratrum
989 1711 1253 1757 predicatorum
1273 1711 1317 1747 de
1333 1711 1442 1747 Perth
1460 1711 1674 1747 celebrando
1692 1726 1840 1760 congre-

341 1768 432 1816 gatis
451 1768 511 1803 Ἀ·
532 1768 602 1803 Dei
621 1769 734 1815 gratia
752 1768 982 1804 moraviensis
1000 1769 1182 1815 episcopus
1199 1769 1345 1805 salutem
1365 1769 1403 1804 in
1420 1769 1539 1805 salutis
1556 1770 1704 1806 amstore
1727 1790 1735 1798 ·
1765 1771 1839 1807 No-

341 1826 462 1861 veritis
488 1838 554 1860 nos
580 1826 616 1860 in
643 1825 704 1860 lite
730 1826 823 1861 inter
846 1839 912 1861 nos
938 1832 974 1861 et
1001 1827 1186 1862 dominum
1206 1827 1426 1862 Willelmum
1450 1828 1494 1863 de
1517 1827 1681 1863 Fentona
1706 1828 1839 1864 diutius

342 1883 475 1931 agitata
489 1882 716 1931 subscriptum
736 1896 756 1918 a
769 1883 947 1931 judicibus
965 1884 1135 1932 delegatis
1149 1884 1334 1921 obtinuifi'e
1349 1885 1532 1921 decretum
1565 1886 1624 1921 ·R·
1642 1886 1711 1921 Dei
1725 1887 1839 1934 gratia

343 1940 524 1989 episcopus
542 1946 578 1975 et
596 1941 750 1976 decanus
771 1940 944 1977 Roffenfis
963 1941 1104 1978 ecclesie
1123 1948 1158 1978 et
1174 1943 1278 1978 Prior
1296 1943 1340 1978 de
1360 1943 1463 1978 Bello
1481 1943 1561 1979 loco
1580 1943 1733 1991 ejusdem
1754 1944 1837 1992 dyo—

342 1998 458 2034 ceseos
476 2003 685 2033 executores
703 1999 863 2044 deputati
881 2013 901 2034 a
918 2000 996 2034 viro
1015 2000 1178 2048 religioso
1195 2000 1265 2036 Dei
1283 2001 1397 2048 gratia
1412 2000 1554 2037 Abbate
1574 2001 1617 2036 de
1633 2001 1711 2037 Der
1728 2001 1836 2037 unico

335 2055 458 2104 judice
481 2069 503 2091 a
525 2056 604 2091 sede
630 2055 818 2103 apostolica
844 2057 1006 2104 delegato
1028 2058 1066 2092 in
1087 2058 1189 2093 causa
1206 2071 1275 2106 que
1293 2058 1396 2107 super
1414 2064 1510 2094 terra
1527 2057 1668 2094 ecclefie
1686 2058 1730 2094 de
1751 2058 1838 2094 Kel-

339 2114 503 2161 talargyn
520 2113 726 2148 vertebatur
743 2113 836 2148 inter
854 2115 1091 2150 venerabilem
1111 2122 1247 2164 patrem
1268 2117 1329 2151 ·A·
1350 2116 1421 2152 Dei
1443 2116 1558 2163 gratia
1575 2116 1834 2152 moraviensem

340 2170 540 2219 episcopum
567 2171 727 2206 nestorem
754 2184 798 2206 ex
824 2184 897 2206 una
924 2177 959 2207 et
986 2172 1171 2208 dominum
1205 2173 1274 2208 -W·
1306 2173 1350 2209 de
1381 2173 1549 2209 Fenthon
1580 2173 1765 2208 dominum
1790 2173 1835 2209 de

340 2228 498 2263 Beuford
517 2228 553 2263 in
572 2228 605 2263 le
626 2228 730 2263 Hard
748 2234 784 2264 et
802 2228 963 2264 Ciciliam
987 2229 1144 2277 sponsam
1167 2231 1262 2266 suam
1284 2244 1364 2267 reos
1387 2243 1431 2266 ex
1453 2230 1565 2266 altera
1583 2249 1592 2258 ·
1616 2230 1756 2266 dilectis
1773 2229 1833 2266 fibi

339 2286 375 2321 in
395 2285 535 2322 Christo
554 2285 704 2322 Decano
724 2285 994 2322 Christianitatis
1018 2287 1062 2323 de
1082 2287 1258 2336 Inuernys
1287 2308 1296 2318 ·
1327 2288 1478 2325 Raitori
1504 2286 1645 2324 ecclefie
1672 2288 1716 2324 de
1736 2288 1833 2324 Lun-
