<?xml version="1.0" encoding="UTF-8"?>
<!DOCTYPE html PUBLIC "-//W3C//DTD XHTML 1.0 Transitional//EN"
    "http://www.w3.org/TR/xhtml1/DTD/xhtml1-transitional.dtd">
<html xmlns="http://www.w3.org/1999/xhtml" xml:lang="en" lang="en">
 <head>
  <title>
</title>
<meta http-equiv="Content-Type" content="text/html;charset=utf-8" />
  <meta name='ocr-system' content='tesseract 3.04.00' />
  <meta name='ocr-capabilities' content='ocr_page ocr_carea ocr_par ocr_line ocrx_word'/>
</head>
<body>
  <div class='ocr_page' id='page_1' title='image "./registrumepisc5800morauoft_0171.png"; bbox 0 0 2066 2780; ppageno 0'>
   <div class='ocr_carea' id='block_1_1' title="bbox 574 132 1671 175">
    <p class='ocr_par' dir='ltr' id='par_1_1' title="bbox 574 132 1671 175">
     <span class='ocr_line' id='line_1_1' title="bbox 574 132 1671 175; baseline 0.006 -7"><span class='ocrx_word' id='word_1_1' title='bbox 574 132 890 169; x_wconf 87' lang='lat' dir='ltr'><strong>REGISTRUM</strong></span> <span class='ocrx_word' id='word_1_2' title='bbox 918 133 1279 172; x_wconf 85' lang='lat' dir='ltr'><strong>MORAVIENSE.</strong></span> <span class='ocrx_word' id='word_1_3' title='bbox 1624 140 1671 175; x_wconf 80' lang='lat'>63</span> 
     </span>
    </p>
   </div>
   <div class='ocr_carea' id='block_1_2' title="bbox 174 229 1676 842">
    <p class='ocr_par' dir='ltr' id='par_1_2' title="bbox 174 229 1676 842">
     <span class='ocr_line' id='line_1_2' title="bbox 180 229 1674 281; baseline 0.004 -14"><span class='ocrx_word' id='word_1_4' title='bbox 180 230 292 267; x_wconf 86' lang='lat' dir='ltr'>vestra</span> <span class='ocrx_word' id='word_1_5' title='bbox 308 229 507 266; x_wconf 87' lang='lat' dir='ltr'>neceflitate</span> <span class='ocrx_word' id='word_1_6' title='bbox 525 230 668 278; x_wconf 87' lang='lat' dir='ltr'>pensata</span> <span class='ocrx_word' id='word_1_7' title='bbox 687 250 695 258; x_wconf 93' lang='lat'><strong>·</strong></span> <span class='ocrx_word' id='word_1_8' title='bbox 715 231 759 266; x_wconf 92' lang='lat' dir='ltr'>de</span> <span class='ocrx_word' id='word_1_9' title='bbox 778 231 922 266; x_wconf 86' lang='lat' dir='ltr'>decimis</span> <span class='ocrx_word' id='word_1_10' title='bbox 940 231 1035 266; x_wconf 89' lang='lat' dir='ltr'>bladi</span> <span class='ocrx_word' id='word_1_11' title='bbox 1053 232 1220 279; x_wconf 86' lang='lat' dir='ltr'>parochie</span> <span class='ocrx_word' id='word_1_12' title='bbox 1239 233 1282 268; x_wconf 91' lang='lat' dir='ltr'>de</span> <span class='ocrx_word' id='word_1_13' title='bbox 1300 235 1387 281; x_wconf 76' lang='lat' dir='ltr'>moy</span> <span class='ocrx_word' id='word_1_14' title='bbox 1418 254 1427 261; x_wconf 91' lang='lat'>-</span> <span class='ocrx_word' id='word_1_15' title='bbox 1459 241 1495 270; x_wconf 91' lang='lat' dir='ltr'>et</span> <span class='ocrx_word' id='word_1_16' title='bbox 1521 236 1674 273; x_wconf 79' lang='lat' dir='ltr'>eoclefia-</span> 
     </span>
     <span class='ocr_line' id='line_1_3' title="bbox 180 287 1674 337; baseline 0.003 -13"><span class='ocrx_word' id='word_1_17' title='bbox 180 302 259 324; x_wconf 88' lang='lat' dir='ltr'>rum</span> <span class='ocrx_word' id='word_1_18' title='bbox 278 289 321 323; x_wconf 92' lang='lat' dir='ltr'>de</span> <span class='ocrx_word' id='word_1_19' title='bbox 335 288 463 335; x_wconf 89' lang='lat' dir='ltr'>Kynor</span> <span class='ocrx_word' id='word_1_20' title='bbox 476 293 512 323; x_wconf 90' lang='lat' dir='ltr'>et</span> <span class='ocrx_word' id='word_1_21' title='bbox 526 287 733 323; x_wconf 89' lang='lat' dir='ltr'>Dunbanan</span> <span class='ocrx_word' id='word_1_22' title='bbox 749 308 758 316; x_wconf 89' lang='lat'><strong>·</strong></span> <span class='ocrx_word' id='word_1_23' title='bbox 774 288 1030 324; x_wconf 84' lang='lat' dir='ltr'>deliberatione</span> <span class='ocrx_word' id='word_1_24' title='bbox 1042 289 1193 337; x_wconf 90' lang='lat' dir='ltr'>provida</span> <span class='ocrx_word' id='word_1_25' title='bbox 1211 302 1293 324; x_wconf 92' lang='lat' dir='ltr'>cum</span> <span class='ocrx_word' id='word_1_26' title='bbox 1311 290 1424 325; x_wconf 91' lang='lat' dir='ltr'>vestro</span> <span class='ocrx_word' id='word_1_27' title='bbox 1442 292 1573 328; x_wconf 87' lang='lat' dir='ltr'>affensu</span> <span class='ocrx_word' id='word_1_28' title='bbox 1587 295 1674 329; x_wconf 81' lang='lat' dir='ltr'>duas</span> 
     </span>
     <span class='ocr_line' id='line_1_4' title="bbox 179 345 1671 394; baseline 0.003 -13"><span class='ocrx_word' id='word_1_29' title='bbox 179 345 400 381; x_wconf 84' lang='lat' dir='ltr'>canonicales</span> <span class='ocrx_word' id='word_1_30' title='bbox 422 345 619 393; x_wconf 90' lang='lat' dir='ltr'>prebendas</span> <span class='ocrx_word' id='word_1_31' title='bbox 646 346 789 381; x_wconf 89' lang='lat' dir='ltr'>duxerit</span> <span class='ocrx_word' id='word_1_32' title='bbox 812 345 1012 381; x_wconf 88' lang='lat' dir='ltr'>statuendas</span> <span class='ocrx_word' id='word_1_33' title='bbox 1048 365 1056 374; x_wconf 90' lang='lat'><strong>·</strong></span> <span class='ocrx_word' id='word_1_34' title='bbox 1089 359 1156 381; x_wconf 87' lang='lat' dir='ltr'>nos</span> <span class='ocrx_word' id='word_1_35' title='bbox 1173 346 1294 382; x_wconf 88' lang='lat' dir='ltr'>vestris</span> <span class='ocrx_word' id='word_1_36' title='bbox 1311 348 1473 394; x_wconf 86' lang='lat' dir='ltr'>precibus</span> <span class='ocrx_word' id='word_1_37' title='bbox 1490 349 1671 386; x_wconf 86' lang='lat' dir='ltr'>inclinati·</span> 
     </span>
     <span class='ocr_line' id='line_1_5' title="bbox 177 402 1673 452; baseline 0.003 -15"><span class='ocrx_word' id='word_1_38' title='bbox 177 402 344 437; x_wconf 86' lang='lat' dir='ltr'>statutum</span> <span class='ocrx_word' id='word_1_39' title='bbox 370 402 571 451; x_wconf 92' lang='lat' dir='ltr'>hujusmodi</span> <span class='ocrx_word' id='word_1_40' title='bbox 598 402 683 438; x_wconf 90' lang='lat' dir='ltr'>ficut</span> <span class='ocrx_word' id='word_1_41' title='bbox 709 402 780 438; x_wconf 90' lang='lat' dir='ltr'>fine</span> <span class='ocrx_word' id='word_1_42' title='bbox 803 403 978 451; x_wconf 80' lang='lat' dir='ltr'>pravitate</span> <span class='ocrx_word' id='word_1_43' title='bbox 1004 404 1061 451; x_wconf 90' lang='lat' dir='ltr'>pie</span> <span class='ocrx_word' id='word_1_44' title='bbox 1086 409 1122 439; x_wconf 90' lang='lat' dir='ltr'>et</span> <span class='ocrx_word' id='word_1_45' title='bbox 1145 404 1295 452; x_wconf 89' lang='lat' dir='ltr'>provide</span> <span class='ocrx_word' id='word_1_46' title='bbox 1319 404 1453 440; x_wconf 55' lang='lat' dir='ltr'>fabrum</span> <span class='ocrx_word' id='word_1_47' title='bbox 1472 406 1519 441; x_wconf 89' lang='lat' dir='ltr'>est</span> <span class='ocrx_word' id='word_1_48' title='bbox 1540 426 1548 434; x_wconf 90' lang='lat'>·</span> <span class='ocrx_word' id='word_1_49' title='bbox 1574 408 1673 442; x_wconf 92' lang='lat' dir='ltr'>dum-</span> 
     </span>
     <span class='ocr_line' id='line_1_6' title="bbox 176 459 1674 511; baseline 0.003 -17"><span class='ocrx_word' id='word_1_50' title='bbox 176 459 284 495; x_wconf 87' lang='lat' dir='ltr'>modo</span> <span class='ocrx_word' id='word_1_51' title='bbox 315 460 353 495; x_wconf 92' lang='lat' dir='ltr'>in</span> <span class='ocrx_word' id='word_1_52' title='bbox 377 459 470 508; x_wconf 90' lang='lat' dir='ltr'>juris</span> <span class='ocrx_word' id='word_1_53' title='bbox 498 460 603 496; x_wconf 89' lang='lat' dir='ltr'>alieni</span> <span class='ocrx_word' id='word_1_54' title='bbox 634 474 709 496; x_wconf 94' lang='lat' dir='ltr'>non</span> <span class='ocrx_word' id='word_1_55' title='bbox 739 461 918 496; x_wconf 81' lang='lat' dir='ltr'>redundet</span> <span class='ocrx_word' id='word_1_56' title='bbox 944 461 1181 509; x_wconf 83' lang='lat' dir='ltr'>prejudicium</span> <span class='ocrx_word' id='word_1_57' title='bbox 1209 481 1218 489; x_wconf 91' lang='lat'><strong>·</strong></span> <span class='ocrx_word' id='word_1_58' title='bbox 1247 462 1461 498; x_wconf 70' lang='lat' dir='ltr'>auctoritate</span> <span class='ocrx_word' id='word_1_59' title='bbox 1488 463 1674 511; x_wconf 88' lang='lat' dir='ltr'>apostolica</span> 
     </span>
     <span class='ocr_line' id='line_1_7' title="bbox 176 517 1672 568; baseline 0.003 -16"><span class='ocrx_word' id='word_1_60' title='bbox 176 517 428 553; x_wconf 90' lang='lat' dir='ltr'>confirmamus</span> <span class='ocrx_word' id='word_1_61' title='bbox 452 523 488 554; x_wconf 90' lang='lat' dir='ltr'>et</span> <span class='ocrx_word' id='word_1_62' title='bbox 511 518 681 566; x_wconf 89' lang='lat' dir='ltr'>presentis</span> <span class='ocrx_word' id='word_1_63' title='bbox 704 518 822 566; x_wconf 84' lang='lat' dir='ltr'>scripti</span> <span class='ocrx_word' id='word_1_64' title='bbox 841 518 1040 554; x_wconf 87' lang='lat' dir='ltr'>testimonio</span> <span class='ocrx_word' id='word_1_65' title='bbox 1058 519 1322 554; x_wconf 86' lang='lat' dir='ltr'>communimus</span> <span class='ocrx_word' id='word_1_66' title='bbox 1344 539 1353 547; x_wconf 89' lang='lat'><strong>·</strong></span> <span class='ocrx_word' id='word_1_67' title='bbox 1377 519 1480 555; x_wconf 89' lang='lat' dir='ltr'>Nulli</span> <span class='ocrx_word' id='word_1_68' title='bbox 1498 533 1584 568; x_wconf 86' lang='lat' dir='ltr'>ergo</span> <span class='ocrx_word' id='word_1_69' title='bbox 1603 535 1672 556; x_wconf 93' lang='lat' dir='ltr'>om·</span> 
     </span>
     <span class='ocr_line' id='line_1_8' title="bbox 175 574 1675 625; baseline 0.003 -16"><span class='ocrx_word' id='word_1_70' title='bbox 175 574 261 609; x_wconf 91' lang='lat' dir='ltr'>nino</span> <span class='ocrx_word' id='word_1_71' title='bbox 280 575 467 611; x_wconf 87' lang='lat' dir='ltr'>hominum</span> <span class='ocrx_word' id='word_1_72' title='bbox 485 576 590 612; x_wconf 90' lang='lat' dir='ltr'>liceat</span> <span class='ocrx_word' id='word_1_73' title='bbox 607 576 699 611; x_wconf 89' lang='lat' dir='ltr'>hanc</span> <span class='ocrx_word' id='word_1_74' title='bbox 716 576 883 624; x_wconf 83' lang='lat' dir='ltr'>paginam</span> <span class='ocrx_word' id='word_1_75' title='bbox 901 576 1018 612; x_wconf 89' lang='lat' dir='ltr'>nostre</span> <span class='ocrx_word' id='word_1_76' title='bbox 1037 576 1319 612; x_wconf 90' lang='lat' dir='ltr'>confirmationis</span> <span class='ocrx_word' id='word_1_77' title='bbox 1345 577 1540 625; x_wconf 88' lang='lat' dir='ltr'>infringere</span> <span class='ocrx_word' id='word_1_78' title='bbox 1563 579 1621 614; x_wconf 91' lang='lat' dir='ltr'>vel</span> <span class='ocrx_word' id='word_1_79' title='bbox 1643 579 1675 614; x_wconf 86' lang='lat' dir='ltr'>ei</span> 
     </span>
     <span class='ocr_line' id='line_1_9' title="bbox 174 631 1673 683; baseline 0.002 -16"><span class='ocrx_word' id='word_1_80' title='bbox 174 631 259 667; x_wconf 91' lang='lat' dir='ltr'>ausu</span> <span class='ocrx_word' id='word_1_81' title='bbox 286 633 477 669; x_wconf 89' lang='lat' dir='ltr'>temerario</span> <span class='ocrx_word' id='word_1_82' title='bbox 504 634 683 669; x_wconf 87' lang='lat' dir='ltr'>contraire</span> <span class='ocrx_word' id='word_1_83' title='bbox 711 653 719 661; x_wconf 91' lang='lat'><strong>·</strong></span> <span class='ocrx_word' id='word_1_84' title='bbox 750 634 786 669; x_wconf 90' lang='lat' dir='ltr'>Si</span> <span class='ocrx_word' id='word_1_85' title='bbox 817 634 894 680; x_wconf 88' lang='lat' dir='ltr'>quis</span> <span class='ocrx_word' id='word_1_86' title='bbox 922 639 1043 669; x_wconf 91' lang='lat' dir='ltr'>autem</span> <span class='ocrx_word' id='word_1_87' title='bbox 1068 634 1137 669; x_wconf 93' lang='lat' dir='ltr'>hoc</span> <span class='ocrx_word' id='word_1_88' title='bbox 1163 639 1375 682; x_wconf 87' lang='lat' dir='ltr'>attemptare</span> <span class='ocrx_word' id='word_1_89' title='bbox 1401 635 1647 683; x_wconf 88' lang='lat' dir='ltr'>presumpserit</span> <span class='ocrx_word' id='word_1_90' title='bbox 1666 656 1673 663; x_wconf 92' lang='lat'><strong>·</strong></span> 
     </span>
     <span class='ocr_line' id='line_1_10' title="bbox 175 689 1674 739; baseline 0.003 -16"><span class='ocrx_word' id='word_1_91' title='bbox 175 689 457 736; x_wconf 80' lang='lat' dir='ltr'>indignationem</span> <span class='ocrx_word' id='word_1_92' title='bbox 482 691 737 739; x_wconf 90' lang='lat' dir='ltr'>omnipotentis</span> <span class='ocrx_word' id='word_1_93' title='bbox 758 691 832 726; x_wconf 93' lang='lat' dir='ltr'>Dei</span> <span class='ocrx_word' id='word_1_94' title='bbox 859 697 895 727; x_wconf 84' lang='lat' dir='ltr'>et</span> <span class='ocrx_word' id='word_1_95' title='bbox 920 691 1107 726; x_wconf 87' lang='lat' dir='ltr'>beatorum</span> <span class='ocrx_word' id='word_1_96' title='bbox 1131 691 1229 726; x_wconf 92' lang='lat' dir='ltr'>Petri</span> <span class='ocrx_word' id='word_1_97' title='bbox 1251 696 1286 727; x_wconf 92' lang='lat' dir='ltr'>et</span> <span class='ocrx_word' id='word_1_98' title='bbox 1311 691 1413 726; x_wconf 89' lang='lat' dir='ltr'>Pauli</span> <span class='ocrx_word' id='word_1_99' title='bbox 1435 691 1674 739; x_wconf 86' lang='lat' dir='ltr'>apostolorum</span> 
     </span>
     <span class='ocr_line' id='line_1_11' title="bbox 175 747 1676 798; baseline 0.003 -17"><span class='ocrx_word' id='word_1_100' title='bbox 175 747 250 796; x_wconf 90' lang='lat' dir='ltr'>ejus</span> <span class='ocrx_word' id='word_1_101' title='bbox 273 747 306 783; x_wconf 92' lang='lat' dir='ltr'>se</span> <span class='ocrx_word' id='word_1_102' title='bbox 328 749 470 784; x_wconf 88' lang='lat' dir='ltr'>noverit</span> <span class='ocrx_word' id='word_1_103' title='bbox 493 748 717 784; x_wconf 88' lang='lat' dir='ltr'>incursurum</span> <span class='ocrx_word' id='word_1_104' title='bbox 746 768 754 776; x_wconf 95' lang='lat'><strong>·</strong></span> <span class='ocrx_word' id='word_1_105' title='bbox 782 748 921 784; x_wconf 87' lang='lat' dir='ltr'>Datum</span> <span class='ocrx_word' id='word_1_106' title='bbox 940 748 1097 785; x_wconf 89' lang='lat' dir='ltr'>Lateran</span> <span class='ocrx_word' id='word_1_107' title='bbox 1118 748 1189 784; x_wconf 85' lang='lat' dir='ltr'>·xii·</span> <span class='ocrx_word' id='word_1_108' title='bbox 1211 749 1392 784; x_wconf 88' lang='lat' dir='ltr'>Kalendas</span> <span class='ocrx_word' id='word_1_109' title='bbox 1411 749 1498 785; x_wconf 69' lang='lat' dir='ltr'>maii</span> <span class='ocrx_word' id='word_1_110' title='bbox 1525 769 1533 777; x_wconf 92' lang='lat'><strong>·</strong></span> <span class='ocrx_word' id='word_1_111' title='bbox 1560 750 1676 798; x_wconf 82' lang='lat' dir='ltr'>ponti-</span> 
     </span>
     <span class='ocr_line' id='line_1_12' title="bbox 175 805 629 842; baseline 0.002 -3"><span class='ocrx_word' id='word_1_112' title='bbox 175 805 299 840; x_wconf 89' lang='lat' dir='ltr'>ficatus</span> <span class='ocrx_word' id='word_1_113' title='bbox 317 805 425 841; x_wconf 89' lang='lat' dir='ltr'>nostri</span> <span class='ocrx_word' id='word_1_114' title='bbox 443 819 538 842; x_wconf 88' lang='lat' dir='ltr'>anno</span> <span class='ocrx_word' id='word_1_115' title='bbox 558 806 629 842; x_wconf 85' lang='lat' dir='ltr'>·vii·</span> 
     </span>
    </p>
   </div>
   <div class='ocr_carea' id='block_1_3' title="bbox 177 977 1636 1028">
    <p class='ocr_par' dir='ltr' id='par_1_3' title="bbox 177 977 1636 1028">
     <span class='ocr_line' id='line_1_13' title="bbox 177 977 1636 1028; baseline 0.001 -16"><span class='ocrx_word' id='word_1_116' title='bbox 177 977 413 1014; x_wconf 90' lang='lat' dir='ltr'>Confirmatio</span> <span class='ocrx_word' id='word_1_117' title='bbox 433 978 591 1015; x_wconf 90' lang='lat' dir='ltr'>Honorii</span> <span class='ocrx_word' id='word_1_118' title='bbox 613 979 708 1027; x_wconf 89' lang='lat' dir='ltr'>Pape</span> <span class='ocrx_word' id='word_1_119' title='bbox 727 979 771 1015; x_wconf 91' lang='lat' dir='ltr'>de</span> <span class='ocrx_word' id='word_1_120' title='bbox 790 978 940 1015; x_wconf 90' lang='lat' dir='ltr'>ecclefiis</span> <span class='ocrx_word' id='word_1_121' title='bbox 959 979 1218 1028; x_wconf 90' lang='lat' dir='ltr'>pertinentibus</span> <span class='ocrx_word' id='word_1_122' title='bbox 1236 979 1281 1014; x_wconf 87' lang='lat' dir='ltr'>ad</span> <span class='ocrx_word' id='word_1_123' title='bbox 1300 979 1455 1015; x_wconf 88' lang='lat' dir='ltr'>mensam</span> <span class='ocrx_word' id='word_1_124' title='bbox 1474 979 1636 1027; x_wconf 91' lang='lat' dir='ltr'>episcopi·</span> 
     </span>
    </p>
   </div>
   <div class='ocr_carea' id='block_1_4' title="bbox 171 1092 1675 1716">
    <p class='ocr_par' dir='ltr' id='par_1_4' title="bbox 171 1092 1675 1716">
     <span class='ocr_line' id='line_1_14' title="bbox 178 1092 1675 1141; baseline 0.001 -14"><span class='ocrx_word' id='word_1_125' title='bbox 178 1092 366 1128; x_wconf 88' lang='lat' dir='ltr'>Honorius</span> <span class='ocrx_word' id='word_1_126' title='bbox 394 1093 574 1141; x_wconf 90' lang='lat' dir='ltr'>episcopus</span> <span class='ocrx_word' id='word_1_127' title='bbox 602 1094 721 1129; x_wconf 89' lang='lat' dir='ltr'>servus</span> <span class='ocrx_word' id='word_1_128' title='bbox 748 1094 931 1130; x_wconf 91' lang='lat' dir='ltr'>servorum</span> <span class='ocrx_word' id='word_1_129' title='bbox 958 1094 1030 1129; x_wconf 91' lang='lat' dir='ltr'>Dei</span> <span class='ocrx_word' id='word_1_130' title='bbox 1057 1094 1190 1130; x_wconf 65' lang='lat' dir='ltr'>dileeto</span> <span class='ocrx_word' id='word_1_131' title='bbox 1217 1094 1292 1129; x_wconf 91' lang='lat' dir='ltr'>filio</span> <span class='ocrx_word' id='word_1_132' title='bbox 1322 1094 1438 1130; x_wconf 74' lang='lat' dir='ltr'>ele6to</span> <span class='ocrx_word' id='word_1_133' title='bbox 1462 1093 1675 1131; x_wconf 79' lang='lat' dir='ltr'>(Doravienfi</span> 
     </span>
     <span class='ocr_line' id='line_1_15' title="bbox 176 1150 1674 1199; baseline 0.001 -14"><span class='ocrx_word' id='word_1_134' title='bbox 176 1150 322 1186; x_wconf 92' lang='lat' dir='ltr'>salutem</span> <span class='ocrx_word' id='word_1_135' title='bbox 342 1155 377 1186; x_wconf 91' lang='lat' dir='ltr'>et</span> <span class='ocrx_word' id='word_1_136' title='bbox 394 1150 618 1198; x_wconf 87' lang='lat' dir='ltr'>apostolicam</span> <span class='ocrx_word' id='word_1_137' title='bbox 636 1151 925 1187; x_wconf 65' lang='lat' dir='ltr'>benedictionem</span> <span class='ocrx_word' id='word_1_138' title='bbox 953 1171 961 1179; x_wconf 94' lang='lat'><strong>·</strong></span> <span class='ocrx_word' id='word_1_139' title='bbox 991 1152 1089 1187; x_wconf 91' lang='lat' dir='ltr'>Solet</span> <span class='ocrx_word' id='word_1_140' title='bbox 1107 1164 1266 1187; x_wconf 89' lang='lat' dir='ltr'>annuere</span> <span class='ocrx_word' id='word_1_141' title='bbox 1284 1152 1380 1187; x_wconf 85' lang='lat' dir='ltr'>sedes</span> <span class='ocrx_word' id='word_1_142' title='bbox 1398 1151 1587 1199; x_wconf 85' lang='lat' dir='ltr'>apostolica</span> <span class='ocrx_word' id='word_1_143' title='bbox 1608 1151 1674 1199; x_wconf 89' lang='lat' dir='ltr'>piis</span> 
     </span>
     <span class='ocr_line' id='line_1_16' title="bbox 176 1208 1674 1257; baseline 0.001 -15"><span class='ocrx_word' id='word_1_144' title='bbox 176 1208 268 1243; x_wconf 89' lang='lat' dir='ltr'>votis</span> <span class='ocrx_word' id='word_1_145' title='bbox 286 1213 321 1243; x_wconf 90' lang='lat' dir='ltr'>et</span> <span class='ocrx_word' id='word_1_146' title='bbox 338 1208 491 1244; x_wconf 88' lang='lat' dir='ltr'>honestis</span> <span class='ocrx_word' id='word_1_147' title='bbox 507 1209 706 1256; x_wconf 91' lang='lat' dir='ltr'>petentium</span> <span class='ocrx_word' id='word_1_148' title='bbox 724 1209 887 1257; x_wconf 88' lang='lat' dir='ltr'>precibus</span> <span class='ocrx_word' id='word_1_149' title='bbox 899 1209 1059 1245; x_wconf 87' lang='lat' dir='ltr'>favorem</span> <span class='ocrx_word' id='word_1_150' title='bbox 1072 1209 1287 1244; x_wconf 89' lang='lat' dir='ltr'>benevolum</span> <span class='ocrx_word' id='word_1_151' title='bbox 1302 1209 1478 1257; x_wconf 90' lang='lat' dir='ltr'>impertiri</span> <span class='ocrx_word' id='word_1_152' title='bbox 1492 1228 1500 1237; x_wconf 91' lang='lat'><strong>·</strong></span> <span class='ocrx_word' id='word_1_153' title='bbox 1515 1209 1674 1257; x_wconf 90' lang='lat' dir='ltr'>Eaprop-</span> 
     </span>
     <span class='ocr_line' id='line_1_17' title="bbox 175 1266 1674 1314; baseline 0.001 -14"><span class='ocrx_word' id='word_1_154' title='bbox 175 1270 230 1300; x_wconf 90' lang='lat' dir='ltr'>ter</span> <span class='ocrx_word' id='word_1_155' title='bbox 258 1266 389 1301; x_wconf 67' lang='lat' dir='ltr'>dileete</span> <span class='ocrx_word' id='word_1_156' title='bbox 415 1266 453 1300; x_wconf 90' lang='lat' dir='ltr'>in</span> <span class='ocrx_word' id='word_1_157' title='bbox 479 1266 642 1301; x_wconf 91' lang='lat' dir='ltr'>Domino</span> <span class='ocrx_word' id='word_1_158' title='bbox 670 1266 720 1301; x_wconf 91' lang='lat' dir='ltr'>fili</span> <span class='ocrx_word' id='word_1_159' title='bbox 747 1267 816 1302; x_wconf 91' lang='lat' dir='ltr'>tuis</span> <span class='ocrx_word' id='word_1_160' title='bbox 838 1266 940 1314; x_wconf 88' lang='lat' dir='ltr'>justis</span> <span class='ocrx_word' id='word_1_161' title='bbox 968 1266 1262 1314; x_wconf 89' lang='lat' dir='ltr'>postulationibus</span> <span class='ocrx_word' id='word_1_162' title='bbox 1288 1271 1391 1314; x_wconf 86' lang='lat' dir='ltr'>grato</span> <span class='ocrx_word' id='word_1_163' title='bbox 1418 1272 1674 1302; x_wconf 88' lang='lat' dir='ltr'>concurrentes</span> 
     </span>
     <span class='ocr_line' id='line_1_18' title="bbox 175 1323 1673 1372; baseline 0.001 -14"><span class='ocrx_word' id='word_1_164' title='bbox 175 1323 308 1358; x_wconf 83' lang='lat' dir='ltr'>assensu</span> <span class='ocrx_word' id='word_1_165' title='bbox 327 1342 335 1350; x_wconf 91' lang='lat'><strong>·</strong></span> <span class='ocrx_word' id='word_1_166' title='bbox 356 1323 399 1359; x_wconf 91' lang='lat' dir='ltr'>de</span> <span class='ocrx_word' id='word_1_167' title='bbox 419 1323 538 1371; x_wconf 86' lang='lat' dir='ltr'>Elgyn</span> <span class='ocrx_word' id='word_1_168' title='bbox 557 1343 565 1351; x_wconf 96' lang='lat'><strong>·</strong></span> <span class='ocrx_word' id='word_1_169' title='bbox 585 1324 628 1359; x_wconf 92' lang='lat' dir='ltr'>de</span> <span class='ocrx_word' id='word_1_170' title='bbox 647 1323 755 1372; x_wconf 84' lang='lat' dir='ltr'>Dyke</span> <span class='ocrx_word' id='word_1_171' title='bbox 775 1344 783 1351; x_wconf 94' lang='lat'><strong>·</strong></span> <span class='ocrx_word' id='word_1_172' title='bbox 804 1324 847 1359; x_wconf 89' lang='lat' dir='ltr'>de</span> <span class='ocrx_word' id='word_1_173' title='bbox 866 1323 1118 1359; x_wconf 83' lang='lat' dir='ltr'>Dunbathelac</span> <span class='ocrx_word' id='word_1_174' title='bbox 1140 1343 1149 1351; x_wconf 94' lang='lat'><strong>·</strong></span> <span class='ocrx_word' id='word_1_175' title='bbox 1174 1323 1218 1359; x_wconf 93' lang='lat' dir='ltr'>de</span> <span class='ocrx_word' id='word_1_176' title='bbox 1239 1323 1336 1359; x_wconf 87' lang='lat' dir='ltr'>Keth</span> <span class='ocrx_word' id='word_1_177' title='bbox 1360 1343 1368 1351; x_wconf 92' lang='lat'><strong>·</strong></span> <span class='ocrx_word' id='word_1_178' title='bbox 1388 1328 1424 1359; x_wconf 91' lang='lat' dir='ltr'>et</span> <span class='ocrx_word' id='word_1_179' title='bbox 1442 1324 1486 1359; x_wconf 94' lang='lat' dir='ltr'>de</span> <span class='ocrx_word' id='word_1_180' title='bbox 1506 1323 1673 1371; x_wconf 90' lang='lat' dir='ltr'>Edendy-</span> 
     </span>
     <span class='ocr_line' id='line_1_19' title="bbox 175 1379 1673 1429; baseline 0 -13"><span class='ocrx_word' id='word_1_181' title='bbox 175 1381 266 1416; x_wconf 90' lang='lat' dir='ltr'>uach</span> <span class='ocrx_word' id='word_1_182' title='bbox 285 1379 442 1416; x_wconf 85' lang='lat' dir='ltr'>ecclesias</span> <span class='ocrx_word' id='word_1_183' title='bbox 460 1381 504 1416; x_wconf 89' lang='lat' dir='ltr'>ad</span> <span class='ocrx_word' id='word_1_184' title='bbox 523 1381 755 1429; x_wconf 88' lang='lat' dir='ltr'>episcopalem</span> <span class='ocrx_word' id='word_1_185' title='bbox 772 1381 927 1417; x_wconf 90' lang='lat' dir='ltr'>mensam</span> <span class='ocrx_word' id='word_1_186' title='bbox 946 1381 1145 1429; x_wconf 63' lang='lat' dir='ltr'>spectantes</span> <span class='ocrx_word' id='word_1_187' title='bbox 1174 1400 1182 1409; x_wconf 82' lang='lat'><strong>.</strong></span> <span class='ocrx_word' id='word_1_188' title='bbox 1211 1379 1298 1416; x_wconf 90' lang='lat' dir='ltr'>ficut</span> <span class='ocrx_word' id='word_1_189' title='bbox 1321 1394 1379 1416; x_wconf 92' lang='lat' dir='ltr'>eas</span> <span class='ocrx_word' id='word_1_190' title='bbox 1395 1380 1487 1429; x_wconf 89' lang='lat' dir='ltr'>juste</span> <span class='ocrx_word' id='word_1_191' title='bbox 1510 1386 1547 1417; x_wconf 90' lang='lat' dir='ltr'>et</span> <span class='ocrx_word' id='word_1_192' title='bbox 1567 1394 1673 1417; x_wconf 92' lang='lat' dir='ltr'>cano-</span> 
     </span>
     <span class='ocr_line' id='line_1_20' title="bbox 175 1437 1674 1487; baseline 0.001 -14"><span class='ocrx_word' id='word_1_193' title='bbox 175 1438 253 1473; x_wconf 90' lang='lat' dir='ltr'>nice</span> <span class='ocrx_word' id='word_1_194' title='bbox 271 1437 449 1486; x_wconf 88' lang='lat' dir='ltr'>possidetis</span> <span class='ocrx_word' id='word_1_195' title='bbox 467 1444 503 1474; x_wconf 92' lang='lat' dir='ltr'>et</span> <span class='ocrx_word' id='word_1_196' title='bbox 520 1439 638 1486; x_wconf 89' lang='lat' dir='ltr'>quiete</span> <span class='ocrx_word' id='word_1_197' title='bbox 667 1458 675 1467; x_wconf 86' lang='lat'><strong>·</strong></span> <span class='ocrx_word' id='word_1_198' title='bbox 702 1439 767 1474; x_wconf 87' lang='lat' dir='ltr'>tibi</span> <span class='ocrx_word' id='word_1_199' title='bbox 790 1444 826 1474; x_wconf 89' lang='lat' dir='ltr'>et</span> <span class='ocrx_word' id='word_1_200' title='bbox 852 1452 915 1487; x_wconf 91' lang='lat' dir='ltr'>per</span> <span class='ocrx_word' id='word_1_201' title='bbox 942 1444 977 1474; x_wconf 92' lang='lat' dir='ltr'>te</span> <span class='ocrx_word' id='word_1_202' title='bbox 1004 1437 1145 1474; x_wconf 93' lang='lat' dir='ltr'>ecclefie</span> <span class='ocrx_word' id='word_1_203' title='bbox 1167 1444 1229 1474; x_wconf 92' lang='lat' dir='ltr'>tue</span> <span class='ocrx_word' id='word_1_204' title='bbox 1252 1438 1467 1474; x_wconf 68' lang='lat' dir='ltr'>a11&amp;0ritate</span> <span class='ocrx_word' id='word_1_205' title='bbox 1485 1438 1674 1486; x_wconf 86' lang='lat' dir='ltr'>apostolica</span> 
     </span>
     <span class='ocr_line' id='line_1_21' title="bbox 175 1495 1672 1544; baseline 0 -14"><span class='ocrx_word' id='word_1_206' title='bbox 175 1496 426 1531; x_wconf 91' lang='lat' dir='ltr'>confirmamus</span> <span class='ocrx_word' id='word_1_207' title='bbox 458 1501 493 1531; x_wconf 90' lang='lat' dir='ltr'>et</span> <span class='ocrx_word' id='word_1_208' title='bbox 523 1496 692 1544; x_wconf 90' lang='lat' dir='ltr'>presentis</span> <span class='ocrx_word' id='word_1_209' title='bbox 722 1496 840 1544; x_wconf 90' lang='lat' dir='ltr'>scripti</span> <span class='ocrx_word' id='word_1_210' title='bbox 868 1496 1067 1544; x_wconf 88' lang='lat' dir='ltr'>patrocinio</span> <span class='ocrx_word' id='word_1_211' title='bbox 1098 1496 1361 1531; x_wconf 84' lang='lat' dir='ltr'>communimus</span> <span class='ocrx_word' id='word_1_212' title='bbox 1402 1515 1410 1523; x_wconf 96' lang='lat'><strong>·</strong></span> <span class='ocrx_word' id='word_1_213' title='bbox 1446 1495 1550 1531; x_wconf 92' lang='lat' dir='ltr'>Nulli</span> <span class='ocrx_word' id='word_1_214' title='bbox 1586 1509 1672 1543; x_wconf 86' lang='lat' dir='ltr'>ergo</span> 
     </span>
     <span class='ocr_line' id='line_1_22' title="bbox 174 1553 1672 1602; baseline 0 -14"><span class='ocrx_word' id='word_1_215' title='bbox 174 1553 360 1588; x_wconf 92' lang='lat' dir='ltr'>hominum</span> <span class='ocrx_word' id='word_1_216' title='bbox 388 1553 493 1589; x_wconf 85' lang='lat' dir='ltr'>liceat</span> <span class='ocrx_word' id='word_1_217' title='bbox 526 1554 618 1589; x_wconf 90' lang='lat' dir='ltr'>hanc</span> <span class='ocrx_word' id='word_1_218' title='bbox 652 1554 817 1602; x_wconf 84' lang='lat' dir='ltr'>paginam</span> <span class='ocrx_word' id='word_1_219' title='bbox 853 1553 969 1589; x_wconf 90' lang='lat' dir='ltr'>nostre</span> <span class='ocrx_word' id='word_1_220' title='bbox 1005 1553 1285 1589; x_wconf 88' lang='lat' dir='ltr'>confirmationis</span> <span class='ocrx_word' id='word_1_221' title='bbox 1319 1553 1513 1600; x_wconf 87' lang='lat' dir='ltr'>infringere</span> <span class='ocrx_word' id='word_1_222' title='bbox 1547 1553 1605 1588; x_wconf 87' lang='lat' dir='ltr'>vel</span> <span class='ocrx_word' id='word_1_223' title='bbox 1641 1554 1672 1588; x_wconf 88' lang='lat' dir='ltr'>ei</span> 
     </span>
     <span class='ocr_line' id='line_1_23' title="bbox 173 1610 1670 1658; baseline 0 -13"><span class='ocrx_word' id='word_1_224' title='bbox 173 1611 258 1646; x_wconf 86' lang='lat' dir='ltr'>ausu</span> <span class='ocrx_word' id='word_1_225' title='bbox 285 1611 476 1646; x_wconf 88' lang='lat' dir='ltr'>temerario</span> <span class='ocrx_word' id='word_1_226' title='bbox 500 1611 678 1647; x_wconf 88' lang='lat' dir='ltr'>contraire</span> <span class='ocrx_word' id='word_1_227' title='bbox 706 1631 713 1639; x_wconf 95' lang='lat'><strong>·</strong></span> <span class='ocrx_word' id='word_1_228' title='bbox 743 1611 779 1647; x_wconf 88' lang='lat' dir='ltr'>Si</span> <span class='ocrx_word' id='word_1_229' title='bbox 806 1612 884 1658; x_wconf 92' lang='lat' dir='ltr'>quis</span> <span class='ocrx_word' id='word_1_230' title='bbox 912 1616 1032 1647; x_wconf 88' lang='lat' dir='ltr'>autem</span> <span class='ocrx_word' id='word_1_231' title='bbox 1060 1611 1129 1647; x_wconf 88' lang='lat' dir='ltr'>hoc</span> <span class='ocrx_word' id='word_1_232' title='bbox 1156 1616 1368 1658; x_wconf 85' lang='lat' dir='ltr'>attemptare</span> <span class='ocrx_word' id='word_1_233' title='bbox 1396 1610 1644 1658; x_wconf 85' lang='lat' dir='ltr'>presumpserit</span> <span class='ocrx_word' id='word_1_234' title='bbox 1663 1630 1670 1637; x_wconf 96' lang='lat'>·</span> 
     </span>
     <span class='ocr_line' id='line_1_24' title="bbox 171 1667 1671 1716; baseline 0 -14"><span class='ocrx_word' id='word_1_235' title='bbox 171 1668 456 1715; x_wconf 87' lang='lat' dir='ltr'>indignationem</span> <span class='ocrx_word' id='word_1_236' title='bbox 482 1669 736 1716; x_wconf 84' lang='lat' dir='ltr'>omnipotentis</span> <span class='ocrx_word' id='word_1_237' title='bbox 758 1669 830 1704; x_wconf 92' lang='lat' dir='ltr'>Dei</span> <span class='ocrx_word' id='word_1_238' title='bbox 858 1674 893 1705; x_wconf 90' lang='lat' dir='ltr'>et</span> <span class='ocrx_word' id='word_1_239' title='bbox 918 1669 1106 1704; x_wconf 89' lang='lat' dir='ltr'>beatorum</span> <span class='ocrx_word' id='word_1_240' title='bbox 1126 1668 1224 1703; x_wconf 90' lang='lat' dir='ltr'>Petri</span> <span class='ocrx_word' id='word_1_241' title='bbox 1246 1673 1282 1703; x_wconf 86' lang='lat' dir='ltr'>et</span> <span class='ocrx_word' id='word_1_242' title='bbox 1304 1667 1407 1703; x_wconf 89' lang='lat' dir='ltr'>Pauli</span> <span class='ocrx_word' id='word_1_243' title='bbox 1432 1667 1671 1715; x_wconf 85' lang='lat' dir='ltr'>apostolorum</span> 
     </span>
    </p>
   </div>
   <div class='ocr_carea' id='block_1_5' title="bbox 105 1725 1671 1775">
    <p class='ocr_par' dir='ltr' id='par_1_5' title="bbox 105 1725 1671 1775">
     <span class='ocr_line' id='line_1_25' title="bbox 105 1725 1671 1775; baseline 0 -15"><span class='ocrx_word' id='word_1_244' title='bbox 105 1773 108 1775; x_wconf 18' lang='lat' dir='ltr'>q</span> <span class='ocrx_word' id='word_1_245' title='bbox 172 1725 247 1773; x_wconf 90' lang='lat' dir='ltr'>ejus</span> <span class='ocrx_word' id='word_1_246' title='bbox 265 1726 298 1761; x_wconf 93' lang='lat' dir='ltr'>se</span> <span class='ocrx_word' id='word_1_247' title='bbox 316 1726 458 1761; x_wconf 89' lang='lat' dir='ltr'>noverit</span> <span class='ocrx_word' id='word_1_248' title='bbox 475 1726 697 1762; x_wconf 89' lang='lat' dir='ltr'>incursurum</span> <span class='ocrx_word' id='word_1_249' title='bbox 728 1746 736 1754; x_wconf 92' lang='lat'><strong>·</strong></span> <span class='ocrx_word' id='word_1_250' title='bbox 764 1726 903 1762; x_wconf 89' lang='lat' dir='ltr'>Datum</span> <span class='ocrx_word' id='word_1_251' title='bbox 922 1726 1079 1762; x_wconf 87' lang='lat' dir='ltr'>Lateran</span> <span class='ocrx_word' id='word_1_252' title='bbox 1098 1726 1170 1760; x_wconf 85' lang='lat' dir='ltr'>·iiii·</span> <span class='ocrx_word' id='word_1_253' title='bbox 1193 1725 1280 1761; x_wconf 90' lang='lat' dir='ltr'>Idus</span> <span class='ocrx_word' id='word_1_254' title='bbox 1299 1725 1386 1762; x_wconf 76' lang='lat' dir='ltr'>maii</span> <span class='ocrx_word' id='word_1_255' title='bbox 1410 1744 1418 1753; x_wconf 90' lang='lat'><strong>·</strong></span> <span class='ocrx_word' id='word_1_256' title='bbox 1443 1725 1671 1773; x_wconf 88' lang='lat' dir='ltr'>pontificatus</span> 
     </span>
    </p>
   </div>
   <div class='ocr_carea' id='block_1_6' title="bbox 98 2074 145 2112">
    <p class='ocr_par' dir='ltr' id='par_1_6' title="bbox 98 2074 145 2112">
     <span class='ocr_line' id='line_1_26' title="bbox 98 2074 145 2112; baseline 0 0"><span class='ocrx_word' id='word_1_257' title='bbox 98 2074 145 2112; x_wconf 88' lang='grc'>57</span> 
     </span>
    </p>
   </div>
   <div class='ocr_carea' id='block_1_7' title="bbox 172 1782 482 1818">
    <p class='ocr_par' dir='ltr' id='par_1_7' title="bbox 172 1782 482 1818">
     <span class='ocr_line' id='line_1_27' title="bbox 172 1782 482 1818; baseline -0.003 0"><span class='ocrx_word' id='word_1_258' title='bbox 172 1782 279 1818; x_wconf 88' lang='lat' dir='ltr'>nostri</span> <span class='ocrx_word' id='word_1_259' title='bbox 297 1796 392 1818; x_wconf 92' lang='lat' dir='ltr'>anno</span> <span class='ocrx_word' id='word_1_260' title='bbox 412 1783 482 1818; x_wconf 91' lang='lat' dir='ltr'>·vii·</span> 
     </span>
    </p>
   </div>
   <div class='ocr_carea' id='block_1_8' title="bbox 173 1956 727 2005">
    <p class='ocr_par' dir='ltr' id='par_1_8' title="bbox 173 1956 727 2005">
     <span class='ocr_line' id='line_1_28' title="bbox 173 1956 727 2005; baseline 0 -13"><span class='ocrx_word' id='word_1_261' title='bbox 173 1956 285 2005; x_wconf 89' lang='lat' dir='ltr'>Super</span> <span class='ocrx_word' id='word_1_262' title='bbox 303 1957 597 1992; x_wconf 85' lang='lat' dir='ltr'>transmutatione</span> <span class='ocrx_word' id='word_1_263' title='bbox 615 1956 704 1992; x_wconf 89' lang='lat' dir='ltr'>sedis</span> <span class='ocrx_word' id='word_1_264' title='bbox 719 1976 727 1984; x_wconf 94' lang='lat'><strong>·</strong></span> 
     </span>
    </p>
   </div>
   <div class='ocr_carea' id='block_1_9' title="bbox 170 2070 1666 2293">
    <p class='ocr_par' dir='ltr' id='par_1_9' title="bbox 170 2070 1666 2293">
     <span class='ocr_line' id='line_1_29' title="bbox 173 2070 1666 2119; baseline 0 -12"><span class='ocrx_word' id='word_1_265' title='bbox 173 2070 360 2107; x_wconf 90' lang='lat' dir='ltr'>Honorius</span> <span class='ocrx_word' id='word_1_266' title='bbox 381 2072 564 2119; x_wconf 89' lang='lat' dir='ltr'>episcopus</span> <span class='ocrx_word' id='word_1_267' title='bbox 581 2071 700 2107; x_wconf 88' lang='lat' dir='ltr'>servus</span> <span class='ocrx_word' id='word_1_268' title='bbox 717 2071 900 2108; x_wconf 91' lang='lat' dir='ltr'>servorum</span> <span class='ocrx_word' id='word_1_269' title='bbox 918 2072 991 2107; x_wconf 92' lang='lat' dir='ltr'>Dei</span> <span class='ocrx_word' id='word_1_270' title='bbox 1008 2071 1203 2107; x_wconf 87' lang='lat' dir='ltr'>venerabili</span> <span class='ocrx_word' id='word_1_271' title='bbox 1220 2071 1322 2106; x_wconf 87' lang='lat' dir='ltr'>fratri</span> <span class='ocrx_word' id='word_1_272' title='bbox 1342 2071 1516 2119; x_wconf 87' lang='lat' dir='ltr'>Episcopo</span> <span class='ocrx_word' id='word_1_273' title='bbox 1537 2071 1666 2107; x_wconf 86' lang='lat' dir='ltr'>Catha—</span> 
     </span>
     <span class='ocr_line' id='line_1_30' title="bbox 171 2127 1664 2178; baseline 0 -15"><span class='ocrx_word' id='word_1_274' title='bbox 171 2127 267 2164; x_wconf 92' lang='lat' dir='ltr'>nenfi</span> <span class='ocrx_word' id='word_1_275' title='bbox 289 2134 325 2165; x_wconf 89' lang='lat' dir='ltr'>et</span> <span class='ocrx_word' id='word_1_276' title='bbox 348 2129 488 2165; x_wconf 60' lang='lat' dir='ltr'>dilthis</span> <span class='ocrx_word' id='word_1_277' title='bbox 506 2128 586 2164; x_wconf 92' lang='lat' dir='ltr'>filiis</span> <span class='ocrx_word' id='word_1_278' title='bbox 605 2129 740 2164; x_wconf 89' lang='lat' dir='ltr'>Abbati</span> <span class='ocrx_word' id='word_1_279' title='bbox 756 2129 801 2165; x_wconf 92' lang='lat' dir='ltr'>de</span> <span class='ocrx_word' id='word_1_280' title='bbox 821 2129 960 2178; x_wconf 86' lang='lat' dir='ltr'>Kynlos</span> <span class='ocrx_word' id='word_1_281' title='bbox 979 2127 1210 2166; x_wconf 70' lang='lat' dir='ltr'>moraviensis</span> <span class='ocrx_word' id='word_1_282' title='bbox 1228 2127 1372 2165; x_wconf 85' lang='lat' dir='ltr'>diocesis</span> <span class='ocrx_word' id='word_1_283' title='bbox 1391 2133 1426 2163; x_wconf 87' lang='lat' dir='ltr'>et</span> <span class='ocrx_word' id='word_1_284' title='bbox 1445 2129 1594 2164; x_wconf 87' lang='lat' dir='ltr'>Decano</span> <span class='ocrx_word' id='word_1_285' title='bbox 1620 2129 1664 2162; x_wconf 91' lang='lat' dir='ltr'>de</span> 
     </span>
     <span class='ocr_line' id='line_1_31' title="bbox 172 2185 1662 2235; baseline -0.001 -14"><span class='ocrx_word' id='word_1_286' title='bbox 172 2185 396 2235; x_wconf 88' lang='lat' dir='ltr'>Rosmarkyn</span> <span class='ocrx_word' id='word_1_287' title='bbox 413 2187 562 2222; x_wconf 88' lang='lat' dir='ltr'>salutem</span> <span class='ocrx_word' id='word_1_288' title='bbox 581 2191 616 2222; x_wconf 89' lang='lat' dir='ltr'>et</span> <span class='ocrx_word' id='word_1_289' title='bbox 633 2186 858 2235; x_wconf 84' lang='lat' dir='ltr'>apostolicam</span> <span class='ocrx_word' id='word_1_290' title='bbox 875 2187 1163 2223; x_wconf 65' lang='lat' dir='ltr'>benedietionem</span> <span class='ocrx_word' id='word_1_291' title='bbox 1184 2206 1193 2214; x_wconf 91' lang='lat'><strong>·</strong></span> <span class='ocrx_word' id='word_1_292' title='bbox 1212 2186 1372 2222; x_wconf 90' lang='lat' dir='ltr'>Veniens</span> <span class='ocrx_word' id='word_1_293' title='bbox 1390 2186 1435 2221; x_wconf 92' lang='lat' dir='ltr'>ad</span> <span class='ocrx_word' id='word_1_294' title='bbox 1453 2186 1662 2234; x_wconf 89' lang='lat' dir='ltr'>presentiam</span> 
     </span>
     <span class='ocr_line' id='line_1_32' title="bbox 170 2242 1663 2293; baseline -0.001 -15"><span class='ocrx_word' id='word_1_295' title='bbox 170 2242 322 2279; x_wconf 84' lang='lat' dir='ltr'>nostram</span> <span class='ocrx_word' id='word_1_296' title='bbox 339 2244 551 2281; x_wconf 88' lang='lat' dir='ltr'>venerabilis</span> <span class='ocrx_word' id='word_1_297' title='bbox 568 2244 678 2280; x_wconf 87' lang='lat' dir='ltr'>frater</span> <span class='ocrx_word' id='word_1_298' title='bbox 695 2244 813 2281; x_wconf 89' lang='lat' dir='ltr'>noster</span> <span class='ocrx_word' id='word_1_299' title='bbox 831 2243 1061 2282; x_wconf 73' lang='lat' dir='ltr'>moraviensis</span> <span class='ocrx_word' id='word_1_300' title='bbox 1088 2244 1269 2293; x_wconf 90' lang='lat' dir='ltr'>episcopus</span> <span class='ocrx_word' id='word_1_301' title='bbox 1287 2244 1366 2292; x_wconf 88' lang='lat' dir='ltr'>sepe</span> <span class='ocrx_word' id='word_1_302' title='bbox 1384 2243 1485 2278; x_wconf 91' lang='lat' dir='ltr'>nobis</span> <span class='ocrx_word' id='word_1_303' title='bbox 1503 2242 1663 2290; x_wconf 86' lang='lat' dir='ltr'>exposuit</span> 
     </span>
    </p>
   </div>
  </div>
 </body>
</html>
