2066 2780
272 1455 318 1485 58

361 146 407 181 δι
758 148 1072 185 REGISTRUM
1102 147 1463 185 MORAVIENSE.

361 251 397 281 et
422 245 548 282 nostris
573 247 779 296 frequenter
804 249 949 284 auribus
974 247 1166 283 inculcavit
1192 247 1288 293 quod
1311 244 1414 293 ipfius
1436 245 1533 279 sedes
1554 250 1674 292 preter
1697 246 1735 281 id
1759 248 1856 294 quod

360 302 409 338 est
426 303 462 338 in
480 304 561 340 loco
578 306 717 353 guerris
734 305 1001 342 imminentibus
1019 305 1136 340 minus
1154 310 1234 339 tuto
1250 323 1258 331 -
1282 303 1320 337 in
1341 307 1414 337 tam
1432 301 1588 337 solitario
1607 302 1687 338 loco
1706 303 1857 340 consistit

359 366 400 397 ut
417 361 517 398 nulla
535 362 583 398 ibi
600 364 786 412 contingat
802 363 942 400 venalia
960 362 1107 411 reperiri
1135 380 1143 389 ·
1174 361 1271 396 unde
1289 359 1500 408 plerumque
1518 358 1560 394 fit
1577 365 1618 395 ut
1636 360 1772 397 clericis
1789 376 1856 410 pro

359 420 517 456 emendis
542 419 603 457 fibi
629 421 825 458 neceffariis
850 420 1081 468 longinquius
1106 417 1355 454 accedentibus
1383 436 1391 445 ·
1419 416 1625 453 divinorum
1646 418 1764 455 cultus
1782 420 1856 456 offi-

359 478 496 514 ciorum
519 492 593 515 non
617 480 756 515 modice
779 478 972 527 impeditur
999 503 1007 512 .
1036 477 1159 519 Quare
1180 476 1277 511 idem
1301 474 1496 523 Episcopus
1524 488 1606 511 cum
1638 476 1751 513 multa
1778 491 1856 527 pre-

358 549 440 572 cum
458 535 622 573 instantia
638 537 826 586 postulavit
843 549 864 572 a
881 534 982 571 nobis
998 539 1039 569 ut
1056 533 1173 569 sedem
1192 532 1342 569 eandem
1360 532 1406 567 ad
1424 532 1543 568 locum
1558 533 1744 570 transferri
1759 535 1856 571 habi-

357 593 482 630 liorem
496 614 504 623 ·
516 594 646 631 scilicet
665 595 794 631 San&e
813 593 1001 629 Trinitatis
1015 591 1122 640 juxta
1137 591 1256 639 Elgyn
1274 610 1282 618 ·
1301 588 1480 626 kariflimo
1498 590 1573 626 filio
1591 590 1711 628 nostro
1730 592 1855 629 illustri

359 651 460 699 Rege
475 653 679 688 Scottorum
694 665 734 688 ac
746 649 959 689 moraviensi
973 649 1128 697 capitulo
1141 649 1208 684 hoc
1220 648 1331 696 ipsum
1346 654 1387 684 ut
1402 648 1520 684 dietus
1531 648 1726 698 Episcopus
1739 651 1855 686 afferit

356 709 602 746 affectantibus
628 730 636 738 ·
666 710 915 745 mandaremus
943 727 951 735 ·
981 707 1059 743 Nos
1080 707 1198 754 itaque
1220 706 1439 742 discretionis
1461 705 1572 742 vestre
1599 707 1790 755 prudentie
1818 709 1854 744 in

356 767 517 803 Domino
542 768 762 804 confidentes
785 780 848 815 per
866 765 1054 814 apostolica
1070 764 1171 800 vobis
1189 763 1316 813 scripta
1336 764 1547 800 mandamus
1564 765 1732 812 quatinus
1750 779 1853 802 voca-

354 826 398 860 tis
415 839 504 873 quos
522 826 680 861 videritis
698 824 898 860 evocandos
917 843 925 851 ·
949 822 1088 871 proviso
1107 822 1214 858 etiam
1232 822 1330 869 quod
1348 821 1530 859 neceflitas
1547 822 1605 858 vel
1623 823 1758 859 utilitas
1775 824 1853 860 fieri

354 883 421 918 hoc
439 882 601 931 exposcat
626 902 634 910 ·
656 881 806 931 pensatis
831 881 973 928 insuper
999 879 1269 915 circumstantiis
1298 878 1468 915 universis
1496 879 1599 928 super
1623 880 1851 917 transsatione

353 939 552 989 hujusmodi
564 960 572 968 ·
585 940 798 976 auetoritate
810 938 998 987 apostolica
1009 937 1144 973 faciatis
1157 937 1254 985 quod
1266 937 1458 973 secundum
1474 937 1595 973 Deum
1611 944 1646 973 et
1659 939 1851 975 utilitatem

352 1004 388 1033 et
415 997 631 1033 honestatem
656 994 885 1034 moraviensis
911 993 1052 1031 ecclefie
1082 995 1322 1043 cognoveritis
1352 996 1519 1044 expedire
1555 1022 1564 1031 .
1601 996 1697 1043 quod
1725 995 1750 1031 fi
1777 1010 1852 1032 non

352 1068 474 1090 omnes
501 1055 566 1090 hiis
593 1055 807 1102 exequendis
834 1054 1020 1102 potueritis
1047 1053 1209 1089 interesse
1231 1059 1271 1089 tu
1295 1053 1405 1088 frater
1426 1053 1597 1102 Episcope
1619 1067 1700 1089 cum
1725 1067 1849 1090 eorum

350 1112 462 1148 altero
481 1126 522 1148 ea
540 1113 791 1148 nichilominus
809 1124 985 1159 exequare
1001 1131 1008 1139 ·
1026 1111 1163 1147 Datum
1183 1111 1340 1147 Lateran
1360 1111 1432 1146 ·iiii·
1455 1111 1541 1147 Idus
1558 1111 1694 1160 Aprilis
1711 1131 1719 1140 ·
1735 1114 1851 1161 ponti-

350 1170 473 1206 ficatus
491 1169 598 1206 nostri
616 1183 711 1205 anno
732 1170 814 1205 ·viii·

347 1343 581 1379 Confirmatio
595 1363 602 1370 ·

347 1458 524 1494 Omnibus
544 1458 671 1494 Christi
690 1459 853 1494 fidelibus
871 1460 939 1495 hoc
957 1459 1125 1507 scriptum
1145 1459 1268 1494 visuris
1286 1458 1344 1494 vel
1363 1459 1538 1494 audituris
1556 1478 1564 1487 ·
1581 1458 1629 1495 G·
1643 1459 1715 1494 Dei
1733 1459 1847 1506 gratia

350 1515 557 1552 Katanenfis
576 1517 756 1565 episcopus
775 1523 808 1553 et
828 1517 892 1553 ·H·
913 1518 1068 1553 decanus
1087 1517 1130 1553 de
1151 1517 1240 1552 Ross
1259 1517 1406 1552 salutem
1424 1522 1585 1552 eternam
1604 1517 1640 1552 in
1660 1517 1822 1552 Domino
1837 1537 1844 1544 ·

348 1573 563 1609 Mandatum
582 1575 717 1610 domini
739 1575 832 1623 Pape
851 1576 887 1610 in
906 1576 971 1611 hec
989 1575 1098 1611 verba
1116 1575 1317 1623 accepimus
1332 1594 1340 1603 ·
1362 1574 1551 1610 Honorius
1574 1574 1756 1623 episcopus
1780 1574 1846 1610 ser-

347 1644 412 1666 vus
439 1631 620 1667 servorum
645 1632 716 1668 Dei
746 1633 941 1669 venerabili
971 1633 1071 1669 fratri
1101 1631 1315 1669 Cathanenfi
1342 1632 1504 1681 episcopo
1534 1638 1569 1668 et
1598 1633 1738 1668 dileetis
1764 1632 1845 1668 filiis

349 1688 481 1724 Abbati
497 1689 540 1724 de
557 1689 695 1737 Kynlos
709 1689 939 1726 moraviensis
959 1690 1102 1726 diocesis
1121 1696 1157 1726 et
1171 1691 1322 1727 Decano
1338 1690 1381 1726 de
1397 1690 1623 1738 Rosmarkyn
1643 1690 1790 1726 salutem
1810 1696 1845 1726 et

346 1746 569 1794 apostolicam
584 1746 871 1783 benedietionem
887 1754 953 1783 etc·
977 1748 1096 1797 Hujus
1114 1749 1330 1784 auetoritate
1349 1748 1507 1783 mandati
1523 1768 1531 1776 ·
1547 1761 1619 1783 una
1636 1761 1718 1784 cum
1737 1748 1844 1784 tertio

347 1804 534 1852 conjudice
548 1804 666 1839 nostro
681 1805 873 1840 venerabili
887 1806 964 1841 viro
982 1806 1123 1842 Abbate
1136 1807 1179 1842 de
1197 1806 1336 1854 Kynlos
1349 1826 1357 1834 ·
1372 1806 1578 1842 vocavimus
1590 1819 1679 1853 quos
1690 1806 1844 1842 vidimus

347 1861 547 1897 evocandos
566 1881 574 1889 -
594 1868 730 1897 certum
746 1863 839 1898 diem
859 1869 894 1898 et
911 1863 1030 1899 locum
1045 1865 1180 1900 vocatis
1194 1864 1410 1913 prefigentes
1429 1883 1437 1891 ·
1457 1863 1655 1899 constitutis
1674 1864 1792 1911 itaque
1806 1865 1844 1899 in

347 1919 520 1966 presentia
537 1918 653 1954 nostra
671 1925 816 1968 propter
842 1921 908 1956 hoc
931 1922 1085 1957 evocatis
1105 1942 1113 1950 ·
1132 1922 1297 1970 predifflw
1320 1921 1508 1970 conjudice
1532 1921 1652 1957 nostro
1674 1921 1843 1957 mandato

345 1975 534 2024 apostolico
562 1977 784 2024 exsequendo
810 1978 971 2014 interesse
994 1992 1069 2014 non
1095 1980 1237 2016 valente
1260 1985 1295 2015 et
1317 1992 1381 2029 per
1398 1979 1518 2015 literas
1537 1979 1613 2015 suas
1631 1984 1792 2027 patentes
1810 1979 1843 2014 se

345 2034 389 2069 ad
408 2039 523 2069 totum
542 2034 727 2081 negotium
746 2035 932 2071 excusante
962 2056 970 2063 ·
997 2038 1196 2073 reverendo
1216 2038 1363 2073 domino
1381 2036 1500 2073 nostro
1521 2036 1732 2072 Alexandro
1751 2036 1843 2072 illus-

344 2091 390 2126 tri
407 2091 507 2139 Rege
522 2092 639 2128 Scotie
654 2091 917 2128 transsationem
937 2093 1032 2129 di&e
1052 2094 1139 2130 sedis
1157 2095 1460 2144 quamplurimum
1477 2094 1668 2130 affeetante
1686 2098 1722 2130 et
1739 2094 1842 2142 super

344 2149 412 2184 hoc
439 2161 502 2197 per
529 2149 649 2185 literas
677 2149 753 2185 suas
781 2150 882 2185 nobis
910 2150 1092 2187 instantius
1124 2153 1341 2201 supplicante
1369 2172 1377 2181 ·
1403 2153 1447 2189 de
1472 2151 1644 2189 defiderio
1662 2159 1698 2187 et
1715 2151 1842 2187 volun·

343 2212 415 2243 tate
442 2205 672 2243 moraviensis
697 2208 843 2256 capituli
871 2208 938 2244 hoc
965 2209 1077 2257 ipsum
1101 2211 1299 2248 affeetantis
1326 2216 1363 2248 et
1396 2224 1479 2247 cum
1514 2210 1649 2247 summa
1679 2208 1842 2246 instantia

342 2263 514 2312 prefatam
533 2263 796 2302 transsationem
815 2265 1021 2314 postulantis
1040 2286 1048 2296 ·
1068 2268 1274 2316 diligentius
1296 2268 1512 2317 inquirendo
1535 2267 1706 2304 certiores
1724 2267 1841 2304 effefifi
