2060 2660
148 1240 194 1273 (56

615 165 931 202 REGISTRUM
961 165 1322 203 MORAVIENSE.
1666 173 1709 210 71

221 267 339 313 quiete
357 285 366 293 ·
388 265 546 313 plenarie
564 270 600 300 et
617 264 813 299 honorifice
832 277 913 301 cum
932 277 1006 299 uno
1024 264 1115 299 tofto
1135 269 1170 299 et
1188 264 1303 299 crofto
1324 263 1410 299 ficut
1434 266 1549 312 aliqua
1575 266 1715 302 ecclelia

222 323 347 358 ruralis
377 322 414 357 in
445 321 563 357 nostra
593 320 731 369 dyocefi
761 321 906 356 liberius
933 341 942 348 ·
971 321 1124 368 quietius
1151 340 1159 348 ·
1189 321 1329 368 plenius
1360 327 1395 357 et
1422 322 1714 359 honorificentius

221 385 364 415 tenetur
381 379 438 415 vel
456 377 650 427 possidetur
670 398 678 406 ·
708 379 812 414 Salva
835 378 937 414 nobis
962 384 997 413 et
1021 378 1268 413 successoribus
1294 378 1419 413 nostris
1442 379 1479 413 in
1503 387 1713 427 perpetuum

220 443 316 471 terra
331 436 493 484 predicte
511 435 652 472 ecclefie
670 449 733 483 per
750 436 826 471 suas
845 436 961 471 166135
982 435 1107 471 divisas
1131 441 1167 471 et
1191 448 1273 470 cum
1300 435 1464 470 omnibus
1484 435 1585 482 justis
1612 439 1714 484 perti-

220 494 350 528 nentiis
367 494 435 528 suis
454 513 462 521 ·
482 499 517 529 et
534 493 635 528 salvis
653 493 906 541 episcopalibus
926 512 933 520 ·
961 492 1013 528 Ut
1026 498 1146 528 autem
1160 493 1225 528 hec
1239 492 1356 528 nostra
1375 493 1521 528 donatio
1539 496 1716 541 perpetuis

220 551 439 598 temporibus
462 557 538 586 rata
562 556 704 586 maneat-
726 557 761 585 et
785 551 987 586 inconcufl'a
1012 549 1166 598 perfistat
1193 551 1284 586 hanc
1311 550 1475 598 paginam
1504 563 1612 585 manu
1639 564 1717 598 pro-

221 608 297 655 pria
327 608 489 656 scriptam
521 606 622 654 figilli
654 607 761 643 nostri
791 606 1009 655 appositione
1041 608 1207 643 duximus
1237 607 1477 642 roborandam
1507 627 1514 634 ·
1556 607 1717 642 Testibus

222 664 402 713 Freskyno
429 666 564 701 decano
590 685 598 692 ·
629 664 793 712 magistro
814 665 971 700 Ricardo
999 671 1145 700 cantore
1170 685 1178 692 ·
1209 664 1373 712 magistro
1395 664 1555 700 Henrico
1584 665 1717 700 thesau-

222 723 315 757 rario
339 742 347 749 ·
378 723 462 758 Ada
488 722 685 758 subdecano
709 742 717 749 ·
748 722 941 757 Lamberto
968 723 1174 758 succentore
1197 742 1204 749 ·
1237 722 1402 770 magistro
1424 721 1582 769 Hugone
1607 742 1614 749 ·
1648 736 1717 757 ma-

221 779 326 827 gistro
347 780 528 815 Edwardo
548 799 556 807 ·
586 779 748 815 Roberto
775 793 887 828 parvo
911 800 919 807 ·
954 780 1115 815 Roberto
1140 780 1184 815 de
1204 779 1334 815 Duffus
1361 780 1540 815 canonicis
1565 779 1688 814 nostris
1709 800 1715 806 ·

224 837 415 885 Radulpho
442 837 626 886 capellano
652 836 772 872 nostro
792 857 799 864 ·
829 837 984 885 Symone
1006 838 1050 872 de
1069 837 1254 885 Gunneby
1272 857 1280 864 ·
1311 837 1466 884 Symone
1485 837 1528 872 de
1548 836 1688 885 Orreby
1709 857 1716 864 ·

223 893 393 930 Gervafio
413 895 456 930 de
476 896 592 943 Gnay’
609 914 615 922 ·
635 894 867 930 servientibus
885 894 1010 930 nostris
1030 914 1038 922 ·
1058 900 1094 930 et
1112 894 1188 929 aliis
1204 914 1211 921 ·
1255 924 1257 927 Α

224 1066 407 1102 Conceflio
425 1068 573 1103 Andree
592 1068 743 1116 episcopi
762 1068 864 1115 super
883 1066 1024 1103 eeclefia
1038 1068 1082 1103 de
1097 1068 1301 1115 Dulergusy
1316 1068 1360 1103 ad
1376 1068 1563 1102 luminaria
1577 1067 1716 1104 66616116

224 1124 434 1159 cathedralis
454 1144 461 1151 ·

222 1238 400 1274 Omnibus
419 1239 547 1275 Christi
573 1239 736 1275 fidelibus
763 1241 829 1275 1106
856 1241 1023 1288 scriptum
1042 1240 1165 1275 visuris
1184 1240 1239 1275 vel
1264 1240 1438 1275 audituris
1457 1241 1622 1276 Andreas
1641 1255 1717 1289 per-

223 1294 379 1332 miffione
398 1297 518 1332 divina
536 1296 766 1333 moravienfis
784 1297 964 1345 episcopus
983 1304 1142 1332 eternam
1162 1298 1197 1331 in
1218 1297 1378 1331 Domino
1397 1297 1543 1333 salutem
1564 1318 1571 1325 ·
1600 1299 1719 1334 Nove-

222 1354 297 1388 ritis
323 1354 475 1389 universi
501 1368 566 1389 nos
591 1355 720 1390 dediss'e
747 1361 783 1390 et
809 1353 1006 1390 concefliffe
1028 1361 1064 1389 et
1083 1355 1148 1389 hac
1173 1354 1323 1402 presenti
1342 1360 1440 1389 carta
1457 1354 1574 1390 nostra
1591 1356 1718 1390 confir-

223 1412 325 1446 mass'e
345 1412 388 1446 de
403 1412 572 1447 consensu
592 1418 627 1447 et
644 1412 830 1447 voluntate
849 1412 993 1459 capituli
1007 1411 1115 1446 nostri
1131 1412 1212 1447 Deo
1228 1417 1263 1446 et
1276 1411 1378 1446 beate
1393 1412 1506 1448 marie
1525 1419 1559 1447 et
1578 1412 1718 1448 66616116

223 1469 354 1503 sanae
372 1469 560 1504 Trinitatis
579 1469 623 1504 de
643 1470 760 1516 Elgyn
782 1489 789 1496 ·
816 1469 860 1503 ad
887 1469 1076 1503 luminaria
1103 1468 1257 1516 ejusdem
1283 1467 1423 1504 ecclesie
1443 1488 1450 1496 ·
1478 1468 1656 1505 ecclefiam
1676 1471 1718 1505 de

227 1526 464 1573 Dulerguss'yn
497 1527 531 1560 in
563 1526 770 1561 Stratheren
799 1527 835 1560 in
862 1539 986 1573 puram
1017 1531 1052 1560 et
1080 1531 1286 1574 perpetuam
1317 1525 1540 1561 elemofinam
1561 1546 1568 1553 ·
1598 1527 1719 1568 Quare

222 1583 386 1617 volumus
400 1589 440 1618 ut
454 1584 614 1630 predicta
632 1582 774 1618 ecclelia
788 1583 917 1618 8311616
931 1583 1117 1618 Trinitatis
1136 1583 1262 1618 habeat
1280 1589 1315 1618 et
1333 1581 1502 1631 poffideat
1520 1584 1717 1631 predictam

221 1639 399 1675 ecclesiam
424 1641 467 1675 de
492 1640 721 1688 Dulergusyn
747 1653 829 1675 cum
856 1640 1020 1675 omnibus
1042 1639 1143 1688 justis
1169 1640 1392 1688 pertinentiis
1418 1640 1485 1675 suis
1512 1640 1549 1675 in
1576 1641 1719 1676 decimis

222 1697 459 1732 oblationibus
478 1704 513 1733 et
531 1698 805 1733 obventionibus
823 1704 859 1732 et
877 1698 1041 1732 omnibus
1054 1697 1330 1733 rectitudinibus
1344 1695 1576 1732 eeclefiasticis
1591 1699 1627 1732 in
1642 1712 1718 1746 per-

222 1761 369 1802 petuum
388 1755 479 1790 adeo
498 1755 608 1790 libere
623 1775 631 1782 ·
647 1756 765 1802 quiete
782 1775 790 1782 ·
806 1755 963 1802 plenarie
982 1760 1018 1790 et
1035 1755 1230 1790 honorifice
1247 1767 1329 1790 cum
1348 1767 1422 1789 uno
1441 1754 1555 1790 crofto
1574 1761 1610 1790 et
1628 1756 1717 1792 tofto

223 1811 307 1847 licut
325 1812 443 1859 aliqua
461 1811 602 1848 ecclelia
621 1813 748 1847 ruralis
767 1813 804 1847 in
822 1812 939 1847 nostra
958 1811 1094 1860 dyocefi
1111 1812 1256 1848 liberius
1274 1812 1412 1859 plenius
1431 1818 1466 1847 et
1484 1811 1719 1848 honorificen-

222 1869 292 1904 tius
305 1875 449 1904 tenetur
467 1876 502 1905 et
520 1868 713 1917 poffidetur
733 1890 739 1897 ·
770 1870 821 1905 Ut
839 1875 958 1905 autem
977 1870 1042 1904 hec
1060 1869 1177 1905 nostra
1194 1869 1340 1904 donatio
1359 1869 1540 1917 perpetuis
1553 1871 1719 1918 tempori-

223 1926 287 1961 bus
313 1932 390 1961 rata
416 1934 558 1962 maneat
580 1928 670 1962 hanc
696 1928 861 1975 paginam
884 1925 986 1974 figilli
1006 1926 1114 1962 nostri
1131 1925 1348 1975 appositione
1366 1926 1533 1962 duximus
1551 1927 1719 1962 roboran-

223 1984 303 2018 dam
324 2004 332 2011 ·
361 1984 395 2019 T
397 1984 523 2020 estibus
542 1984 722 2032 Freskyno
746 1985 881 2020 decano
906 2004 913 2012 -
944 1984 1103 2032 Hugone
1120 1984 1370 2020 archidiacono
1398 2003 1406 2011 ·
1435 1983 1599 2031 magistro
1619 1984 1719 2020 Hen-

223 2041 297 2075 rico
324 2042 541 2077 thesaurario
572 2062 579 2069 ·
608 2042 772 2089 magistro
793 2041 973 2077 Willelmo
1005 2061 1013 2069 ·
1045 2041 1210 2089 magistro
1229 2042 1411 2077 Edwardo
1443 2061 1451 2069 ·
1485 2041 1647 2077 Roberto
1675 2043 1717 2077 de

225 2098 354 2133 Duffus
369 2118 377 2126 ·
398 2099 552 2147 Symone
571 2099 754 2147 capellano
775 2119 783 2126 ·
803 2093 982 2135 canonicis
1000 2098 1279 2136 moravienfibus
1294 2119 1302 2127 ·
1324 2099 1517 2147 Radulpho
1536 2100 1717 2147 capellano

224 2155 341 2191 nostro
368 2176 375 2183 ·
405 2157 559 2204 Symone
579 2157 622 2191 de
642 2157 799 2204 Guneby
817 2162 854 2192 et
872 2156 1022 2192 Andrea
1039 2157 1175 2193 clericis
1193 2156 1317 2192 nostris
1336 2176 1344 2185 ·
1373 2157 1528 2204 Symone
1547 2157 1590 2191 de
1610 2156 1717 2191 Orre-

225 2212 266 2259 by
287 2220 321 2247 et
341 2213 517 2258 Gylberto
536 2214 645 2249 fratre
664 2213 739 2261 ejus
759 2233 766 2241 ·
787 2220 822 2249 et
840 2214 916 2249 aliis
934 2214 1054 2249 multis
1073 2234 1080 2242 ·
