1912 2660
151 399 222 430 2228

250 129 321 165 294
649 125 966 163 REGISTRUM
994 125 1361 162 MORAVIENSE.

252 284 362 319 Carta
379 283 599 320 fundationis
617 284 661 320 de
678 297 753 320 uno
772 283 956 332 capellano
975 283 1078 331 super
1096 283 1200 317 firma
1217 287 1313 317 terre
1333 280 1377 316 de
1396 282 1507 329 mayn
1526 301 1535 309 ·

249 399 429 435 Omnibus
447 400 515 436 hoc
533 399 700 448 scriptum
729 399 853 434 visuris
880 398 937 433 vel
969 397 1143 432 audituris
1163 396 1374 432 Alexander
1392 395 1436 432 de
1455 398 1624 446 menerys
1643 398 1755 434 domi-

249 471 316 493 nus
341 458 385 493 de
405 457 577 493 Lambrid
601 463 760 493 eternam
787 456 825 491 in
848 455 1011 490 Domino
1038 454 1188 489 salutem
1207 473 1216 481 -
1245 453 1400 489 Noverit
1417 453 1626 491 universitas
1644 456 1756 492 vestra

248 516 345 563 quod
363 529 444 551 cum
464 515 617 551 dilectus
635 520 671 549 et
689 513 845 562 specialis
863 512 997 547 amicus
1016 524 1116 546 meus
1134 510 1299 559 magister
1315 511 1500 548 Johannes
1518 512 1562 548 de
1579 513 1757 563 Inuernys

248 573 482 609 cancellarius
495 571 637 609 ecclesle
652 569 882 608 moravienfis
900 569 1026 605 volens
1043 569 1081 603 in
1096 569 1221 605 eadem
1241 567 1384 605 ecclefia
1396 582 1510 605 unum
1529 571 1754 619 capellanum

247 632 398 667 fundare
413 651 421 659 ·
441 643 507 679 pro
521 631 639 665 anima
652 629 711 664 sua
725 648 733 657 ·
748 628 867 664 anima
880 640 960 662 mea
973 631 1008 662 et
1022 627 1141 662 anima
1156 626 1331 663 Alianore
1345 627 1467 662 matris
1482 641 1560 664 mee
1578 635 1752 678 perpetuo

247 689 509 725 celebraturum
518 708 526 716 ·
541 687 736 723 tradidifl'et
749 685 836 721 mihi
850 685 887 720 in
901 685 1054 732 pecunia
1066 690 1256 720 numerata
1269 690 1414 721 centum
1429 690 1466 721 et
1476 686 1604 734 viginti
1621 700 1755 724 marcas

246 746 495 794 sterlingorum
515 746 561 781 ad
579 743 858 793 comparandum
877 741 938 778 fibi
956 747 992 778 et
1010 741 1187 790 aflignatis
1205 743 1274 778 suis
1296 743 1333 778 in
1354 749 1569 792 perpetuum
1591 758 1754 781 annuum

246 805 425 840 redditum
453 804 538 839 οᾶο
562 815 762 838 marcarum
791 800 1043 848 sterlingorum
1063 820 1071 829 ·
1101 800 1180 848 Ego
1204 801 1242 836 in
1271 801 1634 850 recompensationem
1666 804 1754 839 dicti

245 862 355 898 annui
374 861 533 897 redditus
551 861 636 896 oeto
655 871 854 894 marcarum
873 871 938 906 per
958 871 1015 894 me
1034 858 1266 907 comparandi
1288 859 1335 894 do
1362 864 1398 895 et
1424 860 1584 895 concedo
1611 874 1651 897 ac
1675 875 1753 910 pre-

245 920 332 956 senti
359 920 487 968 scripto
515 931 595 954 meo
622 916 798 953 confirmo
825 916 989 964 predifsto
1008 916 1174 965 magistro
1192 916 1352 953 ,Iohanni
1377 923 1413 953 et
1434 915 1611 965 affignatis
1629 919 1696 954 suis
1714 920 1751 955 in

244 983 456 1026 perpetuum
475 989 635 1012 annuum
661 974 842 1010 redditum
869 974 955 1010 οὸὶο
982 988 1184 1011 marcarum
1206 974 1457 1023 sterlingorum
1482 976 1751 1025 percipiendum

243 1035 386 1084 singulis
404 1035 506 1071 annis
524 1034 569 1070 de
586 1034 689 1068 firma
707 1038 804 1068 terre
822 1045 901 1068 mee
920 1032 964 1068 de
983 1035 1096 1081 mayn
1114 1033 1225 1069 libere
1246 1032 1317 1069 fine
1336 1034 1435 1069 omni
1453 1046 1564 1070 onere
1583 1054 1592 1062 ·
1620 1037 1751 1071 contri-

243 1094 390 1129 butione
413 1112 421 1121 ·
449 1092 638 1128 exactione
656 1091 713 1127 vel
733 1090 911 1126 demanda
928 1091 1195 1139 quibuscunque
1213 1104 1311 1127 nunc
1328 1092 1620 1139 contingentibus
1638 1094 1695 1129 vel
1715 1094 1750 1129 in

241 1152 402 1187 futurum
422 1151 631 1198 contingere
650 1149 945 1197 qualitercunque
968 1149 1171 1186 valentibus
1189 1170 1198 1178 ·
1226 1163 1313 1198 quas
1337 1150 1482 1198 quidem
1504 1151 1589 1186 0610
1614 1165 1749 1188 marcas

242 1209 491 1257 sterlingorum
510 1208 630 1256 obligo
649 1221 706 1243 me
726 1213 761 1243 et
779 1207 928 1243 heredes
942 1221 1041 1244 meos
1055 1213 1091 1244 et
1108 1208 1211 1244 nobis
1224 1221 1439 1256 quocunque
1457 1208 1564 1244 titulo
1582 1209 1749 1246 succeffu-

242 1281 300 1302 ros
327 1267 397 1303 fide
425 1266 542 1303 media
565 1272 601 1302 et
620 1266 829 1315 juramento
856 1265 1000 1314 prestito
1027 1266 1206 1315 corporali
1230 1266 1366 1302 solvere
1384 1266 1479 1313 apud
1498 1267 1685 1303 canoniam
1704 1269 1748 1304 de

244 1325 360 1373 Elgyn
380 1325 496 1361 eidem
515 1324 681 1372 magistro
696 1324 719 1361 J
722 1323 855 1359 ohanni
870 1329 906 1360 et
919 1322 1098 1372 affignatis
1116 1324 1184 1360 suis
1197 1323 1341 1372 singulis
1358 1325 1460 1360 annis
1478 1325 1515 1359 in
1533 1331 1747 1373 perpetuum

241 1383 285 1418 ad
305 1384 394 1418 duos
413 1383 497 1418 anni
515 1383 688 1418 terminos
707 1401 715 1410 ·
749 1382 977 1418 medietatem
1005 1383 1051 1418 ad
1077 1382 1201 1419 festum
1224 1382 1472 1418 Penthecostes
1494 1388 1529 1418 et
1553 1382 1657 1418 aliam
1678 1397 1748 1420 me-

242 1442 408 1477 dietatem
429 1441 473 1476 ad
492 1440 616 1476 festum
647 1440 769 1476 SanEH
795 1441 955 1489 martyrii
983 1441 1021 1477 in
1049 1454 1151 1490 yeme
1168 1460 1176 1469 ·
1205 1440 1267 1476 sub
1293 1454 1387 1489 pena
1412 1441 1519 1476 unius
1546 1446 1645 1489 petre
1667 1455 1748 1478 cere

243 1498 384 1535 ecclesie
411 1497 625 1536 (Doravienfi
651 1498 853 1547 supradicte
877 1512 942 1548 per
968 1512 1025 1535 me
1052 1499 1202 1535 heredes
1228 1512 1327 1535 meos
1351 1504 1387 1535 et
1411 1499 1512 1535 nobis
1536 1499 1748 1537 successuros

242 1557 408 1592 solvende
428 1557 592 1604 quotiens
616 1556 692 1605 post
714 1557 917 1605 quindecim
938 1558 1012 1594 dies
1030 1557 1180 1606 alicujus
1203 1557 1442 1593 terminorum
1461 1557 1745 1606 supradictorum

242 1615 277 1650 in
303 1615 477 1650 solutione
500 1615 677 1650 dictarum
697 1616 782 1651 octo
801 1628 1002 1651 marcarum
1022 1616 1059 1651 in
1077 1621 1155 1652 toto
1174 1615 1231 1651 vel
1250 1616 1287 1651 in
1312 1621 1413 1663 parte
1431 1615 1539 1651 fuerit
1557 1616 1722 1652 ceffatum
1737 1637 1744 1644 ·

242 1673 397 1708 termino
428 1673 541 1721 prime
572 1673 756 1709 solutionis
787 1674 981 1722 incipiente
1010 1675 1056 1710 ad
1086 1674 1210 1710 festum
1240 1673 1363 1710 Sancti
1391 1674 1550 1722 (Dat-tyni
1581 1675 1745 1720 proxime

241 1731 402 1766 futurum
423 1750 431 1758 -
460 1730 507 1766 Et
525 1729 549 1765 fi
567 1731 754 1779 contingat
772 1731 892 1779 aliquo
910 1732 990 1768 casu
1009 1732 1124 1768 dictas
1142 1733 1228 1768 octo
1247 1744 1384 1767 marcas
1402 1731 1445 1767 de
1464 1731 1568 1767 firma
1585 1737 1681 1768 terre
1701 1733 1745 1768 de

243 1790 353 1836 mayn
371 1788 570 1837 supradicte
589 1801 663 1824 non
681 1789 775 1837 poffe
794 1789 905 1825 levari
924 1810 933 1818 ·
952 1791 1036 1826 volo
1057 1796 1092 1826 et
1111 1790 1272 1826 concedo
1286 1803 1352 1838 pro
1371 1803 1428 1825 me
1447 1789 1638 1825 heredibus
1656 1791 1744 1827 meis

243 1852 278 1881 et
297 1846 398 1881 nobis
416 1846 618 1881 successuris
636 1847 732 1894 quod
752 1853 828 1883 tota
845 1848 994 1884 baronia
1012 1862 1092 1885 mea
1110 1849 1154 1884 de
1170 1847 1365 1884 Lambride
1378 1867 1386 1875 ·
1401 1848 1594 1883 accedente
1613 1848 1658 1884 ad
1677 1848 1744 1885 hoc

242 1904 428 1940 voluntate
446 1904 615 1939 consensu
645 1910 680 1940 et
705 1905 978 1942 confirmatione
1005 1909 1210 1955 margarete
1237 1911 1273 1942 et
1293 1905 1411 1941 Alicie
1439 1905 1601 1941 sororum
1622 1906 1759 1942 vidua-··

242 1975 322 1997 rum
341 1962 567 1998 dominarum
596 1962 639 1997 de
662 1962 926 2010 Kynnermond
956 1971 991 2000 et
1021 1964 1201 2001 Sandfurd
1229 1977 1270 2000 ac
1290 1963 1445 2000 Galfridi
1465 1963 1528 1998 filii
1550 1969 1586 1999 et
1604 1963 1744 2000 heredis

242 2019 356 2055 Elene
375 2019 479 2055 tertie
498 2019 627 2054 sororis
651 2021 846 2056 earundem
867 2041 875 2049 ·
898 2022 1120 2071 superiorum
1139 2022 1369 2058 dominorum
1389 2021 1486 2057 diffie
1504 2021 1651 2058 baronie
1671 2042 1678 2050 ·
1698 2023 1744 2058 ad

241 2077 453 2113 solutionem
486 2077 664 2112 dictarum
690 2078 774 2113 0610
806 2092 1005 2115 marcarum
1035 2081 1192 2128 obligata
1221 2078 1261 2115 fit
1290 2085 1326 2115 et
1355 2079 1551 2127 specialiter
1578 2078 1718 2116 astricta
1734 2100 1742 2108 ·

240 2135 342 2170 nullo
361 2135 597 2183 proponendo
617 2134 773 2171 obstante
789 2156 796 2164 ·
828 2137 975 2185 Insuper
993 2137 1017 2173 fi
1035 2139 1221 2186 contingat
1240 2157 1248 2166 ·
1267 2137 1365 2185 quod
1383 2135 1467 2172 abfit
1486 2156 1494 2165 ·
1520 2150 1576 2172 me
1595 2137 1743 2174 heredes

242 2206 339 2229 meos
359 2193 414 2228 vel
439 2193 541 2228 nobis
560 2193 771 2229 successuros
791 2201 915 2230 contra
934 2196 1024 2232 hanc
1043 2197 1273 2232 donationem
1295 2208 1408 2231 meam
1428 2195 1464 2230 in
1482 2195 1601 2242 aliquo
1621 2196 1743 2231 venire
