2060 2660
330 167 397 198 104
719 161 1034 198 REGISTRUM
1064 159 1425 196 MORAVIENSE.

327 262 425 309 fliget
452 274 534 297 cum
562 261 631 296 hoc
659 261 836 309 exigerint
862 260 1023 296 defefi‘ms
1046 259 1242 295 eorundem
1272 277 1280 285 -
1308 263 1343 292 et
1370 256 1439 291 hoc
1458 254 1706 302 juramentum
1734 257 1825 303 pres-

326 318 414 354 tabit
432 319 580 366 quilibet
597 324 681 354 ante
699 319 795 354 suam
817 318 1088 353 installationem
1107 316 1167 363 qui
1186 316 1222 350 in
1241 313 1418 363 posterum
1440 312 1518 347 fieri
1542 311 1697 347 decanus
1721 313 1825 349 debe·

326 376 376 412 bit
396 396 403 404 ·
433 377 492 412 De
510 377 609 425 penis
626 382 747 412 autem
766 376 979 411 vicariorum
996 375 1045 409 ita
1059 373 1237 422 provisum
1257 371 1305 406 est
1324 390 1332 399 ·
1351 369 1655 417 quotienscunque
1672 370 1825 406 vicarius

327 434 509 469 matutinis
526 434 583 470 vel
602 434 728 482 majori
747 434 842 468 miffe
861 432 984 468 diebus
1001 431 1181 466 ferialibus
1199 442 1274 464 non
1293 427 1496 463 interfuerit
1522 427 1730 475 injungetur
1754 428 1786 464 ei
1804 441 1825 463 a

326 491 524 527 subdecano
543 485 583 527 iit
602 492 726 527 eodem
747 491 804 526 die
822 489 1021 538 priusquam
1042 488 1154 523 sumat
1172 487 1381 521 alimentum
1400 484 1602 533 psalterium
1625 485 1747 533 psallat
1773 486 1825 521 in-

325 549 508 597 tegraliter
530 569 538 577 ·
566 549 661 596 quod
680 547 703 583 fi
721 554 792 583 tam
812 547 995 582 matutinis
1013 558 1118 592 quam
1138 544 1234 579 miffe
1254 542 1379 591 majori
1398 542 1552 578 desuerit
1570 542 1677 590 ipsam
1695 556 1823 591 penam

325 606 451 642 subibit
478 607 691 655 duplicatam
720 625 729 633 ·
757 604 779 639 fi
798 618 884 640 vero
903 604 998 638 mifl'e
1016 602 1118 638 beate
1137 602 1251 638 marie
1270 600 1328 636 vel
1352 600 1448 636 miffe
1470 613 1539 647 que
1562 600 1762 636 celebratur
1787 601 1824 635 in

324 664 480 712 capitulo
498 664 555 700 vel
573 664 669 699 horis
688 662 866 699 canonicis
883 661 946 697 uni
965 661 1022 696 vel
1041 659 1201 708 pluribus
1228 658 1383 694 defuerit
1401 678 1409 686 ·
1434 671 1501 706 pro
1527 658 1683 705 qualibet
1709 658 1825 707 hujus-

325 722 421 758 modi
441 722 537 757 mifl'a
554 721 611 757 vel
632 721 721 756 hora
744 733 853 755 unam
881 718 1098 766 disciplinam
1126 730 1147 752 a
1173 716 1372 752 subdecano
1390 716 1517 752 eodem
1536 716 1593 752 die
1611 717 1648 751 in
1667 716 1823 765 capitulo

323 779 516 827 prostratus
541 779 688 827 recipiet
707 798 715 806 ·
742 778 838 825 quod
865 776 888 812 fi
914 777 951 811 in
978 775 1069 811 festis
1094 775 1152 809 ·ix·
1179 774 1376 810 lefifionum
1404 774 1588 809 matutinis
1611 774 1668 810 vel
1696 775 1822 823 majori

323 837 419 872 miffe
437 837 589 873 defuerit
608 856 616 864 ·
636 837 718 883 quia
730 841 818 871 tunc
836 834 947 882 magis
965 832 1166 869 omittendo
1185 832 1361 880 delinquit
1379 851 1388 860 ·
1407 832 1596 879 augebitur
1614 832 1647 868 ei
1664 845 1757 880 pena
1774 833 1823 868 ita

322 894 488 930 videlieet
514 894 608 942 quod
635 893 792 941 quolibet
818 891 983 940 psalterio
1012 890 1110 939 quod
1138 889 1359 938 psallendum
1386 889 1435 925 est
1459 903 1526 938 pro
1553 890 1701 925 defeetis
1728 890 1824 925 habi-

323 952 366 987 tis
397 952 520 987 diebus
546 951 724 986 ferialibus
743 970 751 978 ·
779 963 844 998 pro
875 949 1004 985 eisdem
1036 949 1073 983 in
1105 947 1197 983 festis
1226 947 1284 982 ·ix·
1309 947 1507 983 lectionum
1533 947 1824 995 contingentibus

322 1022 394 1044 una
411 1009 592 1057 disciplina
609 1008 825 1056 adjungatur
844 1027 852 1035 ·
880 1007 1025 1042 cuilibet
1051 1010 1171 1041 autem
1200 1005 1382 1051 discipline
1405 1018 1474 1052 que
1497 1004 1677 1040 ferialibus
1700 1005 1824 1041 diebus

322 1080 386 1114 pro
406 1066 601 1102 defectibus
619 1066 870 1101 canonicarum
890 1065 1059 1099 horarum
1078 1069 1114 1099 et
1132 1063 1311 1098 missarum
1326 1063 1458 1099 San&e
1477 1063 1591 1099 (Darie
1614 1068 1649 1099 et
1668 1063 1712 1099 de
1730 1064 1822 1112 capi-

321 1124 398 1159 tulo
426 1124 575 1158 debetur
604 1143 612 1151 ·
641 1136 707 1169 pro
737 1122 865 1158 eisdem
894 1121 1092 1157 defectibus
1119 1134 1201 1156 cum
1228 1121 1265 1156 in
1291 1120 1383 1156 sestis
1406 1121 1464 1155 -ix·
1489 1120 1688 1156 le6fionum
1711 1122 1823 1157 conti-

321 1181 412 1228 gerit
441 1181 641 1216 decantatio
673 1180 743 1228 ·vij-
776 1179 1127 1228 psalmorum·debet
1158 1178 1304 1227 adjungi
1327 1198 1335 1206 ·
1365 1178 1466 1214 Idem
1498 1183 1618 1214 autem
1645 1178 1822 1227 judicium

321 1239 416 1286 quod
444 1238 488 1273 de
515 1238 698 1273 matutinis
724 1250 828 1284 quam
854 1237 1034 1272 ferialibus
1061 1250 1167 1284 quam
1194 1236 1286 1272 sestis
1313 1236 1437 1272 diebus
1461 1236 1611 1271 habetur
1633 1242 1668 1272 et
1690 1237 1734 1272 de
1752 1237 1823 1273 ves-

321 1296 411 1343 peris
430 1295 634 1330 habendum
654 1295 721 1330 erit
743 1314 751 1322 ·
777 1300 813 1330 et
831 1294 1067 1343 completorio
1086 1295 1123 1329 in
1143 1294 1237 1329 ·xl¹¹²⁸·
1258 1293 1433 1330 Canonici
1452 1307 1538 1330 vero
1557 1294 1709 1329 aliorum
1728 1295 1822 1330 vices

319 1358 482 1400 gerentes
505 1353 565 1400 qui
589 1352 632 1387 ad
657 1353 863 1387 continuam
887 1358 1058 1388 tenentur
1080 1351 1304 1388 refidentiam
1332 1357 1368 1388 et
1394 1352 1453 1387 alii
1475 1352 1535 1399 qui
1560 1365 1634 1387 non
1652 1352 1821 1388 habentes

318 1411 489 1445 vicarium
508 1424 572 1458 pro
592 1409 777 1458 semetipsis
796 1410 994 1446 ministrant
1011 1410 1244 1459 personaliter
1264 1410 1408 1458 quando
1426 1410 1598 1445 vicarium
1617 1410 1820 1457 psalterium

318 1468 464 1514 psallere
491 1467 621 1503 debent
648 1474 689 1503 ut
715 1468 918 1516 predictum
947 1468 994 1504 est
1021 1482 1134 1504 unum
1163 1469 1384 1504 nefiturnum
1411 1468 1558 1514 psallere
1586 1468 1629 1503 de
1656 1468 1821 1514 psalterio

320 1525 376 1561 vel
395 1538 458 1573 per
475 1525 507 1560 se
526 1525 582 1560 vel
600 1539 664 1571 per
682 1525 923 1574 interpositam
953 1527 1139 1574 personam
1168 1546 1176 1554 ·
1204 1526 1261 1562 vel
1280 1531 1352 1562 tres
1370 1538 1543 1574 pauperes
1560 1526 1676 1572 pascet
1694 1527 1821 1562 eodem

321 1583 377 1618 die
397 1602 404 1610 ·
433 1582 544 1617 Nulla
565 1596 651 1618 vero
679 1597 771 1631 pena
797 1584 992 1632 corporalis
1013 1597 1080 1631 pro
1103 1583 1345 1620 omiflionibus
1366 1589 1402 1619 et
1426 1583 1623 1619 deseffibus
1647 1583 1823 1632 suprame-

321 1640 466 1676 moratis
484 1641 662 1676 canonieis
681 1642 862 1689 infligetur
882 1662 889 1670 ·
919 1642 1002 1689 quia
1022 1642 1130 1690 juxta
1154 1642 1342 1678 canonicas
1366 1647 1402 1677 et
1425 1641 1601 1689 legitimas
1618 1642 1822 1678 assertiones

321 1697 472 1745 majores
496 1698 692 1733 minoribus
711 1699 747 1733 in
766 1699 866 1747 penis
884 1713 959 1735 non
978 1700 1111 1736 debent
1129 1700 1196 1736 effe
1214 1713 1317 1748 pares
1336 1719 1344 1727 ·
1373 1699 1533 1735 Eandem
1554 1704 1674 1734 autem
1692 1712 1821 1747 penam

321 1755 446 1791 subibit
472 1756 532 1802 qui
556 1756 601 1790 ad
629 1756 741 1791 miss'as
768 1762 803 1791 et
829 1757 934 1792 horas
964 1758 1154 1793 canonicas
1182 1763 1344 1806 tempore
1372 1770 1535 1804 congruo
1566 1757 1716 1792 chorum
1746 1770 1820 1793 non

321 1813 507 1848 intraverit
527 1825 631 1859 quam
656 1812 680 1848 fi
704 1814 831 1849 eisdem
852 1815 999 1850 omnino
1018 1816 1172 1851 defuerit
1186 1815 1294 1864 juxta
1310 1815 1537 1864 prescriptam
1557 1815 1820 1851 ordinationem

320 1870 434 1906 subire
449 1869 553 1905 debet
566 1889 574 1897 ·
595 1870 754 1918 Tempus
768 1872 910 1918 quidem
924 1874 1085 1920 premiss'e
1097 1886 1171 1909 non
1185 1874 1427 1921 incongruum
1442 1872 1490 1908 est
1500 1873 1658 1908 intrandi
1669 1873 1820 1908 chorum

321 1928 364 1963 ad
380 1927 571 1963 matutinas
584 1947 592 1955 ·
605 1934 641 1963 et
654 1929 699 1963 ad
714 1942 837 1965 omnes
852 1930 956 1965 horas
970 1944 1038 1978 que
1054 1931 1091 1966 in
1105 1931 1308 1980 inceptione
1322 1930 1372 1966 sui
1385 1943 1537 1979 ympnos
1556 1930 1687 1966 habent
1705 1931 1820 1966 donec

321 1999 472 2034 ympnus
491 1986 703 2021 terminetur
728 2006 736 2014 ·
764 1987 808 2022 ad
826 1988 985 2036 vesperas
1003 2002 1089 2024 vero
1108 1989 1216 2037 usque
1234 1989 1278 2024 ad
1297 1994 1465 2036 quartum
1484 1988 1541 2024 vel
1559 1988 1724 2035 quintum
1742 2001 1820 2024 ver-

321 2042 467 2079 ficulum
494 2043 598 2091 primi
622 2044 742 2091 psalmi
762 2063 771 2072 ·
790 2050 826 2080 et
849 2045 893 2080 ad
918 2046 1191 2094 completorium
1218 2045 1376 2082 similiter
1402 2066 1411 2074 ·
1443 2046 1489 2081 ad
1515 2046 1649 2081 mifl'am
1674 2046 1819 2093 quidem

321 2101 429 2148 usque
451 2101 495 2136 ad
518 2101 668 2149 primam
687 2101 874 2137 colle&am
896 2122 903 2130 ·
933 2103 991 2139 De
1015 2103 1137 2139 habitu
1164 2110 1284 2140 autem
1309 2117 1381 2152 quo
1407 2116 1531 2139 omnes
1553 2103 1819 2150 frequentantes

322 2158 470 2194 chorum
489 2159 542 2193 uti
561 2158 692 2194 debent
711 2178 719 2186 ·
743 2159 854 2207 nigris
879 2165 914 2195 et
939 2160 1188 2208 superpelliciis
1215 2181 1223 2190 ·
1252 2168 1288 2198 et
1306 2161 1511 2211 injunfilmm
1529 2160 1577 2197 est
1594 2160 1732 2197 vicariis
1750 2161 1819 2196 illis

322 2216 474 2251 maxime
500 2215 628 2263 quibus
649 2215 927 2252 ministrantibus
944 2230 1009 2265 pro
1029 2219 1207 2255 canonicis
1231 2220 1325 2255 idem
1348 2219 1509 2255 canonici
1534 2219 1601 2254 suis
1624 2218 1819 2266 sumptibus

323 2273 523 2321 hujusmodi
549 2273 709 2310 habitum
732 2274 920 2311 inveniunt
938 2275 998 2310 sub
1017 2275 1137 2312 debito
1155 2277 1288 2325 prestiti
1304 2277 1349 2313 ab
1367 2277 1417 2313 eis
1427 2276 1624 2330 juramenti
1651 2295 1659 2304 ·
1687 2281 1728 2312 ut
1745 2276 1818 2325 ipso
