2066 2780
346 175 393 207 48
746 166 1059 205 REGISTRUM
1088 162 1450 202 MORAVIENSE.

349 268 628 306 confirmationis
646 273 681 303 et
699 266 922 313 indulgentie
941 270 976 301 et
994 270 1171 300 cartarum
1195 261 1405 309 transcripto
1429 259 1579 307 sigillum
1598 259 1743 308 capituli
1761 259 1842 295 seci-

350 340 426 362 mus
445 326 575 375 apponi
603 345 610 353 ·
639 325 768 361 Valete
786 324 921 372 semper
939 323 976 357 in
995 321 1155 358 Domino
1171 339 1179 348 ·

355 498 534 534 Robertus
553 497 623 532 Dei
643 496 756 544 gratia
771 490 1026 529 Lincolniensis
1040 491 1220 538 episcopus
1235 488 1399 524 omnibus
1414 487 1577 524 fidelibus
1591 488 1663 524 Dei
1676 489 1823 525 salutem
1837 510 1843 517 ·

352 556 503 591 Noverit
531 552 735 590 universitas
762 551 875 587 vestra
902 563 967 585 nos
993 546 1153 583 remisisse
1181 546 1346 582 omnibus
1372 546 1562 594 prebendis
1589 545 1846 582 Lincolniensis

351 612 491 649 ecclesie
510 613 545 647 in
564 616 773 660 perpetuum
792 608 912 643 omnia.
923 607 1007 655 jura
1025 604 1232 653 episcopalia
1250 609 1286 639 et
1304 616 1428 640 omnes
1446 604 1651 639 exaffiones
1670 623 1678 632 ·
1695 610 1729 640 et
1747 605 1847 640 volu-

351 684 429 706 mus
447 670 542 717 quod
561 681 683 704 omnes
701 666 862 703 canonici
882 665 913 700 Ι
916 662 1147 699 incolnienses
1171 667 1381 710 perpetuam
1399 662 1436 697 in
1458 661 1647 710 prebendis
1670 662 1738 697 suis
1757 667 1791 697 et
1809 662 1846 697 in

352 728 515 763 omnibus
543 724 803 775 possessionibus
830 735 898 770 que
924 722 969 757 ad
997 720 1194 769 prebendas
1221 720 1404 774 pertinent
1430 719 1630 755 libertatem
1656 719 1845 755 habeant·

352 787 400 820 ita
421 785 517 832 quod
536 784 579 819 de
598 789 717 818 cetero
737 781 826 817 nulli
845 780 948 815 liceat
967 778 1216 814 archidiacono
1237 777 1315 825 [vel
1334 770 1574 813 archidiaconi
1592 776 1846 822 officialibus]-

352 843 395 878 de
414 842 601 890 prebendis
619 840 676 875 vel
698 837 845 874 ecclesiis
868 850 936 884 que
957 837 1001 871 ad
1026 835 1318 871 communionem
1336 833 1593 871 Lincolniensis
1612 834 1753 870 ecclesie
1770 848 1847 883 per-

352 900 468 935 tinent
491 898 623 946 aliquid
642 897 782 945 exigere
802 915 809 923 ·
830 895 887 931 vel
906 894 1067 929 homines
1085 906 1211 928 eorum
1230 893 1267 927 in
1285 892 1423 940 placitis
1440 906 1574 941 ponere
1594 912 1602 920 ·
1622 893 1680 928 sed
1698 893 1847 928 eandem

353 957 499 992 omnino
518 955 668 990 habeant
687 953 846 990 canonici
870 953 1069 988 libertatem
1094 950 1131 985 in
1155 950 1346 998 prebendis
1369 950 1437 986 suis
1458 963 1564 997 quam
1588 950 1721 985 habent
1745 963 1849 986 cano-

355 1015 424 1049 nici
445 1011 684 1049 Salisbiriensis
702 1009 841 1047 ecclesie
860 1010 897 1045 in
915 1010 982 1045 suis
1001 1028 1009 1036 ·
1028 1008 1201 1057 prefatam
1216 1021 1304 1043 vero
1318 1008 1519 1044 libertatem
1533 1007 1800 1043 subdiaconatui
1814 1014 1849 1044 et

353 1070 492 1106 ecclesie
518 1070 680 1106 Lec‘cune
707 1082 775 1116 que
799 1068 843 1103 ad
868 1068 1041 1103 decanum
1066 1066 1245 1114 pertinere
1270 1065 1464 1101 dinoscitur
1488 1071 1661 1114 perpetuo
1687 1066 1848 1102 concedi-

354 1142 431 1163 mus
457 1148 465 1156 ·
494 1133 528 1163 et
557 1127 725 1175 presentis
753 1124 852 1173 figilli
879 1124 985 1160 nostri
1013 1123 1235 1159 attestatione
1262 1124 1525 1159 communimus
1552 1128 1588 1158 et
1612 1123 1847 1158 roboramus·

354 1185 514 1220 Testibus
533 1184 690 1220 martino
708 1183 924 1218 thesaurario
954 1202 962 1209 ·
994 1181 1188 1229 Radulpho
1211 1180 1411 1217 subdecano
1440 1201 1448 1209 ·
1477 1180 1643 1217 Galsrido
1665 1180 1849 1229 capellano

354 1243 488 1277 domini
509 1242 618 1289 Regis
638 1260 645 1268 ·
666 1247 701 1276 et
719 1240 795 1275 aliis
816 1260 824 1267 ·

354 1413 530 1450 Omnibus
543 1412 670 1449 Christi
685 1412 848 1448 fidelibus
862 1413 907 1447 ad
921 1425 1009 1459 quos
1023 1412 1090 1448 hoc
1105 1412 1273 1460 scriptum
1288 1412 1492 1460 pervenerit
1506 1411 1618 1460 Hugo
1633 1413 1767 1460 primus
1780 1413 1851 1448 Dei

354 1472 466 1518 gratia
485 1469 740 1506 Lincolniensis
756 1470 937 1518 episcopus
953 1470 1100 1505 salutem
1115 1470 1152 1505 in
1169 1470 1332 1505 Domino
1352 1489 1359 1498 ·
1380 1483 1425 1505 ex
1443 1470 1662 1518 inspectione
1681 1471 1850 1506 autentici

355 1528 575 1564 instrumenti
599 1528 691 1563 bone
713 1529 884 1563 memorie
906 1528 1056 1563 Roberti
1080 1528 1263 1575 quondam
1284 1526 1479 1576 [episcopi]
1499 1527 1757 1563 Lincolniensis
1775 1541 1852 1576 pre-

357 1586 540 1621 decessoris
552 1585 658 1620 nostri
674 1586 907 1633 cognovimus
918 1586 1029 1634 ipsum
1042 1584 1203 1621 remisisse
1215 1585 1381 1621 omnibus
1394 1585 1583 1633 prebendis
1596 1584 1852 1621 Lincolniensis

357 1642 497 1679 ecclesie
517 1644 552 1677 in
571 1649 782 1691 perpetuum
801 1644 921 1679 omnia
933 1644 1017 1691 jura
1031 1644 1242 1692 episcopalia
1255 1663 1263 1672 ·
1276 1649 1312 1679 et
1326 1656 1451 1679 omnes
1465 1644 1670 1679 exactiones
1683 1663 1691 1671 ·
1707 1649 1743 1679 et
1756 1644 1853 1691 quod

358 1714 481 1736 omnes
498 1701 658 1735 canonici
677 1700 933 1736 Lincolniensis
951 1700 1091 1737 ecclesie
1113 1702 1152 1737 in
1172 1701 1363 1750 prebendis
1386 1700 1454 1736 suis
1480 1706 1516 1736 et
1543 1701 1708 1736 omnibus
1731 1701 1853 1750 pofl'es-

358 1757 509 1794 sionibus
535 1771 602 1805 que
626 1759 670 1793 ad
696 1758 892 1806 prebendas
916 1759 1099 1807 pertinent
1122 1765 1331 1808 perpetuam
1353 1758 1507 1794 habeant
1524 1758 1725 1794 libertatem
1758 1778 1766 1786 ·
1804 1760 1854 1794 ita

359 1816 455 1863 quod
473 1815 561 1850 nulli
580 1815 684 1851 liceat
703 1816 951 1852 archidiacono
970 1817 1027 1853 vel
1045 1817 1284 1853 archidiaconi
1308 1816 1515 1852 officialibus
1538 1816 1582 1852 de
1605 1816 1795 1865 prebendis
1818 1823 1853 1852 et

359 1871 619 1921 possessionibus
638 1873 681 1908 ad
696 1886 921 1909 communam
941 1875 1201 1922 pertinentibus
1220 1875 1355 1923 aliquid
1373 1875 1515 1922 exigere
1528 1893 1536 1902 ·
1549 1874 1606 1910 vel
1619 1874 1854 1923 parochianos

361 1930 622 1978 prebendarum
635 1929 890 1966 Lincolniensis
908 1931 1047 1968 ecclesie
1065 1932 1102 1968 in
1119 1933 1258 1981 placitis
1275 1945 1411 1981 ponere
1430 1951 1439 1961 ·
1457 1931 1536 1968 Nos
1555 1931 1663 1979 igitur
1680 1932 1853 1980 prefatam

363 1987 622 2034 indulgentiam
647 1987 689 2023 ab
713 1988 785 2035 ipso
809 1989 939 2024 saetam
957 1996 1070 2025 ratam
1088 1990 1258 2027 habentes
1277 2003 1354 2026 eam
1372 1989 1525 2039 presenti
1543 1989 1670 2038 scripto
1689 1994 1725 2025 et
1742 1988 1854 2037 sigillo

364 2044 482 2080 nostro
506 2045 671 2081 duximus
694 2045 906 2082 confirmare
933 2066 942 2075 ·
971 2047 1054 2084 Hoc
1077 2048 1283 2097 adjicientes
1306 2053 1348 2084 ut
1372 2046 1513 2084 ecclesia
1536 2047 1580 2083 de
1605 2047 1763 2095 Seuerby
1786 2060 1854 2094 que

363 2102 408 2137 ad
427 2102 614 2138 luminaria
627 2102 883 2140 Lincolnienfis
901 2104 1040 2141 ecclesie
1059 2105 1107 2141 est
1124 2104 1293 2154 assignata
1307 2124 1316 2134 ·
1336 2111 1371 2142 et
1389 2104 1532 2142 ecclesia
1549 2105 1593 2141 de
1608 2104 1771 2140 Lechton
1786 2117 1854 2152 que

364 2159 412 2195 est
430 2159 474 2195 de
491 2159 728 2196 subdecanum
750 2160 891 2197 ecclesie
910 2162 1165 2198 Lincolniensis
1196 2183 1205 2192 ·
1233 2170 1269 2200 et
1287 2162 1429 2200 ecclesia
1446 2162 1620 2199 Omnium
1639 2162 1853 2198 Sanctorum

364 2230 432 2264 que
461 2217 509 2252 est
535 2218 572 2252 in
601 2217 775 2254 Lincolne
803 2233 871 2266 que
899 2221 1053 2268 pertinet
1083 2221 1127 2256 ad
1160 2222 1405 2258 cancellariam
1431 2218 1688 2256 Lincolnienfis
1714 2218 1855 2256 ecclesie

367 2275 490 2311 eadem
508 2275 612 2324 plene
629 2276 810 2324 gaudeant
827 2277 990 2314 libertate
1021 2298 1029 2306 ·
1063 2278 1279 2327 Precipimus
1305 2279 1411 2316 etiam
1436 2283 1478 2314 ut
1502 2277 1540 2314 in
1563 2276 1726 2314 omnibus
1749 2276 1856 2313 causis
