1912 2660
235 141 308 173 310
631 136 948 172 REGISTRUM
978 135 1195 172 MORAW
1207 136 1345 172 ENSE.

127 1684 199 1715 240

238 236 285 272 est
302 236 464 272 facienda
490 249 530 272 ac
549 236 655 271 etiam
675 236 719 271 de
746 236 908 284 dampnis
937 234 1095 283 expensis
1120 241 1156 270 et
1179 234 1342 270 intereffe
1368 232 1393 268 fi
1411 247 1480 280 que
1504 234 1562 269 vel
1586 248 1673 282 quas
1700 249 1745 271 ex

238 308 310 329 non
331 294 506 329 solutione
525 294 727 342 hujusmodi
750 294 942 329 incurrerit
965 293 1123 341 plenarie
1150 293 1257 327 fuerit
1284 291 1498 326 satisfactum
1519 311 1527 319 ·
1557 292 1604 328 Et
1622 291 1646 327 fi
1665 306 1750 329 con-

241 353 356 400 tingat
377 352 474 399 quod
493 351 578 387 abfit
602 365 659 387 me
682 352 739 387 vel
763 351 912 387 heredes
931 364 1029 386 meos
1053 355 1179 385 contra
1201 349 1332 384 dictam
1359 348 1606 385 fundationem
1633 364 1748 386 meam

242 410 365 445 venire
393 410 450 445 vel
478 410 593 445 eidem
622 409 868 445 contradicere
892 408 949 443 seu
976 408 1078 455 super
1103 420 1144 442 ea
1171 407 1270 441 litem
1299 419 1445 447 movere
1474 407 1594 455 obligo
1625 422 1682 444 me
1716 415 1752 445 et

243 481 303 503 eos
332 468 367 502 iu
394 473 539 503 centum
565 467 663 502 libris
692 466 940 513 sterlingorum
969 465 1101 500 fabrice
1128 463 1272 499 ecclefie
1307 464 1519 500 cathedralis
1547 466 1749 514 supradifite

243 526 389 561 nomine
415 539 505 573 pene
536 525 713 560 solvendis
734 529 816 559 ante
843 535 987 558 omnem
1013 522 1084 557 litis
1106 522 1296 569 ingressum
1317 542 1325 550 ·
1362 522 1514 570 presenti
1539 523 1750 560 fundatione

242 597 322 619 mea
352 583 583 618 nihilominus
615 583 652 617 in
683 582 744 617 suo
775 581 905 616 robore
936 579 1169 628 perhenniter
1204 580 1377 616 duratura
1402 600 1410 608 ·
1462 581 1508 616 Et
1540 582 1624 618 volo
1653 583 1749 630 quod

242 642 374 677 totiens
397 654 490 689 pena
517 640 719 687 supradicta
742 638 988 674 committatur
1015 643 1051 673 et
1078 637 1218 673 levetur
1244 638 1410 686 quotiens
1440 638 1644 675 fundationi
1672 654 1750 676 mee

242 699 394 748 presenti
422 699 528 734 suerit
555 697 820 733 contradictum
846 709 928 731 cum
948 695 1078 731 effeetu
1099 715 1106 723 ·
1147 695 1332 732 Subiciens
1351 710 1407 733 me
1425 697 1574 733 heredes
1593 711 1691 734 meos
1716 704 1759 734 et

243 757 345 793 nobis
363 757 575 792 successuros
593 769 633 791 ac
654 755 832 790 dictarum
852 759 1029 789 terrarum
1050 767 1210 789 mearum
1229 754 1364 790 incolas
1382 768 1454 802 quo
1472 756 1517 791 ad
1536 756 1748 792 solutionem

243 828 335 864 pene
354 814 602 863 prenominate
621 826 662 848 ac
681 813 787 848 etiam
806 812 850 847 ad
870 811 1082 847 solutionem
1108 814 1441 860 prenominatorum
1461 819 1607 849 centum
1627 814 1752 850 solido-

245 886 325 909 rum
353 886 417 921 per
444 871 689 907 omnimodam
717 870 901 905 censuram
929 868 1191 906 ecclefiasticam
1219 871 1336 906 arcius
1364 884 1532 907 coarcere
1551 891 1559 899 ·
1587 873 1752 908 renunci-

244 944 306 966 ans
325 931 362 965 in
381 931 447 965 hoc
467 930 563 965 facto
587 942 652 977 pro
681 941 737 963 me
764 928 957 964 heredibus
983 928 1071 963 meis
1098 933 1134 964 et
1160 927 1339 976 affignatis
1362 929 1565 977 exceptioni
1584 928 1722 965 lesionis
1740 949 1748 958 ·

245 988 463 1037 deceptionis
477 1007 484 1015 ·
505 987 578 1022 doli
592 987 648 1022 vel
663 986 798 1021 fraudis
811 1006 819 1014 ·
836 991 872 1022 et
891 986 988 1021 omni
1009 986 1067 1035 alij
1085 987 1287 1035 exceptioni
1301 986 1394 1035 juris
1412 987 1470 1022 vel
1488 987 1575 1023 faeti
1593 988 1759 1024 canonici

245 1047 301 1082 vel
333 1046 444 1082 civilis
471 1059 534 1094 per
561 1058 666 1092 quam
696 1050 823 1080 contra
849 1044 1012 1093 premiss'a
1038 1045 1096 1080 vel
1126 1045 1272 1093 aliquod
1303 1045 1549 1093 premissorum
1582 1046 1756 1094 poss'emus

245 1118 310 1140 nos
334 1103 604 1151 quomodolibet
629 1103 821 1138 defendere
839 1103 898 1139 vel
922 1103 1015 1138 tueri
1035 1122 1043 1131 ·
1067 1102 1214 1151 jurique
1238 1103 1370 1139 dicenti
1393 1103 1598 1151 generalem
1627 1117 1757 1140 renun-

245 1162 434 1198 ciationem
453 1174 528 1196 non
548 1161 667 1196 valere
687 1188 694 1196 .
725 1160 770 1195 In
800 1160 902 1210 cujus
929 1161 981 1196 rei
1008 1160 1250 1197 testimonium
1275 1160 1426 1208 figillum
1446 1175 1566 1197 meum
1585 1175 1659 1197 una
1676 1175 1756 1198 cum

246 1219 356 1267 sigillo
382 1219 470 1254 dieti
489 1219 625 1254 domini
645 1219 715 1254 mei
737 1219 889 1255 Comitis
907 1225 1086 1255 terrarum
1109 1219 1394 1268 supradictarum
1415 1220 1551 1255 domini
1570 1220 1760 1268 superioris

246 1277 464 1326 presentibus
492 1276 540 1313 est
566 1277 758 1325 appensum
788 1297 796 1305 ·
843 1277 942 1313 Data
969 1277 1064 1325 apud
1100 1277 1379 1325 Dumfermelyn
1406 1278 1522 1327 primo
1551 1278 1608 1314 die
1635 1277 1758 1314 menfis

247 1335 331 1384 maij
353 1349 448 1371 anuo
470 1335 606 1370 domini
627 1334 820 1372 -millefimo
840 1349 923 1371 ·ccc·
943 1335 1159 1383 sexagesimo
1178 1336 1333 1371 secundo
1349 1355 1357 1364 ·

253 1510 579 1557 Augmeutationes
597 1510 692 1546 facte
711 1510 754 1545 ad
774 1509 886 1545 altare
905 1509 1008 1546 beate
1027 1511 1142 1547 (Darie
1161 1509 1322 1558 Virginis
1346 1510 1382 1544 in
1406 1508 1548 1545 ecclefia
1566 1510 1758 1558 parochiali

252 1568 295 1603 de
315 1568 432 1615 Elygn
453 1587 459 1595 ·

255 1683 433 1719 Omnibus
459 1684 550 1719 hanc
575 1689 708 1719 cartam
728 1684 853 1720 visuris
870 1685 928 1721 vel
946 1683 1121 1720 audituris
1140 1683 1342 1719 VVillelmus
1369 1683 1413 1719 de
1432 1683 1560 1731 Soreys
1578 1682 1758 1731 burgensis

256 1742 299 1777 de
320 1741 437 1789 Elgyn
458 1741 603 1777 salutem
622 1742 658 1777 in
678 1742 841 1778 Domino
860 1743 1109 1791 sempiternam
1129 1761 1137 1769 ·
1159 1741 1255 1784 Quia
1272 1747 1399 1776 notum
1418 1740 1466 1776 est
1480 1741 1644 1776 omnibus
1661 1741 1758 1788 quod

257 1799 373 1835 omnis
392 1813 474 1834 caro
493 1806 654 1835 vertetur
680 1801 716 1835 in
744 1801 900 1837 cinerem
921 1807 957 1837 et
981 1801 1069 1836 nihil
1088 1799 1164 1848 post
1186 1805 1338 1835 mortem
1358 1797 1421 1834 nifi
1447 1799 1507 1834 ille
1529 1799 1590 1847 qui
1609 1798 1656 1834 est
1674 1812 1759 1835 vera

256 1857 345 1892 salus
373 1863 406 1892 et
435 1857 495 1904 qui
523 1857 720 1893 humanum
748 1872 861 1906 genus
885 1860 922 1894 in
945 1872 1051 1895 cruce
1074 1857 1227 1894 redemit
1252 1857 1526 1893 misericorditer
1552 1857 1729 1905 reperitur
1748 1876 1756 1884 ·

258 1916 341 1950 hinc
368 1914 416 1950 est
441 1915 537 1962 quod
566 1916 732 1951 omnibus
759 1923 886 1952 notum
914 1918 1008 1953 facio
1031 1930 1095 1965 per
1126 1915 1305 1964 presentes
1327 1928 1383 1951 me
1406 1915 1534 1951 dedifl'e
1561 1913 1757 1951 concessifl'e

257 1980 292 2009 et
311 1973 376 2008 liae
395 1973 549 2021 presenti
570 1980 668 2008 carta
686 1974 905 2010 confirmasse
923 1989 988 2023 pro
1008 1975 1117 2010 salute
1136 1974 1253 2010 anime
1274 1987 1350 2009 mee
1375 1979 1411 2009 et
1437 1974 1636 2009 animarum
1661 1979 1757 2009 ante-

257 2032 428 2067 cessorum
442 2037 477 2066 et
490 2031 720 2066 successorum
735 2045 897 2067 meorum
912 2047 952 2068 ac
965 2033 1127 2068 omnium
1142 2032 1302 2067 fidelium
1317 2032 1571 2067 defunetorum
1581 2051 1588 2059 ·
1601 2031 1757 2079 quinque

256 2089 385 2124 solidos
416 2089 525 2124 annui
565 2088 724 2124 redditus
759 2103 847 2137 quos
883 2091 968 2125 mihi
1005 2090 1190 2126 annuatim
1226 2090 1360 2125 solvere
1396 2095 1539 2125 tenetur
1576 2089 1756 2125 Henricus

256 2147 349 2182 filius
370 2146 519 2182 Robcrti
550 2152 585 2182 et
615 2146 763 2182 heredes
787 2147 835 2182 sui
864 2148 919 2183 vel
943 2147 1103 2196 allignati
1127 2162 1193 2196 pro
1217 2148 1369 2195 quadam
1397 2148 1569 2196 perticata
1594 2147 1754 2195 burgagij
