2060 2660
392 171 464 203 252
785 167 1100 207 REGISTRUM
1128 170 1247 207 MOR
1254 170 1344 206 AV1
1354 171 1491 207 ENSE.

395 265 555 302 Henrico
569 267 736 304 fratribus
754 268 879 304 nostris
894 288 902 297 ·
923 269 1065 304 Thoma
1083 269 1267 317 capellano
1280 268 1400 304 nostro
1420 287 1428 296 ·
1448 267 1623 304 michaele
1641 267 1771 303 clerico
1792 288 1800 296 ·
1828 269 1889 306 Jo-

390 323 508 359 hanne
527 325 570 360 de
589 324 770 362 Craufurd
789 346 797 355 ·
817 332 853 362 et
872 327 992 362 multis
1011 327 1086 362 aliis
1105 346 1114 354 ·

392 380 570 418 Omnibus
596 383 715 419 sanfi'ce
741 385 863 420 matris
890 383 1030 419 ecclefie
1052 384 1133 418 filiis
1154 383 1273 418 literas
1292 381 1368 417 istas
1387 381 1511 417 visuris
1528 381 1586 417 vel
1603 383 1777 419 audituris
1795 385 1886 434 capi-

390 439 507 475 tulum
535 440 677 477 ecclefie
708 442 839 477 San6te
867 441 1053 477 Trinitatis
1080 441 1124 476 de
1154 440 1252 487 Spini
1282 445 1441 474 eternam
1468 439 1505 474 in
1533 439 1684 474 Domini
1712 441 1859 478 salutem
1878 462 1887 471 ·

391 496 514 533 Sciatis
531 499 770 535 venerabilem
789 499 974 534 dominum
990 503 1025 533 et
1043 503 1180 545 patrem
1199 496 1357 532 nostrum
1376 496 1414 531 in
1433 496 1572 532 Christo
1591 494 1750 533 Bricium
1769 498 1890 536 <Dora-

388 554 542 590 viensem
569 556 771 604 episcopum
797 557 841 592 de
867 555 1050 591 communi
1078 546 1246 590 consensu
1273 553 1392 589 nostro
1420 554 1549 590 dediffe
1575 559 1611 590 et
1635 554 1832 593 conceffifl'e
1853 563 1888 594 et

389 618 486 648 carta
516 612 576 648 sua
606 613 825 649 confirmasse
853 611 993 649 ecclefie
1020 611 1144 648 83ηὸὶί
1172 611 1315 646 Thome
1343 611 1497 647 martiris
1527 612 1570 648 de
1600 612 1821 650 Abirbrocht
1851 621 1887 651 et

389 671 571 706 monachis
600 670 730 707 ibidem
758 671 840 706 Deo
867 669 1098 706 servientibus
1125 674 1161 704 et
1186 668 1366 704 servituris
1393 669 1429 704 in
1456 669 1603 705 liberam
1630 676 1666 706 et
1691 683 1817 719 puram
1852 678 1887 708 et

388 733 596 776 perpetuam
616 727 840 765 elemosinam
859 741 966 763 unam
989 726 1185 762 dauacham
1212 732 1308 762 terre
1334 727 1431 774 quod
1457 727 1612 775 pertinet
1634 728 1679 764 ad
1706 728 1886 766 ecclefiam

388 785 432 820 de
452 785 678 821 Abirkerdor
695 791 731 822 et
749 786 916 833 quicquid
935 786 978 820 de
998 784 1059 819 illa
1075 789 1172 819 terra
1189 785 1372 833 percipere
1390 784 1522 821 solebat
1540 804 1549 813 ·
1577 786 1700 828 Quare
1718 787 1885 824 volumus

386 843 483 890 quod
501 843 654 889 predi<ffl
672 843 837 879 monachi
861 847 1007 878 teneant
1031 847 1067 877 et
1089 840 1285 890 poflideant
1303 843 1501 889 predi&am
1519 848 1651 878 terram
1671 857 1752 879 cum
1777 845 1885 881 metis

386 899 501 936 divisis
529 900 596 936 suis
624 907 658 937 et
688 900 911 947 pertinentiis
940 900 989 935 ita
1010 899 1120 935 libere
1145 919 1153 927 ·
1178 900 1296 947 quiete
1320 919 1328 927 ·
1353 900 1510 948 plenarie
1529 906 1565 936 et
1583 900 1778 937 honorifice
1799 900 1886 939 ficut

385 964 482 995 carta
500 959 602 1008 ipfius
622 959 783 1008 Episcopi
802 959 990 995 confirmat
1004 963 1039 994 et
1057 957 1203 994 testatur
1222 977 1230 985 ·
1258 957 1364 994 Teste
1382 963 1460 993 toto
1477 958 1634 1006 capitulo
1652 957 1772 994 nostro
1791 979 1799 987 ·

384 1016 466 1052 Post
488 1031 637 1065 quarum
664 1017 807 1065 quidem
834 1016 1018 1052 literarum
1046 1021 1082 1052 et
1104 1016 1403 1051 documentorum
1432 1015 1733 1064 presentationem
1764 1030 1883 1066 recep-

383 1074 517 1110 tionem
549 1080 585 1111 et
616 1075 790 1111 lefihiram
819 1074 921 1110 nobis
954 1079 990 1110 et
1020 1087 1084 1123 per
1112 1087 1178 1109 nos
1207 1072 1294 1109 ficut
1321 1074 1540 1122 premittitur
1568 1073 1698 1109 factam
1727 1075 1883 1122 prefatus

383 1132 545 1180 magister
564 1132 772 1168 Alexander
791 1132 939 1180 Symson
958 1132 1110 1168 vicarius
1129 1132 1172 1167 de
1193 1131 1420 1167 Abirkerdor
1446 1131 1599 1180 prefatas
1623 1131 1742 1167 literas
1760 1137 1797 1167 et
1814 1132 1882 1168 alia

383 1190 597 1226 documenta
614 1190 808 1238 exemplari
827 1209 836 1219 ·
865 1190 1048 1228 tranffumi
1068 1209 1077 1218 ·
1107 1189 1244 1225 extrahi
1264 1209 1273 1217 ·
1303 1189 1514 1225 autenticari
1541 1208 1549 1217 ·
1577 1194 1613 1224 et
1640 1189 1677 1224 in
1702 1183 1879 1237 publicam

382 1247 604 1296 tranffumpti
629 1248 780 1284 formam
804 1248 918 1296 redigi
937 1268 946 1276 ·
973 1248 1210 1296 transsumpto
1234 1247 1363 1283 exinde
1382 1247 1547 1283 consec'to
1566 1246 1673 1283 fidem
1693 1247 1729 1282 in
1741 1247 1879 1295 judicio

381 1310 417 1341 et
434 1310 534 1341 extra
552 1306 701 1341 concedi
725 1311 760 1341 et
784 1306 860 1341 dari
882 1319 946 1354 per
964 1319 1030 1341 nos
1048 1318 1129 1341 cum
1152 1304 1419 1353 interpositione
1446 1305 1579 1341 decreti
1606 1310 1642 1341 et
1668 1304 1879 1353 appenfione

380 1362 487 1398 nostri
506 1361 606 1410 sigilli
621 1382 629 1391 ·
652 1376 698 1399 ne
716 1363 795 1400 casu
812 1363 963 1399 fortuito
981 1363 1041 1399 seu
1058 1364 1197 1399 viarum
1225 1363 1483 1399 discriminibus
1509 1363 1714 1411 deperirent
1740 1370 1775 1399 et
1801 1362 1879 1399 suos

379 1420 520 1468 vigores
547 1421 753 1457 amitterent
782 1440 790 1449 ·
820 1426 856 1457 et
881 1434 926 1457 ex
944 1421 1020 1457 aliis
1038 1420 1146 1457 caulis
1164 1420 1434 1456 rationabilibus
1452 1426 1487 1456 et
1504 1420 1702 1456 rationibus
1719 1421 1877 1458 animum

379 1478 478 1513 suum
509 1478 735 1514 moventibus
763 1478 908 1515 decerni
938 1478 1137 1515 humillime
1167 1478 1358 1527 postulavit
1392 1497 1401 1506 ·
1429 1478 1507 1514 Nos
1537 1491 1623 1514 vero
1654 1479 1878 1516 attendentes

380 1535 580 1583 hujusmodi
598 1535 871 1584 postulationem
883 1536 1013 1585 justam
1032 1537 1109 1572 fore
1128 1542 1164 1572 et
1182 1536 1313 1572 rationi
1332 1536 1522 1571 consonam
1547 1555 1556 1563 ·
1585 1535 1747 1572 volentes
1765 1536 1879 1573 eidem

380 1605 537 1628 annuere
561 1599 602 1628 ut
623 1599 788 1630 tenemur
807 1613 815 1622 ·
843 1594 976 1630 idcirco
1003 1594 1156 1642 prefatas
1183 1594 1303 1630 literas
1325 1599 1361 1629 et
1383 1593 1600 1629 documenta
1617 1594 1881 1630 tranffumenda

380 1650 572 1698 exemplari
593 1670 600 1678 ·
627 1651 764 1686 extrahi
791 1657 828 1688 et
854 1652 890 1687 in
916 1652 1095 1701 publicam
1118 1651 1342 1700 tranfl'umpti
1363 1651 1515 1687 formam
1535 1656 1571 1687 et
1589 1651 1805 1687 autenticam
1829 1665 1881 1687 re-

380 1708 452 1754 digi
465 1727 472 1736 ·
492 1708 635 1744 servatis
658 1709 836 1744 servandis
856 1729 863 1737 ·
884 1709 1041 1758 express'e
1067 1709 1315 1745 mandavimus
1336 1714 1372 1744 et
1395 1708 1543 1744 fecimus
1561 1721 1643 1744 cum
1662 1708 1792 1744 effefi'm
1811 1728 1820 1737 ·
1845 1715 1881 1746 et

379 1764 423 1800 ad
442 1765 640 1801 tollendum
661 1779 767 1802 omne
786 1766 933 1802 dubium
957 1767 1181 1803 decrevimus
1207 1772 1243 1802 et
1269 1772 1396 1802 tenore
1420 1766 1637 1814 presentium
1656 1766 1879 1803 decernimus

380 1823 475 1870 quod
494 1823 645 1870 presenti
663 1824 896 1872 tranfl'umpto
911 1831 981 1860 tam
1000 1825 1036 1860 in
1048 1824 1188 1873 judicio
1202 1837 1308 1872 quam
1328 1829 1429 1860 extra
1445 1823 1594 1859 ubilibet
1612 1824 1773 1859 locorum
1793 1816 1878 1860 licut

380 1880 484 1915 dietis
503 1881 612 1915 literis
631 1880 861 1929 originalibus
879 1882 985 1930 plena
1008 1888 1043 1918 et
1069 1882 1270 1918 indubitata
1287 1882 1375 1917 fides
1392 1881 1573 1930 perpetuis
1590 1881 1810 1929 temporibus
1828 1881 1879 1918 fu-

379 1938 467 1973 turis
485 1938 693 1974 adhibeatur
709 1957 716 1967 ·
746 1939 885 1982 Quibus
912 1940 1077 1975 omnibus
1104 1945 1140 1975 et
1164 1938 1309 1988 singulis
1332 1939 1416 1987 quia
1440 1939 1581 1987 presens
1603 1939 1875 1987 transsumptum

380 2007 460 2031 cum
488 1996 631 2043 prefatis
649 1996 880 2044 originalibus
897 1998 934 2032 in
953 1997 1119 2033 omnibus
1143 1998 1363 2033 concordare
1390 1997 1592 2032 invenimus
1617 1995 1771 2032 nostram
1798 2008 1878 2033 auc·

379 2052 558 2089 toritatem
579 2053 852 2102 interposuimus
878 2061 914 2090 et
942 2055 1203 2103 interponimus
1230 2068 1295 2104 per
1321 2054 1500 2104 presentes
1519 2073 1528 2082 ·
1556 2054 1602 2089 In
1625 2067 1778 2101 quorum
1805 2066 1877 2090 om-

379 2110 478 2146 nium
497 2116 533 2146 et
550 2109 768 2158 singulorum
786 2111 893 2147 fidem
912 2118 947 2148 et
966 2112 1205 2148 testimonium
1223 2112 1470 2161 premissorum
1488 2112 1550 2147 has
1567 2111 1688 2147 literas
1713 2110 1782 2147 five
1809 2111 1876 2147 hoc

379 2168 520 2216 presens
545 2167 818 2204 instrumentum
842 2169 1023 2217 publicum
1052 2170 1258 2218 [decretum
1283 2165 1627 2218 compromissionem
1652 2168 1790 2216 aliaque
1817 2169 1877 2205 do-

378 2231 544 2262 cumenta
567 2225 724 2274 prefata]
743 2226 779 2261 in
798 2226 831 2262 se
850 2227 1075 2263 continentes
1097 2227 1165 2263 five
1189 2228 1377 2264 continens
1399 2227 1528 2263 exinde
1546 2226 1623 2262 fieri
1642 2232 1678 2261 et
1694 2239 1758 2274 per
1776 2233 1878 2262 nota-⁷
