2060 2660
594 193 909 231 REGISTRUM
937 195 1296 234 MORAVIENSE.
1612 201 1685 243 267

199 294 291 330 vices
313 292 451 341 gerenti
477 298 513 328 et
536 292 573 327 in
597 305 722 328 eorum
746 292 909 327 absentiis
932 293 1058 341 majori
1079 295 1251 330 canonico
1270 295 1431 332 residenti
1450 303 1485 332 et
1502 299 1655 346 capitulo
1672 319 1679 326 ·

198 351 254 387 vel
278 350 436 398 generali
461 350 685 398 procuratori
707 350 937 385 dominorum
964 350 1103 386 Decani
1126 358 1162 386 et
1184 353 1327 400 capituli
1352 367 1416 401 pro
1439 359 1598 402 tempore
1625 369 1681 390 ex-

194 408 308 444 istenti
326 427 334 435 ·
363 413 398 443 et
424 407 523 443 suum
542 420 675 443 nomen
694 407 738 442 ad
758 407 852 442 diem
872 407 1040 443 introitus
1058 408 1108 443 sui
1126 409 1171 443 ad
1189 410 1385 456 predictam
1404 410 1627 447 refidenciam
1648 413 1681 447 in

193 465 283 501 libro
298 464 451 513 predicti
465 465 704 513 procuratoris
720 465 864 513 propria
881 478 988 500 manu
1004 464 1107 513 ipfius
1121 464 1342 502 refidentiam
1356 468 1552 503 inchoantis
1567 488 1575 496 ·
1595 475 1628 503 et
1647 468 1682 503 fi-

192 523 324 558 militer
342 523 435 558 diem
456 522 606 558 receffus
623 522 674 558 sui
693 528 728 558 et
745 522 845 558 suum
861 535 993 558 nomen
1012 536 1053 558 ac
1071 523 1177 559 etiam
1196 523 1289 559 diem
1308 524 1358 559 sui
1377 525 1503 559 iterum
1517 525 1682 560 introitus

192 581 237 616 ad
255 580 406 616 eandem
424 580 550 615 scribat
570 599 578 607 ·
603 593 672 627 que
696 580 867 628 scriptura
891 580 1037 615 sufficiat
1054 593 1119 628 pro
1138 581 1197 616 sua
1214 580 1403 617 refidencia
1420 582 1601 629 probanda
1618 595 1681 616 nec

189 638 306 685 aliqua
322 638 391 674 alia
408 638 575 686 probacio
593 650 659 685 pro
678 637 780 685 ipfius
798 637 990 674 residencia
1006 637 1216 674 admittatur
1236 657 1244 666 ·

192 752 282 788 Item
309 751 491 788 statuimus
519 758 554 787 et
581 752 787 788 ordinamus
812 753 910 800 quod
936 753 1031 788 dicte
1058 751 1198 789 ecclesie
1225 753 1387 788 canonici
1413 752 1620 801 prebendati
1644 753 1679 787 in

188 810 311 846 eadem
331 809 485 845 debitam
504 823 544 845 ac
562 809 780 858 personalem
800 810 991 846 secundum
1015 810 1156 846 suarum
1176 810 1436 858 prebendarum
1455 810 1679 845 fundationes

188 873 224 902 et
249 873 394 903 naturas
411 867 527 903 facere
545 866 771 903 refidenciam
796 873 1026 916 peroptantes
1051 868 1144 903 infra
1169 868 1324 916 primum
1349 868 1443 903 diem
1462 866 1585 902 menfis
1605 867 1678 901 Au-

187 924 275 972 gusti
302 931 338 960 et
364 924 486 960 festum
513 925 634 960 Sancti
661 924 848 960 Michaelis
875 925 1013 960 dictum
1038 926 1194 973 primum
1219 926 1313 961 diem
1339 924 1492 973 Augusti
1519 925 1678 973 proxime

188 988 223 1017 et
254 982 458 1018 immediate
485 982 630 1029 sequens
660 982 755 1017 suam
783 982 984 1031 hujusmodi
1010 981 1238 1019 refidenciam
1265 984 1302 1018 in
1331 983 1453 1019 eadem
1481 982 1650 1030 incipiant
1670 1001 1677 1008 ·

188 1045 224 1075 et
241 1039 336 1075 suam
355 1037 582 1075 residenciam
600 1039 801 1088 hujusmodi
819 1040 937 1076 debite
961 1040 998 1075 in
1022 1040 1146 1076 eadem
1164 1041 1356 1077 secundum
1374 1040 1514 1076 suarum
1532 1039 1679 1088 preben-

191 1097 316 1132 darum
334 1097 565 1132 fundaciones
583 1102 619 1133 et
636 1103 780 1133 naturas
798 1097 896 1133 dicto
911 1097 1057 1145 registro
1071 1103 1277 1135 annotatam
1291 1098 1493 1146 compleant
1508 1117 1516 1125 ·
1535 1097 1620 1132 alias
1633 1097 1677 1131 ad

190 1155 453 1203 perceptionem
471 1155 625 1202 partium
644 1155 846 1190 communie
864 1155 958 1190 illius
976 1155 1060 1191 anni
1078 1161 1392 1203 quantumcunque
1414 1154 1531 1203 postea
1548 1160 1583 1190 et
1601 1152 1678 1189 refi-

190 1212 297 1247 deant
313 1225 387 1246 non
405 1212 639 1247 admittantur
657 1231 665 1239 ·

191 1326 282 1361 Item
301 1325 482 1361 statuimus
503 1332 538 1362 et
560 1326 765 1361 ordinamus
789 1327 885 1374 quod
909 1326 1056 1374 quilibet
1082 1328 1273 1363 canonicus
1296 1327 1534 1375 prebendatus
1554 1326 1675 1362 Mora-

188 1382 312 1418 viensis
342 1389 503 1432 tempore
534 1384 592 1419 sue
619 1382 809 1419 residencie
835 1384 872 1420 in
899 1384 996 1420 dicta
1022 1384 1163 1420 ecclefia
1189 1385 1347 1420 faciende
1378 1383 1520 1432 singulis
1553 1384 1674 1419 diebus

186 1441 365 1476 ferialibus
382 1440 422 1476 fit
439 1442 476 1476 in
495 1454 566 1476 una
583 1441 671 1476 hora
690 1461 698 1468 ·
726 1441 763 1476 in
789 1441 987 1490 duplicibus
1004 1455 1090 1477 vero
1108 1441 1199 1477 festis
1217 1442 1352 1478 duabus
1372 1441 1468 1477 horis
1491 1442 1535 1476 ad
1559 1442 1675 1477 minus

186 1499 221 1533 in
240 1499 351 1534 choro
370 1499 466 1535 dicte
485 1497 626 1534 ecclesie
645 1498 681 1533 in
701 1499 828 1534 divmis
847 1499 883 1534 in
902 1499 1042 1535 decenti
1060 1499 1183 1535 habitu
1202 1519 1209 1527 ·
1238 1499 1429 1535 Canonicis
1447 1499 1540 1535 enim

188 1613 279 1648 Item
303 1612 485 1649 statuimus
508 1619 545 1648 et
569 1613 774 1649 ordinamus
800 1614 895 1661 quod
920 1627 1044 1649 omnes
1068 1620 1103 1650 et
1126 1612 1252 1662 finguli
1273 1614 1434 1650 canonici
1452 1614 1547 1650 dicte
1566 1615 1673 1649 eccle-

184 1669 227 1705 fie
251 1670 458 1718 prebendati
483 1669 673 1707 residentes
697 1672 791 1719 apud
816 1671 963 1707 eandem
991 1670 1061 1707 fine
1087 1671 1203 1719 aliqua
1225 1672 1412 1707 vocatione
1436 1671 1534 1707 omni
1557 1671 1673 1707 sabato

183 1728 219 1762 in
247 1727 432 1775 capitulari
463 1727 542 1762 loco
569 1728 670 1763 solito
698 1729 858 1776 predicte
889 1727 1030 1764 ecclesie
1061 1734 1221 1777 tempore
1244 1727 1406 1777 preciosis
1432 1742 1497 1777 pro
1524 1730 1674 1777 negotiis

183 1785 278 1820 dicte
307 1783 447 1820 ecclefie
475 1785 671 1820 tractandis
699 1791 927 1834 compareant
946 1805 954 1814 ·
974 1791 1010 1821 et
1031 1799 1106 1821 non
1129 1792 1374 1834 comparentes
1400 1800 1440 1822 ac
1463 1786 1671 1834 legittimam

129 1838 131 1840 ¹
182 1842 446 1878 excusationem
482 1841 550 1878 five
586 1842 770 1878 licenciam
805 1843 907 1891 super
941 1843 1009 1880 hoc
1039 1857 1114 1879 non
1142 1844 1312 1880 habentes
1341 1844 1493 1879 dominis
1524 1844 1671 1880 Decano

180 1905 216 1935 et
252 1900 430 1935 canonicis
462 1899 592 1935 ibidem
624 1901 910 1948 comparentibus
946 1901 1135 1937 duodecim
1171 1902 1335 1937 denarios
1368 1901 1496 1937 usualis
1530 1907 1672 1937 monete

180 1958 280 2006 regni
308 1958 431 1994 Scocie
459 1958 662 2004 persolvant
690 1964 725 1994 et
752 1958 900 2006 quilibet
929 1971 1053 1995 eorum
1079 1959 1254 2007 persolvat
1279 1959 1423 1995 illorum
1448 1957 1564 1994 ufibus
1590 1971 1671 1993 con-

178 2016 370 2052 vertendos
389 2036 397 2044 ·

182 2129 272 2165 ltem
298 2129 481 2166 statuimus
508 2136 543 2166 et
570 2130 776 2165 ordinamus
800 2130 896 2178 quod
920 2131 957 2166 in
981 2129 1223 2167 festivitatibus
1241 2131 1378 2167 Natalis
1397 2130 1546 2166 Domini
1562 2150 1569 2157 -
1590 2130 1670 2177 Epi-

181 2187 308 2234 phanie
327 2207 335 2215 ·
368 2187 632 2223 Purificationis
661 2186 852 2224 beatiflime
882 2188 1030 2236 virginis
1058 2187 1176 2224 Marie
1200 2208 1209 2216 ·
1240 2187 1461 2224 Ascenfionis
1484 2207 1492 2215 ·
1521 2187 1669 2222 Penthe-

180 2243 288 2280 eostes
306 2264 315 2273 ·
344 2245 473 2281 Sancte
492 2245 679 2281 Trinitatis
698 2265 706 2273 ·
735 2244 906 2294 Corporis
926 2245 1028 2282 Cristi
1048 2265 1055 2274 ·
1085 2246 1245 2282 omnium
1271 2246 1419 2282 aliarum
1446 2244 1666 2281 festivitatum
