<?xml version="1.0" encoding="UTF-8"?>
<!DOCTYPE html PUBLIC "-//W3C//DTD XHTML 1.0 Transitional//EN"
    "http://www.w3.org/TR/xhtml1/DTD/xhtml1-transitional.dtd">
<html xmlns="http://www.w3.org/1999/xhtml" xml:lang="en" lang="en">
 <head>
  <title>
</title>
<meta http-equiv="Content-Type" content="text/html;charset=utf-8" />
  <meta name='ocr-system' content='tesseract 3.04.00' />
  <meta name='ocr-capabilities' content='ocr_page ocr_carea ocr_par ocr_line ocrx_word'/>
</head>
<body>
  <div class='ocr_page' id='page_1' title='image "./registrumepisc5800morauoft_0154.png"; bbox 0 0 2066 2780; ppageno 0'>
   <div class='ocr_carea' id='block_1_1' title="bbox 352 152 1447 192">
    <p class='ocr_par' dir='ltr' id='par_1_1' title="bbox 352 152 1447 192">
     <span class='ocr_line' id='line_1_1' title="bbox 352 152 1447 192; baseline -0.005 0"><span class='ocrx_word' id='word_1_1' title='bbox 352 156 400 192; x_wconf 81' lang='lat'><strong>46</strong></span> <span class='ocrx_word' id='word_1_2' title='bbox 741 154 1054 191; x_wconf 88' lang='lat' dir='ltr'><strong>REGISTRUM</strong></span> <span class='ocrx_word' id='word_1_3' title='bbox 1082 152 1447 191; x_wconf 88' lang='lat' dir='ltr'>MORAVIENSE.</span> 
     </span>
    </p>
   </div>
   <div class='ocr_carea' id='block_1_2' title="bbox 355 248 1886 2311">
    <p class='ocr_par' dir='ltr' id='par_1_2' title="bbox 355 248 1886 2311">
     <span class='ocr_line' id='line_1_2' title="bbox 356 248 1846 302; baseline -0.003 -12"><span class='ocrx_word' id='word_1_4' title='bbox 356 253 496 290; x_wconf 79' lang='lat' dir='ltr'><strong>ecclesie</strong></span> <span class='ocrx_word' id='word_1_5' title='bbox 523 259 558 289; x_wconf 90' lang='lat' dir='ltr'><strong>et</strong></span> <span class='ocrx_word' id='word_1_6' title='bbox 584 254 739 302; x_wconf 88' lang='lat' dir='ltr'><strong>capitulo</strong></span> <span class='ocrx_word' id='word_1_7' title='bbox 764 254 876 290; x_wconf 87' lang='lat' dir='ltr'>statim</span> <span class='ocrx_word' id='word_1_8' title='bbox 895 253 970 302; x_wconf 91' lang='lat' dir='ltr'><strong>post</strong></span> <span class='ocrx_word' id='word_1_9' title='bbox 988 253 1082 288; x_wconf 87' lang='lat' dir='ltr'><strong>suam</strong></span> <span class='ocrx_word' id='word_1_10' title='bbox 1101 251 1371 286; x_wconf 87' lang='lat' dir='ltr'><strong>installationem</strong></span> <span class='ocrx_word' id='word_1_11' title='bbox 1399 269 1407 276; x_wconf 92' lang='lat'><strong>·</strong></span> <span class='ocrx_word' id='word_1_12' title='bbox 1436 253 1471 283; x_wconf 90' lang='lat' dir='ltr'><strong>et</strong></span> <span class='ocrx_word' id='word_1_13' title='bbox 1497 248 1594 295; x_wconf 92' lang='lat' dir='ltr'><strong>quod</strong></span> <span class='ocrx_word' id='word_1_14' title='bbox 1618 249 1846 286; x_wconf 82' lang='lat' dir='ltr'>rationabiles</span> 
     </span>
     <span class='ocr_line' id='line_1_3' title="bbox 356 304 1847 360; baseline -0.003 -13"><span class='ocrx_word' id='word_1_15' title='bbox 356 311 627 347; x_wconf 80' lang='lat' dir='ltr'><strong>consuetudines</strong></span> <span class='ocrx_word' id='word_1_16' title='bbox 655 310 795 347; x_wconf 85' lang='lat' dir='ltr'><strong>ecclefie</strong></span> <span class='ocrx_word' id='word_1_17' title='bbox 823 317 931 360; x_wconf 88' lang='lat' dir='ltr'><strong>prout</strong></span> <span class='ocrx_word' id='word_1_18' title='bbox 959 323 1016 346; x_wconf 88' lang='lat' dir='ltr'><strong>eas</strong></span> <span class='ocrx_word' id='word_1_19' title='bbox 1046 308 1169 344; x_wconf 83' lang='lat' dir='ltr'><strong>didicit</strong></span> <span class='ocrx_word' id='word_1_20' title='bbox 1194 306 1391 342; x_wconf 85' lang='lat' dir='ltr'><strong>observabit</strong></span> <span class='ocrx_word' id='word_1_21' title='bbox 1415 325 1423 333; x_wconf 92' lang='lat'><em>-</em></span> <span class='ocrx_word' id='word_1_22' title='bbox 1446 304 1573 352; x_wconf 82' lang='lat' dir='ltr'><strong>singuli</strong></span> <span class='ocrx_word' id='word_1_23' title='bbox 1597 311 1716 341; x_wconf 85' lang='lat' dir='ltr'><strong>autem</strong></span> <span class='ocrx_word' id='word_1_24' title='bbox 1744 320 1847 343; x_wconf 86' lang='lat' dir='ltr'><strong>cano-</strong></span> 
     </span>
     <span class='ocr_line' id='line_1_4' title="bbox 356 362 1847 417; baseline -0.003 -13"><span class='ocrx_word' id='word_1_25' title='bbox 356 369 426 404; x_wconf 88' lang='lat' dir='ltr'><strong>nici</strong></span> <span class='ocrx_word' id='word_1_26' title='bbox 451 369 600 405; x_wconf 88' lang='lat' dir='ltr'><strong>Decauo</strong></span> <span class='ocrx_word' id='word_1_27' title='bbox 627 368 770 417; x_wconf 86' lang='lat' dir='ltr'><strong>simplici</strong></span> <span class='ocrx_word' id='word_1_28' title='bbox 798 368 907 404; x_wconf 90' lang='lat' dir='ltr'><strong>verbo</strong></span> <span class='ocrx_word' id='word_1_29' title='bbox 934 366 1172 402; x_wconf 83' lang='lat' dir='ltr'><strong>obedientiam</strong></span> <span class='ocrx_word' id='word_1_30' title='bbox 1198 363 1402 412; x_wconf 88' lang='lat' dir='ltr'><strong>prestabunt</strong></span> <span class='ocrx_word' id='word_1_31' title='bbox 1430 381 1439 390; x_wconf 92' lang='lat'><strong>·</strong></span> <span class='ocrx_word' id='word_1_32' title='bbox 1468 362 1653 398; x_wconf 86' lang='lat' dir='ltr'><strong>Noveritis</strong></span> <span class='ocrx_word' id='word_1_33' title='bbox 1680 364 1786 400; x_wconf 90' lang='lat' dir='ltr'><strong>etiam</strong></span> <span class='ocrx_word' id='word_1_34' title='bbox 1810 366 1847 400; x_wconf 93' lang='lat' dir='ltr'><strong>in</strong></span> 
     </span>
     <span class='ocr_line' id='line_1_5' title="bbox 357 419 1845 473; baseline -0.003 -12"><span class='ocrx_word' id='word_1_35' title='bbox 357 425 498 462; x_wconf 81' lang='lat' dir='ltr'><strong>ecclesia</strong></span> <span class='ocrx_word' id='word_1_36' title='bbox 526 426 642 461; x_wconf 87' lang='lat' dir='ltr'><strong>nostra</strong></span> <span class='ocrx_word' id='word_1_37' title='bbox 669 431 821 473; x_wconf 88' lang='lat' dir='ltr'><strong>quatuor</strong></span> <span class='ocrx_word' id='word_1_38' title='bbox 849 425 914 460; x_wconf 81' lang='lat' dir='ltr'><strong>ess&#39;e</strong></span> <span class='ocrx_word' id='word_1_39' title='bbox 943 424 1147 471; x_wconf 84' lang='lat' dir='ltr'><strong>personatus</strong></span> <span class='ocrx_word' id='word_1_40' title='bbox 1174 427 1208 456; x_wconf 90' lang='lat' dir='ltr'><strong>et</strong></span> <span class='ocrx_word' id='word_1_41' title='bbox 1235 420 1384 456; x_wconf 89' lang='lat' dir='ltr'><strong>totidem</strong></span> <span class='ocrx_word' id='word_1_42' title='bbox 1412 419 1576 467; x_wconf 85' lang='lat' dir='ltr'><strong>personas</strong></span> <span class='ocrx_word' id='word_1_43' title='bbox 1605 421 1819 458; x_wconf 83' lang='lat' dir='ltr'><strong>excellentes</strong></span> <span class='ocrx_word' id='word_1_44' title='bbox 1838 442 1845 450; x_wconf 91' lang='lat'><strong>·</strong></span> 
     </span>
     <span class='ocr_line' id='line_1_6' title="bbox 359 476 1847 531; baseline -0.002 -13"><span class='ocrx_word' id='word_1_45' title='bbox 359 483 458 519; x_wconf 86' lang='lat' dir='ltr'><strong>Inter</strong></span> <span class='ocrx_word' id='word_1_46' title='bbox 484 497 569 530; x_wconf 84' lang='lat' dir='ltr'><strong>quas</strong></span> <span class='ocrx_word' id='word_1_47' title='bbox 597 484 750 531; x_wconf 89' lang='lat' dir='ltr'><strong>primum</strong></span> <span class='ocrx_word' id='word_1_48' title='bbox 777 483 895 517; x_wconf 87' lang='lat' dir='ltr'><strong>locum</strong></span> <span class='ocrx_word' id='word_1_49' title='bbox 924 485 1023 516; x_wconf 85' lang='lat' dir='ltr'><strong>tenet</strong></span> <span class='ocrx_word' id='word_1_50' title='bbox 1050 479 1218 513; x_wconf 85' lang='lat' dir='ltr'><strong>Decanus</strong></span> <span class='ocrx_word' id='word_1_51' title='bbox 1245 496 1253 505; x_wconf 92' lang='lat'><strong>·</strong></span> <span class='ocrx_word' id='word_1_52' title='bbox 1281 477 1474 512; x_wconf 89' lang='lat' dir='ltr'><strong>secundum</strong></span> <span class='ocrx_word' id='word_1_53' title='bbox 1505 476 1642 513; x_wconf 83' lang='lat' dir='ltr'><strong>Cantor</strong></span> <span class='ocrx_word' id='word_1_54' title='bbox 1665 497 1674 506; x_wconf 89' lang='lat'><strong>·</strong></span> <span class='ocrx_word' id='word_1_55' title='bbox 1702 480 1847 515; x_wconf 90' lang='lat' dir='ltr'><strong>tertium</strong></span> 
     </span>
     <span class='ocr_line' id='line_1_7' title="bbox 358 534 1848 587; baseline -0.003 -11"><span class='ocrx_word' id='word_1_56' title='bbox 358 540 600 576; x_wconf 84' lang='lat' dir='ltr'><strong>Cancellarius</strong></span> <span class='ocrx_word' id='word_1_57' title='bbox 619 559 626 568; x_wconf 92' lang='lat'><strong>·</strong></span> <span class='ocrx_word' id='word_1_58' title='bbox 646 545 810 587; x_wconf 89' lang='lat' dir='ltr'><strong>quartum</strong></span> <span class='ocrx_word' id='word_1_59' title='bbox 829 536 1083 574; x_wconf 85' lang='lat' dir='ltr'><strong>Thesaurarius</strong></span> <span class='ocrx_word' id='word_1_60' title='bbox 1112 555 1119 563; x_wconf 93' lang='lat'><strong>·</strong></span> <span class='ocrx_word' id='word_1_61' title='bbox 1145 535 1205 582; x_wconf 89' lang='lat' dir='ltr'><strong>qui</strong></span> <span class='ocrx_word' id='word_1_62' title='bbox 1225 534 1268 569; x_wconf 92' lang='lat' dir='ltr'><strong>de</strong></span> <span class='ocrx_word' id='word_1_63' title='bbox 1286 534 1503 569; x_wconf 88' lang='lat' dir='ltr'><strong>thesauraria</strong></span> <span class='ocrx_word' id='word_1_64' title='bbox 1520 534 1581 570; x_wconf 86' lang='lat' dir='ltr'><strong>sua</strong></span> <span class='ocrx_word' id='word_1_65' title='bbox 1597 540 1634 571; x_wconf 90' lang='lat' dir='ltr'><strong>et</strong></span> <span class='ocrx_word' id='word_1_66' title='bbox 1651 536 1848 572; x_wconf 85' lang='lat' dir='ltr'><strong>redditibus</strong></span> 
     </span>
     <span class='ocr_line' id='line_1_8' title="bbox 357 590 1849 633; baseline -0.003 0"><span class='ocrx_word' id='word_1_67' title='bbox 357 598 570 633; x_wconf 80' lang='lat' dir='ltr'><strong>thesaurario</strong></span> <span class='ocrx_word' id='word_1_68' title='bbox 589 597 748 632; x_wconf 86' lang='lat' dir='ltr'><strong>invenire</strong></span> <span class='ocrx_word' id='word_1_69' title='bbox 767 596 870 632; x_wconf 92' lang='lat' dir='ltr'><strong>debet</strong></span> <span class='ocrx_word' id='word_1_70' title='bbox 891 593 1080 630; x_wconf 83' lang='lat' dir='ltr'><strong>luminaria</strong></span> <span class='ocrx_word' id='word_1_71' title='bbox 1104 598 1138 627; x_wconf 91' lang='lat' dir='ltr'><strong>et</strong></span> <span class='ocrx_word' id='word_1_72' title='bbox 1157 592 1281 627; x_wconf 86' lang='lat' dir='ltr'><strong>vinum</strong></span> <span class='ocrx_word' id='word_1_73' title='bbox 1311 610 1319 618; x_wconf 93' lang='lat'><strong>·</strong></span> <span class='ocrx_word' id='word_1_74' title='bbox 1348 590 1475 626; x_wconf 87' lang='lat' dir='ltr'><strong>hostias</strong></span> <span class='ocrx_word' id='word_1_75' title='bbox 1494 597 1529 627; x_wconf 91' lang='lat' dir='ltr'><strong>et</strong></span> <span class='ocrx_word' id='word_1_76' title='bbox 1547 593 1719 628; x_wconf 85' lang='lat' dir='ltr'><strong>carbones</strong></span> <span class='ocrx_word' id='word_1_77' title='bbox 1738 613 1746 621; x_wconf 96' lang='lat'><strong>·</strong></span> <span class='ocrx_word' id='word_1_78' title='bbox 1766 594 1849 630; x_wconf 82' lang='lat' dir='ltr'><strong>thus</strong></span> 
     </span>
     <span class='ocr_line' id='line_1_9' title="bbox 358 648 1848 691; baseline -0.003 0"><span class='ocrx_word' id='word_1_79' title='bbox 358 661 393 691; x_wconf 92' lang='lat' dir='ltr'><strong>et</strong></span> <span class='ocrx_word' id='word_1_80' title='bbox 411 654 570 690; x_wconf 77' lang='lat' dir='ltr'><strong>utensilia</strong></span> <span class='ocrx_word' id='word_1_81' title='bbox 587 654 773 690; x_wconf 76' lang='lat' dir='ltr'><strong>necessaria</strong></span> <span class='ocrx_word' id='word_1_82' title='bbox 790 654 827 688; x_wconf 94' lang='lat' dir='ltr'><strong>in</strong></span> <span class='ocrx_word' id='word_1_83' title='bbox 845 650 987 688; x_wconf 81' lang='lat' dir='ltr'><strong>ecclesia</strong></span> <span class='ocrx_word' id='word_1_84' title='bbox 1015 670 1023 678; x_wconf 93' lang='lat'><strong>·</strong></span> <span class='ocrx_word' id='word_1_85' title='bbox 1053 655 1087 685; x_wconf 90' lang='lat' dir='ltr'><strong>et</strong></span> <span class='ocrx_word' id='word_1_86' title='bbox 1106 649 1196 684; x_wconf 83' lang='lat' dir='ltr'><strong>sarta</strong></span> <span class='ocrx_word' id='word_1_87' title='bbox 1214 649 1311 684; x_wconf 70' lang='lat' dir='ltr'><strong>tecta</strong></span> <span class='ocrx_word' id='word_1_88' title='bbox 1327 648 1458 684; x_wconf 88' lang='lat' dir='ltr'><strong>habere</strong></span> <span class='ocrx_word' id='word_1_89' title='bbox 1477 668 1486 678; x_wconf 87' lang='lat'><strong>·</strong></span> <span class='ocrx_word' id='word_1_90' title='bbox 1509 654 1545 684; x_wconf 92' lang='lat' dir='ltr'><strong>et</strong></span> <span class='ocrx_word' id='word_1_91' title='bbox 1563 649 1794 687; x_wconf 86' lang='lat' dir='ltr'><strong>servientibus</strong></span> <span class='ocrx_word' id='word_1_92' title='bbox 1812 652 1848 687; x_wconf 91' lang='lat' dir='ltr'><strong>in</strong></span> 
     </span>
     <span class='ocr_line' id='line_1_10' title="bbox 358 706 1849 754; baseline -0.007 -6"><span class='ocrx_word' id='word_1_93' title='bbox 358 711 499 748; x_wconf 80' lang='lat' dir='ltr'><strong>ecclesia</strong></span> <span class='ocrx_word' id='word_1_94' title='bbox 517 712 715 747; x_wconf 82' lang='lat' dir='ltr'><strong>mercedem</strong></span> <span class='ocrx_word' id='word_1_95' title='bbox 734 710 868 746; x_wconf 82' lang='lat' dir='ltr'><strong>solvere</strong></span> <span class='ocrx_word' id='word_1_96' title='bbox 900 728 908 737; x_wconf 90' lang='lat'><strong>·</strong></span> <span class='ocrx_word' id='word_1_97' title='bbox 936 714 971 744; x_wconf 93' lang='lat' dir='ltr'><strong>et</strong></span> <span class='ocrx_word' id='word_1_98' title='bbox 990 707 1102 743; x_wconf 88' lang='lat' dir='ltr'><strong>multa</strong></span> <span class='ocrx_word' id='word_1_99' title='bbox 1119 706 1188 741; x_wconf 83' lang='lat' dir='ltr'><strong>alia</strong></span> <span class='ocrx_word' id='word_1_100' title='bbox 1205 719 1274 753; x_wconf 91' lang='lat' dir='ltr'><strong>que</strong></span> <span class='ocrx_word' id='word_1_101' title='bbox 1292 706 1353 741; x_wconf 87' lang='lat' dir='ltr'><strong>vix</strong></span> <span class='ocrx_word' id='word_1_102' title='bbox 1371 706 1512 754; x_wconf 81' lang='lat' dir='ltr'><strong>pofl&#39;unt</strong></span> <span class='ocrx_word' id='word_1_103' title='bbox 1530 709 1711 743; x_wconf 86' lang='lat' dir='ltr'><strong>numerari</strong></span> <span class='ocrx_word' id='word_1_104' title='bbox 1741 728 1749 736; x_wconf 92' lang='lat'><strong>·</strong></span> <span class='ocrx_word' id='word_1_105' title='bbox 1780 709 1849 745; x_wconf 86' lang='lat' dir='ltr'><strong>Co-</strong></span> 
     </span>
     <span class='ocr_line' id='line_1_11' title="bbox 357 764 1848 817; baseline -0.002 -12"><span class='ocrx_word' id='word_1_106' title='bbox 357 770 477 805; x_wconf 85' lang='lat' dir='ltr'><strong>hercio</strong></span> <span class='ocrx_word' id='word_1_107' title='bbox 495 775 612 804; x_wconf 86' lang='lat' dir='ltr'><strong>autem</strong></span> <span class='ocrx_word' id='word_1_108' title='bbox 632 769 875 817; x_wconf 71' lang='lat' dir='ltr'><strong>predi6h›rum</strong></span> <span class='ocrx_word' id='word_1_109' title='bbox 896 766 1125 814; x_wconf 87' lang='lat' dir='ltr'><strong>personarum</strong></span> <span class='ocrx_word' id='word_1_110' title='bbox 1151 769 1186 799; x_wconf 86' lang='lat' dir='ltr'><strong>et</strong></span> <span class='ocrx_word' id='word_1_111' title='bbox 1210 764 1467 799; x_wconf 81' lang='lat' dir='ltr'><strong>canonicorum</strong></span> <span class='ocrx_word' id='word_1_112' title='bbox 1489 766 1651 800; x_wconf 91' lang='lat' dir='ltr'><strong>omnium</strong></span> <span class='ocrx_word' id='word_1_113' title='bbox 1669 766 1715 801; x_wconf 87' lang='lat' dir='ltr'><strong>ad</strong></span> <span class='ocrx_word' id='word_1_114' title='bbox 1733 766 1848 802; x_wconf 87' lang='lat' dir='ltr'><strong>Deca-</strong></span> 
     </span>
     <span class='ocr_line' id='line_1_12' title="bbox 357 821 1849 874; baseline -0.002 -12"><span class='ocrx_word' id='word_1_115' title='bbox 357 839 444 862; x_wconf 89' lang='lat' dir='ltr'><strong>num</strong></span> <span class='ocrx_word' id='word_1_116' title='bbox 463 826 616 874; x_wconf 86' lang='lat' dir='ltr'><strong>pertinet</strong></span> <span class='ocrx_word' id='word_1_117' title='bbox 635 831 670 861; x_wconf 91' lang='lat' dir='ltr'><strong>et</strong></span> <span class='ocrx_word' id='word_1_118' title='bbox 688 825 880 873; x_wconf 88' lang='lat' dir='ltr'><strong>capitulum</strong></span> <span class='ocrx_word' id='word_1_119' title='bbox 895 843 902 851; x_wconf 90' lang='lat'>·</span> <span class='ocrx_word' id='word_1_120' title='bbox 917 823 1054 858; x_wconf 90' lang='lat' dir='ltr'><strong>Decani</strong></span> <span class='ocrx_word' id='word_1_121' title='bbox 1069 835 1154 857; x_wconf 75' lang='lat' dir='ltr'><strong>vero</strong></span> <span class='ocrx_word' id='word_1_122' title='bbox 1173 821 1218 856; x_wconf 87' lang='lat' dir='ltr'><strong>ad</strong></span> <span class='ocrx_word' id='word_1_123' title='bbox 1232 821 1428 869; x_wconf 89' lang='lat' dir='ltr'><strong>capitulum</strong></span> <span class='ocrx_word' id='word_1_124' title='bbox 1444 841 1453 850; x_wconf 88' lang='lat'><strong>·</strong></span> <span class='ocrx_word' id='word_1_125' title='bbox 1468 835 1534 858; x_wconf 90' lang='lat' dir='ltr'><strong>nec</strong></span> <span class='ocrx_word' id='word_1_126' title='bbox 1547 823 1642 858; x_wconf 88' lang='lat' dir='ltr'><strong>ullus</strong></span> <span class='ocrx_word' id='word_1_127' title='bbox 1657 824 1849 859; x_wconf 84' lang='lat' dir='ltr'><strong>canonicus</strong></span> 
     </span>
     <span class='ocr_line' id='line_1_13' title="bbox 359 878 1849 931; baseline -0.002 -12"><span class='ocrx_word' id='word_1_128' title='bbox 359 883 530 931; x_wconf 87' lang='lat' dir='ltr'><strong>Episcopo</strong></span> <span class='ocrx_word' id='word_1_129' title='bbox 553 883 654 931; x_wconf 86' lang='lat' dir='ltr'><strong>super</strong></span> <span class='ocrx_word' id='word_1_130' title='bbox 674 883 740 917; x_wconf 87' lang='lat' dir='ltr'><strong>hiis</strong></span> <span class='ocrx_word' id='word_1_131' title='bbox 766 895 834 929; x_wconf 91' lang='lat' dir='ltr'><strong>que</strong></span> <span class='ocrx_word' id='word_1_132' title='bbox 861 882 905 916; x_wconf 90' lang='lat' dir='ltr'><strong>ad</strong></span> <span class='ocrx_word' id='word_1_133' title='bbox 931 879 1147 929; x_wconf 86' lang='lat' dir='ltr'><strong>prebendam</strong></span> <span class='ocrx_word' id='word_1_134' title='bbox 1172 878 1268 914; x_wconf 89' lang='lat' dir='ltr'><strong>suam</strong></span> <span class='ocrx_word' id='word_1_135' title='bbox 1287 879 1469 927; x_wconf 88' lang='lat' dir='ltr'><strong>pertinent</strong></span> <span class='ocrx_word' id='word_1_136' title='bbox 1486 880 1544 915; x_wconf 85' lang='lat' dir='ltr'><strong>vel</strong></span> <span class='ocrx_word' id='word_1_137' title='bbox 1563 880 1607 916; x_wconf 90' lang='lat' dir='ltr'><strong>de</strong></span> <span class='ocrx_word' id='word_1_138' title='bbox 1625 881 1773 928; x_wconf 86' lang='lat' dir='ltr'><strong>persona</strong></span> <span class='ocrx_word' id='word_1_139' title='bbox 1790 881 1849 917; x_wconf 86' lang='lat' dir='ltr'><strong>sua</strong></span> 
     </span>
     <span class='ocr_line' id='line_1_14' title="bbox 358 936 1848 988; baseline -0.001 -13"><span class='ocrx_word' id='word_1_140' title='bbox 358 941 412 976; x_wconf 79' lang='lat' dir='ltr'><strong>vel</strong></span> <span class='ocrx_word' id='word_1_141' title='bbox 433 940 611 988; x_wconf 81' lang='lat' dir='ltr'><strong>prebenda</strong></span> <span class='ocrx_word' id='word_1_142' title='bbox 628 940 709 975; x_wconf 90' lang='lat' dir='ltr'><strong>alibi</strong></span> <span class='ocrx_word' id='word_1_143' title='bbox 730 953 835 987; x_wconf 84' lang='lat' dir='ltr'><strong>quam</strong></span> <span class='ocrx_word' id='word_1_144' title='bbox 863 939 900 973; x_wconf 89' lang='lat' dir='ltr'><strong>in</strong></span> <span class='ocrx_word' id='word_1_145' title='bbox 924 937 1078 986; x_wconf 88' lang='lat' dir='ltr'><strong>capitulo</strong></span> <span class='ocrx_word' id='word_1_146' title='bbox 1105 936 1225 972; x_wconf 90' lang='lat' dir='ltr'><strong>nostro</strong></span> <span class='ocrx_word' id='word_1_147' title='bbox 1252 936 1478 985; x_wconf 87' lang='lat' dir='ltr'><strong>respondebit</strong></span> <span class='ocrx_word' id='word_1_148' title='bbox 1510 957 1517 965; x_wconf 95' lang='lat'><em>·</em></span> <span class='ocrx_word' id='word_1_149' title='bbox 1551 938 1745 986; x_wconf 84' lang='lat' dir='ltr'><strong>Episcopus</strong></span> <span class='ocrx_word' id='word_1_150' title='bbox 1762 952 1848 974; x_wconf 85' lang='lat' dir='ltr'><strong>vero</strong></span> 
     </span>
     <span class='ocr_line' id='line_1_15' title="bbox 358 993 1849 1045; baseline -0.001 -12"><span class='ocrx_word' id='word_1_151' title='bbox 358 1011 422 1033; x_wconf 91' lang='lat' dir='ltr'><strong>nec</strong></span> <span class='ocrx_word' id='word_1_152' title='bbox 445 1011 508 1045; x_wconf 89' lang='lat' dir='ltr'><strong>per</strong></span> <span class='ocrx_word' id='word_1_153' title='bbox 531 997 563 1032; x_wconf 90' lang='lat' dir='ltr'><strong>se</strong></span> <span class='ocrx_word' id='word_1_154' title='bbox 591 1010 657 1033; x_wconf 89' lang='lat' dir='ltr'><strong>nec</strong></span> <span class='ocrx_word' id='word_1_155' title='bbox 683 1009 745 1045; x_wconf 89' lang='lat' dir='ltr'><strong>per</strong></span> <span class='ocrx_word' id='word_1_156' title='bbox 771 997 889 1032; x_wconf 81' lang='lat' dir='ltr'><strong>literas</strong></span> <span class='ocrx_word' id='word_1_157' title='bbox 915 995 1103 1043; x_wconf 89' lang='lat' dir='ltr'><strong>prohibere</strong></span> <span class='ocrx_word' id='word_1_158' title='bbox 1126 993 1241 1042; x_wconf 86' lang='lat' dir='ltr'><strong>potest</strong></span> <span class='ocrx_word' id='word_1_159' title='bbox 1258 994 1344 1042; x_wconf 91' lang='lat' dir='ltr'><strong>quin</strong></span> <span class='ocrx_word' id='word_1_160' title='bbox 1364 994 1519 1030; x_wconf 87' lang='lat' dir='ltr'><strong>decanus</strong></span> <span class='ocrx_word' id='word_1_161' title='bbox 1537 1000 1573 1030; x_wconf 87' lang='lat' dir='ltr'><strong>et</strong></span> <span class='ocrx_word' id='word_1_162' title='bbox 1591 995 1786 1043; x_wconf 81' lang='lat' dir='ltr'><strong>capitulum</strong></span> <span class='ocrx_word' id='word_1_163' title='bbox 1805 996 1849 1032; x_wconf 93' lang='lat' dir='ltr'><strong>de</strong></span> 
     </span>
     <span class='ocr_line' id='line_1_16' title="bbox 356 1051 1849 1101; baseline -0.001 -11"><span class='ocrx_word' id='word_1_164' title='bbox 356 1054 463 1090; x_wconf 80' lang='lat' dir='ltr'><strong>causis</strong></span> <span class='ocrx_word' id='word_1_165' title='bbox 481 1055 732 1090; x_wconf 87' lang='lat' dir='ltr'><strong>canonicorum</strong></span> <span class='ocrx_word' id='word_1_166' title='bbox 751 1059 786 1090; x_wconf 92' lang='lat' dir='ltr'><strong>et</strong></span> <span class='ocrx_word' id='word_1_167' title='bbox 804 1051 1129 1101; x_wconf 73' lang='lat' dir='ltr'><strong>transgressionibus</strong></span> <span class='ocrx_word' id='word_1_168' title='bbox 1147 1064 1273 1087; x_wconf 91' lang='lat' dir='ltr'><strong>eorum</strong></span> <span class='ocrx_word' id='word_1_169' title='bbox 1292 1051 1480 1099; x_wconf 86' lang='lat' dir='ltr'><strong>cognoscat</strong></span> <span class='ocrx_word' id='word_1_170' title='bbox 1499 1071 1507 1079; x_wconf 89' lang='lat'><strong>·</strong></span> <span class='ocrx_word' id='word_1_171' title='bbox 1532 1065 1599 1088; x_wconf 89' lang='lat' dir='ltr'><strong>nec</strong></span> <span class='ocrx_word' id='word_1_172' title='bbox 1618 1052 1678 1088; x_wconf 89' lang='lat' dir='ltr'><strong>sua</strong></span> <span class='ocrx_word' id='word_1_173' title='bbox 1695 1053 1849 1089; x_wconf 74' lang='lat' dir='ltr'><strong>au6tori-</strong></span> 
     </span>
     <span class='ocr_line' id='line_1_17' title="bbox 355 1108 1848 1158; baseline -0.001 -11"><span class='ocrx_word' id='word_1_174' title='bbox 355 1118 427 1148; x_wconf 88' lang='lat' dir='ltr'><strong>tate</strong></span> <span class='ocrx_word' id='word_1_175' title='bbox 456 1113 490 1147; x_wconf 88' lang='lat' dir='ltr'><strong>id</strong></span> <span class='ocrx_word' id='word_1_176' title='bbox 519 1113 633 1147; x_wconf 88' lang='lat' dir='ltr'><strong>facere</strong></span> <span class='ocrx_word' id='word_1_177' title='bbox 659 1124 725 1147; x_wconf 87' lang='lat' dir='ltr'><strong>nec</strong></span> <span class='ocrx_word' id='word_1_178' title='bbox 753 1124 875 1147; x_wconf 87' lang='lat' dir='ltr'><strong>earum</strong></span> <span class='ocrx_word' id='word_1_179' title='bbox 898 1110 1141 1156; x_wconf 84' lang='lat' dir='ltr'><strong>cognitionem</strong></span> <span class='ocrx_word' id='word_1_180' title='bbox 1167 1108 1281 1157; x_wconf 86' lang='lat' dir='ltr'><strong>potest</strong></span> <span class='ocrx_word' id='word_1_181' title='bbox 1306 1109 1486 1157; x_wconf 85' lang='lat' dir='ltr'><strong>protelare</strong></span> <span class='ocrx_word' id='word_1_182' title='bbox 1505 1129 1513 1137; x_wconf 92' lang='lat'><strong>·</strong></span> <span class='ocrx_word' id='word_1_183' title='bbox 1534 1109 1684 1145; x_wconf 89' lang='lat' dir='ltr'><strong>Decano</strong></span> <span class='ocrx_word' id='word_1_184' title='bbox 1706 1111 1848 1158; x_wconf 90' lang='lat' dir='ltr'><strong>quidem</strong></span> 
     </span>
     <span class='ocr_line' id='line_1_18' title="bbox 356 1165 1847 1214; baseline 0 -10"><span class='ocrx_word' id='word_1_185' title='bbox 356 1175 471 1205; x_wconf 88' lang='lat' dir='ltr'><strong>errata</strong></span> <span class='ocrx_word' id='word_1_186' title='bbox 496 1169 749 1204; x_wconf 85' lang='lat' dir='ltr'><strong>canonicorum</strong></span> <span class='ocrx_word' id='word_1_187' title='bbox 775 1167 954 1214; x_wconf 80' lang='lat' dir='ltr'><strong>corrigere</strong></span> <span class='ocrx_word' id='word_1_188' title='bbox 980 1167 1037 1202; x_wconf 92' lang='lat' dir='ltr'><strong>vel</strong></span> <span class='ocrx_word' id='word_1_189' title='bbox 1064 1167 1108 1201; x_wconf 91' lang='lat' dir='ltr'><strong>de</strong></span> <span class='ocrx_word' id='word_1_190' title='bbox 1137 1165 1246 1202; x_wconf 86' lang='lat' dir='ltr'><strong>caufis</strong></span> <span class='ocrx_word' id='word_1_191' title='bbox 1274 1179 1400 1202; x_wconf 87' lang='lat' dir='ltr'><strong>eorum</strong></span> <span class='ocrx_word' id='word_1_192' title='bbox 1426 1167 1640 1214; x_wconf 87' lang='lat' dir='ltr'><strong>cognoscere</strong></span> <span class='ocrx_word' id='word_1_193' title='bbox 1664 1168 1810 1204; x_wconf 89' lang='lat' dir='ltr'><strong>nolente</strong></span> <span class='ocrx_word' id='word_1_194' title='bbox 1840 1188 1847 1195; x_wconf 94' lang='lat'><strong>·</strong></span> 
     </span>
     <span class='ocr_line' id='line_1_19' title="bbox 356 1223 1849 1273; baseline 0 -12"><span class='ocrx_word' id='word_1_195' title='bbox 356 1226 558 1273; x_wconf 82' lang='lat' dir='ltr'><strong>negligente</strong></span> <span class='ocrx_word' id='word_1_196' title='bbox 571 1245 579 1253; x_wconf 91' lang='lat'><strong>·</strong></span> <span class='ocrx_word' id='word_1_197' title='bbox 594 1226 650 1261; x_wconf 86' lang='lat' dir='ltr'><strong>vel</strong></span> <span class='ocrx_word' id='word_1_198' title='bbox 665 1225 771 1261; x_wconf 88' lang='lat' dir='ltr'><strong>etiam</strong></span> <span class='ocrx_word' id='word_1_199' title='bbox 785 1224 925 1259; x_wconf 82' lang='lat' dir='ltr'><strong>absente</strong></span> <span class='ocrx_word' id='word_1_200' title='bbox 938 1243 946 1251; x_wconf 92' lang='lat'><strong>·</strong></span> <span class='ocrx_word' id='word_1_201' title='bbox 960 1224 1156 1271; x_wconf 83' lang='lat' dir='ltr'><strong>capitulum</strong></span> <span class='ocrx_word' id='word_1_202' title='bbox 1170 1223 1230 1258; x_wconf 87' lang='lat' dir='ltr'><strong>sua</strong></span> <span class='ocrx_word' id='word_1_203' title='bbox 1244 1223 1459 1259; x_wconf 62' lang='lat' dir='ltr'><strong>auctoritate</strong></span> <span class='ocrx_word' id='word_1_204' title='bbox 1474 1237 1515 1259; x_wconf 88' lang='lat' dir='ltr'><strong>ea</strong></span> <span class='ocrx_word' id='word_1_205' title='bbox 1528 1224 1641 1273; x_wconf 91' lang='lat' dir='ltr'><strong>potest</strong></span> <span class='ocrx_word' id='word_1_206' title='bbox 1659 1226 1825 1273; x_wconf 88' lang='lat' dir='ltr'><strong>expedire</strong></span> <span class='ocrx_word' id='word_1_207' title='bbox 1841 1245 1849 1255; x_wconf 90' lang='lat'>-</span> 
     </span>
     <span class='ocr_line' id='line_1_20' title="bbox 357 1279 1850 1329; baseline 0.001 -11"><span class='ocrx_word' id='word_1_208' title='bbox 357 1284 417 1318; x_wconf 91' lang='lat' dir='ltr'><strong>Ad</strong></span> <span class='ocrx_word' id='word_1_209' title='bbox 445 1284 509 1318; x_wconf 89' lang='lat' dir='ltr'><strong>hec</strong></span> <span class='ocrx_word' id='word_1_210' title='bbox 537 1282 736 1318; x_wconf 86' lang='lat' dir='ltr'><strong>discretioni</strong></span> <span class='ocrx_word' id='word_1_211' title='bbox 763 1281 875 1318; x_wconf 91' lang='lat' dir='ltr'><strong>vestre</strong></span> <span class='ocrx_word' id='word_1_212' title='bbox 904 1279 1090 1317; x_wconf 86' lang='lat' dir='ltr'><strong>certissime</strong></span> <span class='ocrx_word' id='word_1_213' title='bbox 1115 1286 1150 1317; x_wconf 91' lang='lat' dir='ltr'><strong>et</strong></span> <span class='ocrx_word' id='word_1_214' title='bbox 1173 1281 1329 1316; x_wconf 89' lang='lat' dir='ltr'><strong>fideliter</strong></span> <span class='ocrx_word' id='word_1_215' title='bbox 1352 1281 1578 1317; x_wconf 87' lang='lat' dir='ltr'><strong>notificamus</strong></span> <span class='ocrx_word' id='word_1_216' title='bbox 1606 1283 1703 1329; x_wconf 92' lang='lat' dir='ltr'><strong>quod</strong></span> <span class='ocrx_word' id='word_1_217' title='bbox 1726 1296 1850 1319; x_wconf 81' lang='lat' dir='ltr'><strong>omnes</strong></span> 
     </span>
     <span class='ocr_line' id='line_1_21' title="bbox 356 1338 1850 1388; baseline 0.001 -13"><span class='ocrx_word' id='word_1_218' title='bbox 356 1339 495 1376; x_wconf 83' lang='lat' dir='ltr'><strong>ecclesie</strong></span> <span class='ocrx_word' id='word_1_219' title='bbox 514 1339 728 1388; x_wconf 85' lang='lat' dir='ltr'><strong>prebendate</strong></span> <span class='ocrx_word' id='word_1_220' title='bbox 747 1351 888 1375; x_wconf 88' lang='lat' dir='ltr'><strong>necnon</strong></span> <span class='ocrx_word' id='word_1_221' title='bbox 912 1344 948 1374; x_wconf 91' lang='lat' dir='ltr'><strong>et</strong></span> <span class='ocrx_word' id='word_1_222' title='bbox 971 1338 1031 1374; x_wconf 91' lang='lat' dir='ltr'><strong>ille</strong></span> <span class='ocrx_word' id='word_1_223' title='bbox 1055 1352 1124 1386; x_wconf 94' lang='lat' dir='ltr'><strong>que</strong></span> <span class='ocrx_word' id='word_1_224' title='bbox 1148 1339 1186 1373; x_wconf 88' lang='lat' dir='ltr'><strong>in</strong></span> <span class='ocrx_word' id='word_1_225' title='bbox 1209 1338 1392 1374; x_wconf 87' lang='lat' dir='ltr'><strong>territorio</strong></span> <span class='ocrx_word' id='word_1_226' title='bbox 1410 1339 1673 1387; x_wconf 84' lang='lat' dir='ltr'><strong>prebendarum</strong></span> <span class='ocrx_word' id='word_1_227' title='bbox 1692 1338 1752 1376; x_wconf 92' lang='lat' dir='ltr'><strong>fite</strong></span> <span class='ocrx_word' id='word_1_228' title='bbox 1771 1341 1850 1376; x_wconf 90' lang='lat' dir='ltr'><strong>sunt</strong></span> 
     </span>
     <span class='ocr_line' id='line_1_22' title="bbox 357 1396 1850 1446; baseline 0.001 -14"><span class='ocrx_word' id='word_1_229' title='bbox 357 1399 393 1433; x_wconf 89' lang='lat' dir='ltr'><strong>in</strong></span> <span class='ocrx_word' id='word_1_230' title='bbox 412 1398 537 1444; x_wconf 86' lang='lat' dir='ltr'><strong>quibus</strong></span> <span class='ocrx_word' id='word_1_231' title='bbox 554 1397 678 1444; x_wconf 86' lang='lat' dir='ltr'><strong>aliquis</strong></span> <span class='ocrx_word' id='word_1_232' title='bbox 693 1396 885 1432; x_wconf 83' lang='lat' dir='ltr'><strong>canonicus</strong></span> <span class='ocrx_word' id='word_1_233' title='bbox 897 1396 958 1445; x_wconf 89' lang='lat' dir='ltr'><strong>jus</strong></span> <span class='ocrx_word' id='word_1_234' title='bbox 971 1396 1078 1431; x_wconf 88' lang='lat' dir='ltr'><strong>habet</strong></span> <span class='ocrx_word' id='word_1_235' title='bbox 1092 1396 1335 1432; x_wconf 85' lang='lat' dir='ltr'><strong>advocationis</strong></span> <span class='ocrx_word' id='word_1_236' title='bbox 1353 1396 1396 1431; x_wconf 90' lang='lat' dir='ltr'><strong>ab</strong></span> <span class='ocrx_word' id='word_1_237' title='bbox 1415 1397 1580 1432; x_wconf 89' lang='lat' dir='ltr'><strong>omnibus</strong></span> <span class='ocrx_word' id='word_1_238' title='bbox 1599 1397 1850 1446; x_wconf 83' lang='lat' dir='ltr'><strong>episcopalibus</strong></span> 
     </span>
     <span class='ocr_line' id='line_1_23' title="bbox 358 1454 1851 1503; baseline -0.001 -12"><span class='ocrx_word' id='word_1_239' title='bbox 358 1457 435 1491; x_wconf 87' lang='lat' dir='ltr'><strong>sunt</strong></span> <span class='ocrx_word' id='word_1_240' title='bbox 449 1461 610 1503; x_wconf 74' lang='lat' dir='ltr'><strong>exempto</strong></span> <span class='ocrx_word' id='word_1_241' title='bbox 624 1461 696 1490; x_wconf 81' lang='lat' dir='ltr'><strong>tam</strong></span> <span class='ocrx_word' id='word_1_242' title='bbox 714 1454 939 1503; x_wconf 78' lang='lat' dir='ltr'><strong>synodalibus</strong></span> <span class='ocrx_word' id='word_1_243' title='bbox 952 1468 1057 1502; x_wconf 85' lang='lat' dir='ltr'><strong>quam</strong></span> <span class='ocrx_word' id='word_1_244' title='bbox 1077 1454 1242 1490; x_wconf 87' lang='lat' dir='ltr'><strong>omnibus</strong></span> <span class='ocrx_word' id='word_1_245' title='bbox 1259 1454 1336 1489; x_wconf 88' lang='lat' dir='ltr'><strong>aliis</strong></span> <span class='ocrx_word' id='word_1_246' title='bbox 1355 1454 1608 1503; x_wconf 86' lang='lat' dir='ltr'><strong>episcopalibus</strong></span> <span class='ocrx_word' id='word_1_247' title='bbox 1623 1474 1630 1482; x_wconf 93' lang='lat'>·</span> <span class='ocrx_word' id='word_1_248' title='bbox 1646 1455 1735 1490; x_wconf 88' lang='lat' dir='ltr'><strong>adeo</strong></span> <span class='ocrx_word' id='word_1_249' title='bbox 1754 1456 1851 1503; x_wconf 86' lang='lat' dir='ltr'><strong>quod</strong></span> 
     </span>
     <span class='ocr_line' id='line_1_24' title="bbox 361 1511 1852 1560; baseline 0.001 -13"><span class='ocrx_word' id='word_1_250' title='bbox 361 1511 517 1560; x_wconf 86' lang='lat' dir='ltr'><strong>[nullus]</strong></span> <span class='ocrx_word' id='word_1_251' title='bbox 537 1512 805 1547; x_wconf 86' lang='lat' dir='ltr'><strong>archidiaconus</strong></span> <span class='ocrx_word' id='word_1_252' title='bbox 820 1512 1046 1560; x_wconf 78' lang='lat' dir='ltr'><strong>provincialis</strong></span> <span class='ocrx_word' id='word_1_253' title='bbox 1060 1532 1069 1540; x_wconf 94' lang='lat'><em>·</em></span> <span class='ocrx_word' id='word_1_254' title='bbox 1084 1512 1204 1547; x_wconf 88' lang='lat' dir='ltr'><strong>nullus</strong></span> <span class='ocrx_word' id='word_1_255' title='bbox 1219 1511 1374 1547; x_wconf 87' lang='lat' dir='ltr'><strong>decanus</strong></span> <span class='ocrx_word' id='word_1_256' title='bbox 1389 1512 1517 1548; x_wconf 87' lang='lat' dir='ltr'><strong>ruralis</strong></span> <span class='ocrx_word' id='word_1_257' title='bbox 1531 1531 1540 1540; x_wconf 91' lang='lat'><strong>·</strong></span> <span class='ocrx_word' id='word_1_258' title='bbox 1555 1512 1675 1547; x_wconf 88' lang='lat' dir='ltr'><strong>nullus</strong></span> <span class='ocrx_word' id='word_1_259' title='bbox 1694 1512 1852 1548; x_wconf 86' lang='lat' dir='ltr'><strong>officialis</strong></span> 
     </span>
     <span class='ocr_line' id='line_1_25' title="bbox 360 1568 1851 1618; baseline 0 -12"><span class='ocrx_word' id='word_1_260' title='bbox 360 1569 507 1617; x_wconf 87' lang='lat' dir='ltr'><strong>episcopi</strong></span> <span class='ocrx_word' id='word_1_261' title='bbox 528 1570 583 1604; x_wconf 81' lang='lat' dir='ltr'><strong>vel</strong></span> <span class='ocrx_word' id='word_1_262' title='bbox 608 1569 845 1605; x_wconf 85' lang='lat' dir='ltr'><strong>archidiaconi</strong></span> <span class='ocrx_word' id='word_1_263' title='bbox 867 1569 1018 1617; x_wconf 84' lang='lat' dir='ltr'><strong>aliquam</strong></span> <span class='ocrx_word' id='word_1_264' title='bbox 1043 1570 1170 1605; x_wconf 89' lang='lat' dir='ltr'><strong>eisdem</strong></span> <span class='ocrx_word' id='word_1_265' title='bbox 1194 1568 1344 1605; x_wconf 85' lang='lat' dir='ltr'><strong>ecclefiis</strong></span> <span class='ocrx_word' id='word_1_266' title='bbox 1368 1570 1426 1605; x_wconf 85' lang='lat' dir='ltr'><strong>vel</strong></span> <span class='ocrx_word' id='word_1_267' title='bbox 1449 1583 1571 1605; x_wconf 82' lang='lat' dir='ltr'><strong>earum</strong></span> <span class='ocrx_word' id='word_1_268' title='bbox 1595 1571 1771 1618; x_wconf 88' lang='lat' dir='ltr'><strong>parochiis</strong></span> <span class='ocrx_word' id='word_1_269' title='bbox 1794 1571 1851 1606; x_wconf 92' lang='lat' dir='ltr'><strong>vel</strong></span> 
     </span>
     <span class='ocr_line' id='line_1_26' title="bbox 360 1626 1851 1676; baseline 0.001 -14"><span class='ocrx_word' id='word_1_270' title='bbox 360 1632 484 1662; x_wconf 87' lang='lat' dir='ltr'><strong>contra</strong></span> <span class='ocrx_word' id='word_1_271' title='bbox 499 1640 619 1661; x_wconf 81' lang='lat' dir='ltr'><strong>earum</strong></span> <span class='ocrx_word' id='word_1_272' title='bbox 633 1627 866 1675; x_wconf 83' lang='lat' dir='ltr'><strong>parochianos</strong></span> <span class='ocrx_word' id='word_1_273' title='bbox 873 1627 1159 1675; x_wconf 68' lang='lat' dir='ltr'><strong>jurisdi6‘donem</strong></span> <span class='ocrx_word' id='word_1_274' title='bbox 1173 1626 1232 1662; x_wconf 88' lang='lat' dir='ltr'><strong>fibi</strong></span> <span class='ocrx_word' id='word_1_275' title='bbox 1246 1626 1363 1663; x_wconf 87' lang='lat' dir='ltr'><strong>valeat</strong></span> <span class='ocrx_word' id='word_1_276' title='bbox 1374 1627 1564 1664; x_wconf 86' lang='lat' dir='ltr'><strong>vendicare</strong></span> <span class='ocrx_word' id='word_1_277' title='bbox 1580 1647 1588 1655; x_wconf 95' lang='lat'><strong>·</strong></span> <span class='ocrx_word' id='word_1_278' title='bbox 1604 1628 1661 1663; x_wconf 83' lang='lat' dir='ltr'><strong>sed</strong></span> <span class='ocrx_word' id='word_1_279' title='bbox 1673 1628 1717 1663; x_wconf 89' lang='lat' dir='ltr'><strong>ad</strong></span> <span class='ocrx_word' id='word_1_280' title='bbox 1732 1641 1851 1676; x_wconf 89' lang='lat' dir='ltr'><strong>quem-</strong></span> 
     </span>
     <span class='ocr_line' id='line_1_27' title="bbox 362 1684 1851 1733; baseline 0.001 -14"><span class='ocrx_word' id='word_1_281' title='bbox 362 1684 445 1720; x_wconf 87' lang='lat' dir='ltr'><strong>libet</strong></span> <span class='ocrx_word' id='word_1_282' title='bbox 464 1684 673 1719; x_wconf 88' lang='lat' dir='ltr'><strong>canonicum</strong></span> <span class='ocrx_word' id='word_1_283' title='bbox 692 1684 729 1719; x_wconf 91' lang='lat' dir='ltr'><strong>in</strong></span> <span class='ocrx_word' id='word_1_284' title='bbox 748 1684 806 1718; x_wconf 87' lang='lat' dir='ltr'><strong>sua</strong></span> <span class='ocrx_word' id='word_1_285' title='bbox 818 1684 999 1732; x_wconf 87' lang='lat' dir='ltr'><strong>prebenda</strong></span> <span class='ocrx_word' id='word_1_286' title='bbox 1012 1685 1272 1733; x_wconf 86' lang='lat' dir='ltr'><strong>emergentium</strong></span> <span class='ocrx_word' id='word_1_287' title='bbox 1287 1684 1470 1720; x_wconf 86' lang='lat' dir='ltr'><strong>causarum</strong></span> <span class='ocrx_word' id='word_1_288' title='bbox 1485 1685 1646 1720; x_wconf 92' lang='lat' dir='ltr'><strong>omnium</strong></span> <span class='ocrx_word' id='word_1_289' title='bbox 1660 1690 1733 1720; x_wconf 84' lang='lat' dir='ltr'><strong>tam</strong></span> <span class='ocrx_word' id='word_1_290' title='bbox 1746 1698 1851 1733; x_wconf 87' lang='lat' dir='ltr'><strong>pecu-</strong></span> 
     </span>
     <span class='ocr_line' id='line_1_28' title="bbox 363 1741 1851 1791; baseline 0.002 -16"><span class='ocrx_word' id='word_1_291' title='bbox 363 1742 500 1776; x_wconf 89' lang='lat' dir='ltr'><strong>niarum</strong></span> <span class='ocrx_word' id='word_1_292' title='bbox 520 1754 624 1789; x_wconf 85' lang='lat' dir='ltr'><strong>quam</strong></span> <span class='ocrx_word' id='word_1_293' title='bbox 642 1741 874 1790; x_wconf 86' lang='lat' dir='ltr'><strong>spiritualium</strong></span> <span class='ocrx_word' id='word_1_294' title='bbox 892 1743 1048 1790; x_wconf 82' lang='lat' dir='ltr'><strong>cognitio</strong></span> <span class='ocrx_word' id='word_1_295' title='bbox 1066 1743 1223 1791; x_wconf 90' lang='lat' dir='ltr'><strong>pertinet</strong></span> <span class='ocrx_word' id='word_1_296' title='bbox 1246 1748 1282 1778; x_wconf 92' lang='lat' dir='ltr'><strong>et</strong></span> <span class='ocrx_word' id='word_1_297' title='bbox 1306 1741 1432 1778; x_wconf 82' lang='lat' dir='ltr'><strong>decifio</strong></span> <span class='ocrx_word' id='word_1_298' title='bbox 1457 1762 1466 1771; x_wconf 90' lang='lat'><strong>·</strong></span> <span class='ocrx_word' id='word_1_299' title='bbox 1495 1741 1558 1778; x_wconf 83' lang='lat' dir='ltr'><strong>nifi</strong></span> <span class='ocrx_word' id='word_1_300' title='bbox 1576 1743 1619 1778; x_wconf 87' lang='lat' dir='ltr'><strong>ab</strong></span> <span class='ocrx_word' id='word_1_301' title='bbox 1638 1755 1680 1778; x_wconf 90' lang='lat' dir='ltr'><strong>eo</strong></span> <span class='ocrx_word' id='word_1_302' title='bbox 1699 1743 1851 1791; x_wconf 90' lang='lat' dir='ltr'><strong>appelle-</strong></span> 
     </span>
     <span class='ocr_line' id='line_1_29' title="bbox 363 1798 1849 1849; baseline 0.002 -16"><span class='ocrx_word' id='word_1_303' title='bbox 363 1804 422 1834; x_wconf 87' lang='lat' dir='ltr'><strong>tur</strong></span> <span class='ocrx_word' id='word_1_304' title='bbox 439 1798 483 1833; x_wconf 85' lang='lat' dir='ltr'><strong>ad</strong></span> <span class='ocrx_word' id='word_1_305' title='bbox 502 1798 671 1846; x_wconf 87' lang='lat' dir='ltr'><strong>majorem</strong></span> <span class='ocrx_word' id='word_1_306' title='bbox 691 1799 864 1834; x_wconf 85' lang='lat' dir='ltr'><strong>decanum</strong></span> <span class='ocrx_word' id='word_1_307' title='bbox 883 1819 892 1827; x_wconf 88' lang='lat'><strong>·</strong></span> <span class='ocrx_word' id='word_1_308' title='bbox 909 1800 967 1836; x_wconf 77' lang='lat' dir='ltr'><strong>vel</strong></span> <span class='ocrx_word' id='word_1_309' title='bbox 981 1800 1176 1848; x_wconf 88' lang='lat' dir='ltr'><strong>capitulum</strong></span> <span class='ocrx_word' id='word_1_310' title='bbox 1193 1820 1201 1828; x_wconf 92' lang='lat'><strong>·</strong></span> <span class='ocrx_word' id='word_1_311' title='bbox 1218 1800 1277 1836; x_wconf 88' lang='lat' dir='ltr'><strong>vel</strong></span> <span class='ocrx_word' id='word_1_312' title='bbox 1295 1800 1494 1849; x_wconf 89' lang='lat' dir='ltr'><strong>episcopum</strong></span> <span class='ocrx_word' id='word_1_313' title='bbox 1511 1820 1520 1828; x_wconf 90' lang='lat'><strong>·</strong></span> <span class='ocrx_word' id='word_1_314' title='bbox 1534 1800 1593 1836; x_wconf 89' lang='lat' dir='ltr'><strong>vel</strong></span> <span class='ocrx_word' id='word_1_315' title='bbox 1610 1800 1826 1849; x_wconf 90' lang='lat' dir='ltr'><strong>superiorem</strong></span> <span class='ocrx_word' id='word_1_316' title='bbox 1842 1821 1849 1828; x_wconf 91' lang='lat'><strong>·</strong></span> 
     </span>
     <span class='ocr_line' id='line_1_30' title="bbox 363 1855 1849 1907; baseline 0 -15"><span class='ocrx_word' id='word_1_317' title='bbox 363 1857 431 1892; x_wconf 88' lang='lat' dir='ltr'><strong>hoc</strong></span> <span class='ocrx_word' id='word_1_318' title='bbox 448 1861 567 1891; x_wconf 85' lang='lat' dir='ltr'><strong>autem</strong></span> <span class='ocrx_word' id='word_1_319' title='bbox 582 1855 781 1892; x_wconf 64' lang='lat' dir='ltr'><strong>indistinete</strong></span> <span class='ocrx_word' id='word_1_320' title='bbox 796 1856 943 1892; x_wconf 88' lang='lat' dir='ltr'><strong>dicimus</strong></span> <span class='ocrx_word' id='word_1_321' title='bbox 957 1856 1025 1893; x_wconf 88' lang='lat' dir='ltr'><strong>five</strong></span> <span class='ocrx_word' id='word_1_322' title='bbox 1042 1858 1193 1906; x_wconf 68' lang='lat' dir='ltr'><strong>prediffi</strong></span> <span class='ocrx_word' id='word_1_323' title='bbox 1213 1858 1419 1907; x_wconf 87' lang='lat' dir='ltr'><strong>parochiani</strong></span> <span class='ocrx_word' id='word_1_324' title='bbox 1437 1857 1502 1893; x_wconf 89' lang='lat' dir='ltr'><strong>fint</strong></span> <span class='ocrx_word' id='word_1_325' title='bbox 1520 1858 1639 1894; x_wconf 91' lang='lat' dir='ltr'><strong>clerici</strong></span> <span class='ocrx_word' id='word_1_326' title='bbox 1657 1857 1725 1894; x_wconf 93' lang='lat' dir='ltr'><strong>five</strong></span> <span class='ocrx_word' id='word_1_327' title='bbox 1738 1858 1829 1906; x_wconf 87' lang='lat' dir='ltr'><strong>layci</strong></span> <span class='ocrx_word' id='word_1_328' title='bbox 1842 1878 1849 1885; x_wconf 94' lang='lat'>-</span> 
     </span>
     <span class='ocr_line' id='line_1_31' title="bbox 364 1912 1852 1964; baseline 0.001 -16"><span class='ocrx_word' id='word_1_329' title='bbox 364 1912 431 1950; x_wconf 88' lang='lat' dir='ltr'><strong>five</strong></span> <span class='ocrx_word' id='word_1_330' title='bbox 457 1912 522 1948; x_wconf 88' lang='lat' dir='ltr'><strong>fint</strong></span> <span class='ocrx_word' id='word_1_331' title='bbox 546 1913 708 1948; x_wconf 88' lang='lat' dir='ltr'><strong>homines</strong></span> <span class='ocrx_word' id='word_1_332' title='bbox 733 1918 769 1948; x_wconf 90' lang='lat' dir='ltr'><strong>et</strong></span> <span class='ocrx_word' id='word_1_333' title='bbox 794 1919 956 1950; x_wconf 86' lang='lat' dir='ltr'><strong>tenentes</strong></span> <span class='ocrx_word' id='word_1_334' title='bbox 982 1914 1083 1964; x_wconf 90' lang='lat' dir='ltr'><strong>ipfius</strong></span> <span class='ocrx_word' id='word_1_335' title='bbox 1110 1916 1272 1952; x_wconf 87' lang='lat' dir='ltr'><strong>canonici</strong></span> <span class='ocrx_word' id='word_1_336' title='bbox 1297 1914 1366 1952; x_wconf 91' lang='lat' dir='ltr'><strong>five</strong></span> <span class='ocrx_word' id='word_1_337' title='bbox 1385 1916 1520 1952; x_wconf 90' lang='lat' dir='ltr'><strong>domini</strong></span> <span class='ocrx_word' id='word_1_338' title='bbox 1540 1915 1651 1964; x_wconf 85' lang='lat' dir='ltr'><strong>Regis</strong></span> <span class='ocrx_word' id='word_1_339' title='bbox 1668 1914 1737 1952; x_wconf 87' lang='lat' dir='ltr'><strong>five</strong></span> <span class='ocrx_word' id='word_1_340' title='bbox 1756 1915 1852 1964; x_wconf 90' lang='lat' dir='ltr'><strong>Epis-</strong></span> 
     </span>
     <span class='ocr_line' id='line_1_32' title="bbox 364 1969 1851 2022; baseline 0.001 -15"><span class='ocrx_word' id='word_1_341' title='bbox 364 1971 444 2019; x_wconf 88' lang='lat' dir='ltr'><strong>copi</strong></span> <span class='ocrx_word' id='word_1_342' title='bbox 477 1969 545 2006; x_wconf 88' lang='lat' dir='ltr'><strong>five</strong></span> <span class='ocrx_word' id='word_1_343' title='bbox 575 1970 724 2019; x_wconf 86' lang='lat' dir='ltr'><strong>alicujus</strong></span> <span class='ocrx_word' id='word_1_344' title='bbox 752 1970 893 2007; x_wconf 87' lang='lat' dir='ltr'><strong>baronis</strong></span> <span class='ocrx_word' id='word_1_345' title='bbox 927 1973 1047 2008; x_wconf 87' lang='lat' dir='ltr'><strong>militis</strong></span> <span class='ocrx_word' id='word_1_346' title='bbox 1076 1973 1134 2009; x_wconf 90' lang='lat' dir='ltr'><strong>vel</strong></span> <span class='ocrx_word' id='word_1_347' title='bbox 1163 1972 1363 2009; x_wconf 85' lang='lat' dir='ltr'><strong>frankelani</strong></span> <span class='ocrx_word' id='word_1_348' title='bbox 1397 1972 1466 2009; x_wconf 88' lang='lat' dir='ltr'><strong>five</strong></span> <span class='ocrx_word' id='word_1_349' title='bbox 1497 1973 1736 2022; x_wconf 90' lang='lat' dir='ltr'><strong>cujuscunque</strong></span> <span class='ocrx_word' id='word_1_350' title='bbox 1766 1973 1851 2009; x_wconf 89' lang='lat' dir='ltr'><strong>alte-</strong></span> 
     </span>
     <span class='ocr_line' id='line_1_33' title="bbox 366 2027 1886 2079; baseline 0.001 -15"><span class='ocrx_word' id='word_1_351' title='bbox 366 2029 437 2064; x_wconf 85' lang='lat' dir='ltr'><strong>rius</strong></span> <span class='ocrx_word' id='word_1_352' title='bbox 464 2047 473 2056; x_wconf 88' lang='lat'><strong>·</strong></span> <span class='ocrx_word' id='word_1_353' title='bbox 500 2027 685 2076; x_wconf 84' lang='lat' dir='ltr'><strong>Capellani</strong></span> <span class='ocrx_word' id='word_1_354' title='bbox 705 2033 824 2064; x_wconf 84' lang='lat' dir='ltr'><strong>autem</strong></span> <span class='ocrx_word' id='word_1_355' title='bbox 850 2029 887 2064; x_wconf 89' lang='lat' dir='ltr'><strong>in</strong></span> <span class='ocrx_word' id='word_1_356' title='bbox 914 2029 1062 2066; x_wconf 87' lang='lat' dir='ltr'><strong>ecclefiis</strong></span> <span class='ocrx_word' id='word_1_357' title='bbox 1088 2031 1314 2079; x_wconf 85' lang='lat' dir='ltr'><strong>prebendatis</strong></span> <span class='ocrx_word' id='word_1_358' title='bbox 1335 2030 1572 2067; x_wconf 86' lang='lat' dir='ltr'><strong>ministrantes</strong></span> <span class='ocrx_word' id='word_1_359' title='bbox 1597 2030 1655 2067; x_wconf 89' lang='lat' dir='ltr'><strong>vel</strong></span> <span class='ocrx_word' id='word_1_360' title='bbox 1681 2031 1788 2067; x_wconf 86' lang='lat' dir='ltr'><strong>etiam</strong></span> <span class='ocrx_word' id='word_1_361' title='bbox 1814 2031 1852 2065; x_wconf 92' lang='lat' dir='ltr'><strong>in</strong></span> <span class='ocrx_word' id='word_1_362' title='bbox 1881 2061 1886 2066; x_wconf 91' lang='lat'><em>.</em></span> 
     </span>
     <span class='ocr_line' id='line_1_34' title="bbox 365 2083 1852 2137; baseline 0.001 -17"><span class='ocrx_word' id='word_1_363' title='bbox 365 2083 513 2121; x_wconf 88' lang='lat' dir='ltr'><strong>ecclefiis</strong></span> <span class='ocrx_word' id='word_1_364' title='bbox 531 2086 567 2120; x_wconf 89' lang='lat' dir='ltr'><strong>in</strong></span> <span class='ocrx_word' id='word_1_365' title='bbox 585 2085 765 2121; x_wconf 89' lang='lat' dir='ltr'><strong>territorio</strong></span> <span class='ocrx_word' id='word_1_366' title='bbox 790 2087 1050 2134; x_wconf 86' lang='lat' dir='ltr'><strong>prebendarum</strong></span> <span class='ocrx_word' id='word_1_367' title='bbox 1076 2088 1273 2124; x_wconf 86' lang='lat' dir='ltr'><strong>constitutis</strong></span> <span class='ocrx_word' id='word_1_368' title='bbox 1297 2102 1449 2137; x_wconf 88' lang='lat' dir='ltr'><strong>quarum</strong></span> <span class='ocrx_word' id='word_1_369' title='bbox 1469 2088 1530 2137; x_wconf 86' lang='lat' dir='ltr'><strong>jus</strong></span> <span class='ocrx_word' id='word_1_370' title='bbox 1556 2093 1765 2137; x_wconf 85' lang='lat' dir='ltr'><strong>patronatus</strong></span> <span class='ocrx_word' id='word_1_371' title='bbox 1791 2087 1852 2123; x_wconf 87' lang='lat' dir='ltr'><strong>ali-</strong></span> 
     </span>
     <span class='ocr_line' id='line_1_35' title="bbox 365 2142 1852 2194; baseline 0.002 -17"><span class='ocrx_word' id='word_1_372' title='bbox 365 2143 443 2191; x_wconf 86' lang='lat' dir='ltr'><strong>quis</strong></span> <span class='ocrx_word' id='word_1_373' title='bbox 459 2143 651 2178; x_wconf 85' lang='lat' dir='ltr'><strong>canonicus</strong></span> <span class='ocrx_word' id='word_1_374' title='bbox 673 2142 778 2178; x_wconf 88' lang='lat' dir='ltr'><strong>habet</strong></span> <span class='ocrx_word' id='word_1_375' title='bbox 806 2163 814 2171; x_wconf 94' lang='lat'><strong>·</strong></span> <span class='ocrx_word' id='word_1_376' title='bbox 843 2157 985 2180; x_wconf 90' lang='lat' dir='ltr'><strong>necnon</strong></span> <span class='ocrx_word' id='word_1_377' title='bbox 1003 2150 1038 2180; x_wconf 89' lang='lat' dir='ltr'><strong>et</strong></span> <span class='ocrx_word' id='word_1_378' title='bbox 1054 2146 1201 2193; x_wconf 87' lang='lat' dir='ltr'><strong>persone</strong></span> <span class='ocrx_word' id='word_1_379' title='bbox 1225 2151 1261 2182; x_wconf 91' lang='lat' dir='ltr'><strong>et</strong></span> <span class='ocrx_word' id='word_1_380' title='bbox 1281 2147 1404 2183; x_wconf 83' lang='lat' dir='ltr'><strong>vicarii</strong></span> <span class='ocrx_word' id='word_1_381' title='bbox 1426 2159 1549 2182; x_wconf 87' lang='lat' dir='ltr'><strong>earum</strong></span> <span class='ocrx_word' id='word_1_382' title='bbox 1569 2165 1577 2174; x_wconf 91' lang='lat'><strong>·</strong></span> <span class='ocrx_word' id='word_1_383' title='bbox 1597 2146 1852 2194; x_wconf 85' lang='lat' dir='ltr'><strong>provocatione</strong></span> 
     </span>
     <span class='ocr_line' id='line_1_36' title="bbox 366 2199 1853 2251; baseline 0.003 -17"><span class='ocrx_word' id='word_1_384' title='bbox 366 2199 516 2249; x_wconf 91' lang='lat' dir='ltr'><strong>episcopi</strong></span> <span class='ocrx_word' id='word_1_385' title='bbox 534 2200 591 2235; x_wconf 91' lang='lat' dir='ltr'><strong>vel</strong></span> <span class='ocrx_word' id='word_1_386' title='bbox 614 2200 854 2237; x_wconf 86' lang='lat' dir='ltr'><strong>archidiaconi</strong></span> <span class='ocrx_word' id='word_1_387' title='bbox 881 2202 1105 2250; x_wconf 84' lang='lat' dir='ltr'><strong>provincialis</strong></span> <span class='ocrx_word' id='word_1_388' title='bbox 1131 2204 1186 2239; x_wconf 92' lang='lat' dir='ltr'><strong>vel</strong></span> <span class='ocrx_word' id='word_1_389' title='bbox 1214 2204 1339 2240; x_wconf 90' lang='lat' dir='ltr'><strong>decani</strong></span> <span class='ocrx_word' id='word_1_390' title='bbox 1365 2204 1492 2240; x_wconf 83' lang='lat' dir='ltr'><strong>ruralis</strong></span> <span class='ocrx_word' id='word_1_391' title='bbox 1521 2203 1578 2239; x_wconf 92' lang='lat' dir='ltr'><strong>vel</strong></span> <span class='ocrx_word' id='word_1_392' title='bbox 1605 2202 1753 2251; x_wconf 88' lang='lat' dir='ltr'><strong>alicujus</strong></span> <span class='ocrx_word' id='word_1_393' title='bbox 1780 2202 1853 2238; x_wconf 92' lang='lat' dir='ltr'><strong>offi-</strong></span> 
     </span>
     <span class='ocr_line' id='line_1_37' title="bbox 366 2258 1855 2311; baseline 0.001 -18"><span class='ocrx_word' id='word_1_394' title='bbox 366 2258 507 2294; x_wconf 89' lang='lat' dir='ltr'><strong>cialium</strong></span> <span class='ocrx_word' id='word_1_395' title='bbox 535 2258 732 2294; x_wconf 90' lang='lat' dir='ltr'><strong>eorundem</strong></span> <span class='ocrx_word' id='word_1_396' title='bbox 760 2258 804 2294; x_wconf 85' lang='lat' dir='ltr'><strong>ad</strong></span> <span class='ocrx_word' id='word_1_397' title='bbox 830 2259 969 2295; x_wconf 90' lang='lat' dir='ltr'><strong>nullum</strong></span> <span class='ocrx_word' id='word_1_398' title='bbox 995 2261 1212 2308; x_wconf 86' lang='lat' dir='ltr'><strong>provinciale</strong></span> <span class='ocrx_word' id='word_1_399' title='bbox 1235 2262 1430 2311; x_wconf 88' lang='lat' dir='ltr'><strong>capitulum</strong></span> <span class='ocrx_word' id='word_1_400' title='bbox 1446 2261 1570 2298; x_wconf 83' lang='lat' dir='ltr'><strong>venire</strong></span> <span class='ocrx_word' id='word_1_401' title='bbox 1594 2266 1763 2296; x_wconf 91' lang='lat' dir='ltr'><strong>tenentur</strong></span> <span class='ocrx_word' id='word_1_402' title='bbox 1782 2279 1790 2288; x_wconf 91' lang='lat'><strong>·</strong></span> <span class='ocrx_word' id='word_1_403' title='bbox 1809 2260 1855 2295; x_wconf 90' lang='lat' dir='ltr'><strong>ad</strong></span> 
     </span>
    </p>
   </div>
   <div class='ocr_carea' id='block_1_3' title="bbox 2046 0 2052 746">
    <p class='ocr_par' dir='ltr' id='par_1_3' title="bbox 2046 0 2052 746">
     <span class='ocr_line' id='line_1_38' title="bbox 2046 0 2052 746; baseline 0 0"><span class='ocrx_word' id='word_1_404' title='bbox 2046 0 2052 746; x_wconf 95' lang='lat' dir='ltr'><strong> </strong></span> 
     </span>
    </p>
   </div>
  </div>
 </body>
</html>
