2060 2660
119 1298 167 1332 90

593 162 698 199 REG
706 162 907 199 ISTRUM
938 162 1299 200 MORAVIENSE.
1620 174 1689 206 103

198 262 348 309 pecunia
365 261 410 296 ad
431 261 604 296 terminos
626 261 808 308 predictos
825 274 900 296 non
917 261 1025 296 suerit
1042 261 1201 308 plenarie
1219 261 1332 297 soluta
1349 264 1489 300 ecclesia
1513 267 1556 302 de
1575 267 1688 303 Urch-

198 319 262 354 ard
287 319 385 366 prior
412 324 447 354 et
473 318 599 354 fratres
617 318 772 366 ejusdem
791 318 861 353 loci
878 318 1016 353 solvent
1033 318 1194 366 episcopo
1213 319 1426 354 (Doravienfi
1443 324 1586 359 nomine
1600 337 1689 371 pene

199 376 270 410 ·xii·
306 375 470 411 denarios
497 374 641 423 fingulis
670 375 794 411 diebus
821 375 948 422 quibus
976 388 1078 410 mora
1107 375 1291 410 solutionis
1319 377 1476 412 extiterit
1506 398 1514 406 ·
1555 380 1607 415 Ut
1632 394 1691 416 au-

197 438 268 468 tem
288 432 353 468 hec
371 433 492 468 omnia
509 433 710 481 supradicta
728 438 805 468 rata
821 431 887 468 fint
906 438 941 468 et
958 432 1161 468 inconcussa
1182 433 1219 467 in
1244 433 1408 468 omnibus
1433 440 1468 469 et
1488 448 1552 482 per
1573 438 1691 472 omnia

195 489 247 524 illi
276 490 368 537 parti
396 489 502 538 hujus
529 490 699 538 scripture
723 491 761 525 in
785 490 932 525 modum
956 490 1169 538 cyrographi
1196 489 1360 525 confecta
1387 504 1456 537 que
1482 505 1590 539 penes
1616 507 1691 540 pre-

197 546 330 582 dictam
350 546 529 582 ecclefiam
549 547 680 583 Sancte
699 547 887 583 Trinitatis
913 546 1040 583 refidet
1064 547 1215 595 appensa
1240 546 1321 582 sunt
1346 546 1456 594 figilla
1483 548 1632 585 Abbatis
1658 557 1693 585 et

195 610 394 640 conventus
412 605 456 640 de
475 605 752 652 Dumfermelyn
776 624 784 632 ·
812 605 898 640 item
919 603 1070 652 sigillum
1090 604 1223 640 Prioris
1241 609 1277 640 et
1294 604 1446 639 fratrum
1465 618 1546 641 cum
1565 619 1692 642 eorun-

195 662 275 697 dem
302 662 611 710 subscriptionibus
639 681 647 690 ·
675 675 756 698 cum
783 661 895 709 figillo
922 662 1108 710 dyocesani
1135 661 1299 709 Episcopi
1326 681 1334 689 ·
1362 662 1465 697 alteri
1488 677 1574 699 vero
1601 665 1692 712 parti

195 732 299 766 quam
318 719 450 755 habent
469 720 556 755 dicti
576 719 680 755 Prior
698 725 734 755 et
750 719 877 755 fratres
894 717 1050 767 apposita
1067 719 1148 754 sunt
1164 718 1275 766 figilla
1291 719 1535 767 predictorum
1556 722 1694 757 ordina-

195 783 314 812 torum
341 777 471 813 scilicet
503 777 667 825 Symonis
696 777 821 813 decani
848 783 884 812 et
910 776 1056 825 capituli
1089 782 1125 812 et
1156 775 1306 812 Andree
1337 776 1512 813 diocesani
1544 779 1694 827 episcopi

195 847 276 870 cum
307 848 431 870 eorum
462 834 771 882 subscriptionibus
796 854 804 862 ·
849 835 987 869 Actum
1016 847 1111 869 anno
1139 834 1253 881 gratie
1283 835 1546 870 m⁰·cc⁰·xxxvii·
1578 836 1694 871 mense

194 905 294 939 ‹oayo
314 911 322 920 ·
350 892 445 940 apud
466 892 638 927 Kenedor
657 911 665 919 ·
694 892 774 939 Ego
793 891 995 927 VVillelmus
1012 892 1112 939 prior
1130 891 1173 926 de
1193 891 1359 927 Urchard
1380 891 1555 927 subscribo
1574 912 1582 920 ·
1614 893 1693 940 Ego

194 949 303 984 frater
322 949 441 985 Adam
465 950 639 985 subscribo
658 969 666 977 ·
695 950 774 997 Ego
798 949 908 985 frater
926 949 1128 984 Willelmus
1152 948 1326 984 subscribo
1346 968 1354 976 ·
1384 949 1463 997 Ego
1486 949 1596 985 frater
1617 950 1693 985 An-

196 1007 296 1042 dreas
314 1007 487 1043 subscribo
507 1027 515 1035 ·
545 1007 624 1054 Ego
641 1007 751 1043 frater
771 1006 953 1042 Henricus
970 1006 1145 1042 subscribo
1165 1026 1173 1034 ·

196 1180 305 1215 Carta
322 1180 366 1216 de
384 1180 484 1228 penis
501 1180 716 1216 vicariorum
736 1199 744 1207 ·

195 1294 289 1331 Cum
313 1293 454 1330 ecclefie
473 1294 685 1331 moraviensi
712 1295 830 1331 debita
856 1295 934 1342 sepe
961 1293 1116 1330 deessent
1139 1292 1329 1328 ministeria
1358 1306 1400 1329 eo
1422 1294 1519 1341 quod
1546 1294 1693 1329 ministri

195 1350 298 1399 ipfius
316 1352 412 1387 horis
430 1352 609 1388 canonicis
627 1358 663 1387 et
680 1353 858 1387 miffarum
877 1350 1173 1387 celebrationibus
1188 1350 1395 1385 multotiens
1408 1364 1483 1386 non
1496 1351 1693 1387 intererant

192 1415 233 1444 ut
247 1409 423 1445 debebant
435 1429 444 1437 ·
456 1422 502 1445 ne
520 1409 721 1458 hujusmodi
739 1409 901 1445 defectus
919 1409 1052 1444 diutius
1069 1413 1271 1443 remaneret
1288 1408 1511 1443 incorrectus
1527 1427 1534 1436 ·
1550 1409 1595 1444 de
1613 1422 1693 1457 pro-

193 1465 324 1502 visione
352 1473 387 1502 et
413 1467 640 1502 ordinatione
666 1467 811 1515 capituli
838 1465 1066 1514 prestiterunt
1090 1477 1214 1500 omnes
1232 1465 1355 1500 vicarii
1372 1465 1533 1513 predi&e
1552 1465 1693 1502 ecclefie

194 1530 229 1559 et
246 1523 372 1572 finguli
390 1524 575 1572 corporale
595 1524 842 1572 juramentum
867 1523 963 1570 quod
988 1522 1193 1558 obedientes
1217 1527 1323 1557 erunt
1342 1522 1478 1557 decano
1497 1529 1693 1559 memorate

193 1580 334 1617 ecclesie
359 1587 395 1617 et
419 1581 494 1629 ejus
518 1581 674 1629 capitulo
698 1588 733 1617 et
759 1581 819 1628 qui
845 1581 986 1616 absente
1013 1580 1149 1615 decano
1168 1579 1264 1615 vices
1287 1578 1390 1627 ipsius
1407 1579 1547 1626 gefferit
1566 1599 1574 1607 ·
1603 1580 1651 1615 Et
1668 1580 1692 1615 fi

191 1639 283 1674 forte
306 1652 347 1674 ea
368 1651 436 1685 que
463 1639 508 1673 ad
532 1638 690 1674 officium
707 1638 922 1673 vicariorum
941 1637 1123 1685 pertinent
1140 1636 1241 1671 nulla
1258 1637 1430 1671 canonica
1446 1637 1692 1684 prepeditione

191 1696 345 1731 excusati
370 1708 446 1731 non
472 1695 732 1743 compleverint
758 1715 766 1723 ·
794 1708 903 1743 penas
929 1694 1073 1730 statutas
1097 1706 1118 1729 a
1142 1693 1299 1741 capitulo
1321 1694 1533 1741 infligendas
1553 1695 1692 1730 vicariis

190 1767 255 1802 pro
274 1754 341 1789 suis
362 1751 553 1789 exceffibus
571 1759 606 1789 et
624 1751 864 1788 omiflionibus
882 1752 1074 1788 secundum
1094 1763 1219 1786 eorum
1240 1751 1435 1798 exigentias
1453 1757 1489 1786 et
1506 1751 1691 1798 qualitates

191 1825 211 1846 a
224 1811 421 1846 subdecano
435 1810 497 1857 qui
510 1810 651 1846 absente
666 1810 802 1846 decano
816 1810 947 1858 preeffe
961 1809 1067 1845 debet
1083 1809 1222 1844 vicariis
1236 1814 1272 1844 et
1285 1808 1485 1844 rectoribus
1499 1809 1536 1844 in
1551 1809 1692 1845 ecclefia

191 1869 387 1904 eorundem
407 1887 415 1896 ·
440 1867 653 1916 penas.ipfis
680 1868 859 1916 injunctas
880 1867 986 1916 juxta
1011 1866 1163 1902 formam
1188 1866 1424 1901 ordinationis
1442 1866 1587 1914 capituli
1605 1867 1691 1903 infe-

190 1926 263 1961 rius
288 1925 451 1974 scriptam
478 1926 651 1973 recipient
676 1925 859 1960 humiliter
885 1931 921 1960 et
946 1924 1133 1972 perficient
1152 1942 1160 1950 ·
1189 1923 1291 1958 Idem
1316 1923 1421 1959 etiam
1443 1923 1688 1971 juramentum

190 1982 353 2031 prestabit
367 1982 514 2030 quilibet
528 1983 586 2030 qui
602 1983 640 2018 in
655 1983 751 2018 dicta
765 1981 907 2018 ecclefia
920 1982 1072 2017 vicarius
1086 1981 1152 2017 effe
1166 1981 1323 2017 voluerit
1337 1981 1374 2016 in
1388 1981 1448 2016 sua
1461 1980 1666 2018 admissione
1679 2002 1687 2010 ·

191 2040 420 2076 Subdecanus
443 2053 530 2076 vero
558 2040 614 2075 cui
641 2040 842 2088 hujusmodi
868 2052 978 2086 penas
1004 2039 1165 2087 infligere
1189 2039 1364 2074 incumbit
1391 2037 1548 2074 similiter
1574 2039 1689 2088 hujus-

190 2097 287 2132 modi
306 2097 513 2146 juramento
532 2097 694 2133 astrictus
712 2097 760 2133 est
777 2098 880 2148 quod⁴
892 2110 1014 2133 curam
1031 2103 1133 2145 geret
1156 2097 1364 2144 diligentem
1383 2097 1427 2132 de
1451 2097 1621 2143 predictis
1638 2098 1688 2132 vi-

190 2155 290 2190 cariis
307 2160 343 2190 et
360 2155 557 2190 defectibus
575 2161 611 2191 et
629 2153 868 2191 omissionibus
887 2155 1084 2190 eorundem
1108 2174 1116 2182 ·
1145 2160 1181 2190 et
1206 2167 1315 2200 penas
1341 2160 1554 2189 memoratas
1579 2160 1687 2199 prout

191 2212 391 2247 ordinatum
410 2211 458 2247 est
476 2226 497 2247 a
514 2212 670 2259 capitulo
697 2218 732 2248 et
755 2213 848 2248 infra
870 2218 1034 2248 notatum
1057 2211 1105 2248 est
1132 2212 1181 2247 eis
1207 2210 1278 2247 fine
1304 2211 1545 2257 acceptatione
1572 2210 1686 2256 perso-

191 2281 315 2305 narum
329 2288 338 2297 ·
353 2269 443 2305 nulli
456 2270 636 2316 parcendo
652 2270 697 2306 ob
711 2270 870 2307 favorem
884 2270 941 2307 vel
959 2270 1109 2318 gratiam
1128 2269 1186 2306 vel
1204 2269 1273 2305 alia
1289 2281 1499 2316 quacunque
1517 2267 1618 2304 causa
1634 2268 1685 2302 in-
