2066 2780
264 2048 311 2080 34·

345 163 391 199 26
739 162 1054 200 REGISTRUM
1081 161 1200 199 MOR
1207 161 1444 198 AVIENSE.

345 260 537 311 Episcopus
560 262 605 297 de
629 260 772 298 consilio
797 268 833 298 et
856 260 1023 298 consensu
1045 260 1184 296 Decani
1209 265 1245 295 et
1266 258 1410 307 capituli
1436 258 1487 294 sui
1515 276 1523 288 ·
1548 271 1614 306 pro
1631 258 1729 295 bono
1746 260 1842 308 pacis

344 325 379 355 et
403 325 444 355 ut
470 319 615 368 posteris
641 320 859 368 temporibus
885 319 984 355 nulla
1010 319 1071 354 fiat
1098 317 1269 353 discordia
1294 317 1397 364 super
1418 315 1589 364 predictis
1612 316 1706 352 inter
1730 316 1841 366 ipsum

343 383 378 414 et
395 376 602 413 successores
620 378 698 413 suos
717 391 759 413 ex
777 390 850 413 una
868 383 967 425 parte
986 381 1021 411 et
1038 375 1239 423 predictum
1260 373 1460 409 walterum
1480 379 1515 409 et
1533 374 1682 410 heredes
1700 375 1779 411 suos
1797 389 1841 412 ex

342 434 454 470 altera
485 455 493 464 ·
525 435 622 470 dedit
646 436 807 483 predicto
827 434 986 469 Waltero
1010 433 1055 468 ad
1077 433 1214 467 firmam
1234 436 1345 467 terras
1364 431 1439 466 suas
1458 431 1502 466 de
1520 431 1646 479 quibus
1665 438 1741 469 erat
1758 446 1842 469 con-

343 492 456 528 tentio
486 512 494 521 ·
520 493 649 528 scilicet
668 493 712 528 de
732 492 937 538 Butruthyn
966 510 974 519 ·
1003 489 1100 526 etde
1119 489 1312 537 Agynway
1344 507 1353 516 ·
1385 494 1420 524 et
1439 489 1483 524 de
1503 489 1667 525 Artildul
1696 509 1705 519 ·
1734 496 1771 527 et
1797 491 1841 527 de

342 549 538 586 Abirlouer
565 569 573 578 ·
602 556 636 586 et
663 550 706 585 de
732 547 1116 596 Cornekynermuneth
1143 565 1151 574 ·
1180 546 1358 581 habendas
1377 551 1412 581 et
1430 547 1603 582 tenendas
1629 548 1675 583 ad
1700 548 1840 585 firmam

340 614 547 656 perpetuam
578 608 740 656 predicto
769 606 928 642 WValtero
956 611 992 642 et
1017 604 1206 640 heredibus
1236 603 1304 639 suis
1337 604 1381 639 de
1411 605 1577 652 predicto
1602 605 1778 655 Episcopo
1804 612 1841 642 et

340 664 585 701 succefforibus
604 666 670 700 suis
689 684 697 693 ·
716 678 780 713 per
797 664 912 700 rectas
931 662 1125 699 earundem
1144 667 1321 697 terrarum
1341 661 1467 697 divisas
1486 681 1495 690 ·
1520 668 1557 698 et
1575 676 1657 698 cum
1676 664 1840 700 omnibus

334 722 434 770 justis
455 723 681 771 pertinenciis
707 722 773 757 suis
798 740 807 750 ·
832 721 1015 757 reddendo
1040 720 1123 755 inde
1145 719 1309 767 predicto
1329 718 1506 768 Episcopo
1531 725 1567 756 et
1590 720 1840 757 successoribus

339 780 405 815 suis
429 779 570 828 lingulis
593 780 694 816 annis
719 793 764 815 ·v·
788 792 923 815 marcas
946 778 1196 825 sterlingorum
1220 776 1390 825 legalium
1414 790 1481 826 pro
1506 779 1605 813 omni
1632 779 1779 815 servicio
1803 785 1839 816 et

339 838 592 873 consuetudine
610 843 645 873 et
664 837 837 873 demanda
855 837 898 871 ad
914 836 1115 884 predictum
1129 834 1343 883 Episcopum
1362 835 1420 871 vel
1438 835 1646 872 successores
1664 836 1743 873 suos
1760 850 1839 886 per-

337 895 531 930 tinentibus
560 915 568 923 -
597 895 820 930 medietatem
847 894 977 929 scilicet
1003 893 1047 928 ad
1075 892 1199 928 festum
1228 892 1472 940 penthecostes
1503 899 1539 929 et
1570 894 1675 929 aliam
1706 895 1838 932 medie-

338 958 445 987 tatem
465 953 508 987 ad
527 952 647 987 festum
664 953 784 987 Sancti
800 951 946 988 martini
964 951 1001 986 in
1018 951 1145 998 hyeme
1161 969 1169 977 ·
1185 955 1220 985 et
1238 949 1402 986 faciendo
1421 951 1633 987 forinsecum
1652 951 1837 989 servicium

338 1009 471 1045 domini
492 1010 600 1056 Regis
626 1010 670 1044 ad
696 1010 873 1058 predictas
900 1014 1012 1044 terras
1037 1007 1220 1056 pertinens
1247 1027 1256 1036 ·
1284 1007 1478 1044 Iuliorum
1499 1014 1619 1045 autem
1638 1010 1782 1046 firmum
1801 1016 1838 1046 et

337 1067 566 1102 indubitabile
580 1067 815 1102 testimonium
836 1066 867 1101 ei
886 1066 976 1114 parti
994 1065 1099 1114 hujus
1117 1065 1288 1113 scripture
1307 1065 1344 1100 in
1362 1066 1511 1101 modum
1526 1068 1739 1116 cyrographi
1753 1080 1837 1104 con-

336 1124 428 1160 fecto
446 1138 514 1171 qno
532 1130 691 1159 remanet
708 1137 815 1172 penes
833 1124 1034 1172 predictum
1050 1122 1251 1158 Walterum
1270 1128 1305 1158 et
1323 1123 1472 1159 heredes
1491 1124 1570 1160 suos
1588 1125 1740 1173 appensa
1756 1124 1837 1162 sunt

335 1180 444 1228 sigilla
460 1182 701 1229 predictorum
724 1182 885 1230 Episcopi
904 1187 939 1217 et
957 1180 1102 1229 capituli
1120 1180 1170 1216 sui
1189 1194 1271 1216 cum
1289 1180 1598 1230 subscriptionibus
1613 1183 1810 1219 eorundem
1827 1203 1836 1212 ·

335 1239 384 1273 illi
413 1252 498 1273 vero
532 1239 622 1286 parti
654 1252 722 1286 que
752 1252 859 1286 penes
889 1239 1092 1286 predictum
1126 1238 1339 1287 Episcopum
1372 1244 1407 1275 et
1437 1238 1645 1275 successores
1677 1239 1757 1276 suos
1789 1240 1837 1277 est

334 1296 535 1331 remansura
560 1296 709 1344 appensa
735 1295 815 1331 sunt
839 1294 950 1344 figilla
975 1296 1129 1344 predifi'ci
1149 1296 1299 1332 Walteri
1318 1297 1362 1332 de
1380 1297 1544 1334 moravia
1569 1302 1604 1333 et
1623 1297 1772 1333 walteri
1792 1298 1837 1334 de

334 1353 494 1389 moravia
512 1353 574 1388 filii
593 1354 772 1400 quondam
793 1353 961 1401 Hugonis
980 1354 1024 1390 de
1043 1354 1208 1391 moravia
1239 1373 1248 1382 ·
1280 1354 1444 1390 Testibus
1463 1355 1610 1390 domino
1632 1355 1835 1392 Hereberto

333 1410 456 1446 abbate
475 1411 518 1446 de
540 1410 678 1459 Kynlos
702 1431 712 1439 ·
737 1411 879 1447 Thoma
896 1411 1016 1460 priore
1035 1412 1079 1447 de
1100 1411 1242 1448 Urcard
1261 1431 1269 1440 ·
1295 1412 1451 1461 Symone
1469 1413 1589 1461 priore
1608 1413 1652 1448 de
1673 1412 1814 1462 Kynlos
1826 1433 1834 1441 ·

337 1468 525 1516 Radulplio
543 1468 726 1516 capellano
745 1469 896 1517 predicti
916 1469 1079 1518 Episcopi
1106 1489 1115 1498 ·
1142 1469 1305 1506 Henrico
1323 1469 1457 1506 vicario
1477 1471 1521 1506 de
1538 1470 1710 1506 Kenedor
1737 1490 1746 1499 ·
1774 1471 1835 1507 do-

335 1526 432 1561 mino
448 1525 605 1561 Waltero
621 1527 664 1562 de
678 1527 841 1563 moravia
858 1527 931 1563 filio
946 1528 1127 1575 quondam
1144 1527 1313 1576 Hugonis
1328 1528 1372 1564 de
1387 1529 1550 1566 moravia
1564 1548 1573 1557 ·
1590 1528 1772 1565 Willelmo
1791 1529 1835 1565 de

336 1583 498 1620 moravia
515 1583 626 1619 milite
655 1603 664 1612 ·
694 1584 904 1620 Alexandro
923 1586 1132 1622 vicecomite
1151 1586 1195 1622 de
1214 1586 1335 1635 Elgyn
1363 1605 1372 1614 ·
1398 1586 1603 1634 Augustino
1622 1587 1666 1622 de
1686 1587 1805 1636 Elgyn
1824 1606 1833 1616 ·

338 1640 487 1676 Andrca
501 1640 666 1689 Wysman
685 1660 694 1670 ·
714 1642 868 1690 Symone
887 1643 930 1678 de
945 1643 1149 1693 Garentuly
1167 1663 1176 1673 ·
1196 1644 1399 1681 Sumerleto
1418 1645 1462 1680 de
1481 1645 1660 1681 Bucharm
1680 1651 1715 1681 et
1732 1645 1809 1680 aliis
1824 1665 1832 1673 ·

338 1697 475 1733 Actum
506 1711 600 1734 anno
628 1699 741 1746 gratie
779 1699 1051 1737 ·co⁰·cc⁰·xx⁰·ix⁰·
1086 1702 1205 1738 mense
1237 1702 1374 1751 Aprilis
1408 1702 1446 1738 in
1481 1703 1538 1738 die
1569 1703 1692 1738 Sancti
1720 1703 1833 1740 marci

338 1755 548 1803 euangeliste
563 1775 572 1784 ·

340 1927 449 1964 Carta
466 1928 509 1963 de
530 1928 711 1976 Kynmyly
726 1948 734 1956 ·

339 2042 547 2079 Alexander
570 2043 642 2078 Dei
665 2043 779 2090 gratia
810 2043 890 2079 Rex
916 2045 1120 2082 Scottorum
1150 2049 1314 2085 omnibus
1341 2048 1462 2097 probis
1488 2048 1691 2084 hominibus
1717 2049 1833 2085 tocius

338 2106 433 2137 terre
451 2100 508 2135 sue
527 2100 663 2135 clericis
681 2106 716 2136 et
734 2101 841 2149 laycis
858 2102 1002 2138 salutem
1023 2123 1031 2132 ·
1051 2105 1171 2141 Sciant
1188 2107 1366 2155 presentes
1380 2112 1416 2142 et
1430 2106 1542 2142 futuri
1556 2119 1621 2141 nos
1635 2105 1832 2143 concessiss'e

339 2164 374 2194 et
391 2158 456 2193 hac
474 2163 571 2193 carta
587 2157 704 2193 nostra
721 2159 938 2195 confirmaffe
954 2160 1101 2198 Andree
1120 2164 1282 2213 episcopo
1301 2162 1514 2202 moravienfi
1532 2169 1567 2199 et
1584 2163 1832 2200 succefforibus

338 2216 405 2251 suis
431 2216 598 2264 episcopis
621 2215 898 2252 moraviensibus
921 2222 1032 2254 totam
1057 2224 1188 2257 terram
1211 2221 1429 2271 prepositure
1450 2221 1566 2257 nostre
1584 2222 1628 2257 de
1648 2221 1832 2270 Kynmyly

339 2273 383 2309 ad
400 2273 540 2309 feodam
558 2273 697 2309 firmam
715 2273 751 2309 in
769 2280 981 2323 perpetuum
993 2296 1002 2305 ·
1018 2279 1208 2315 tenendam
1223 2280 1340 2316 eidem
1359 2279 1533 2328 Episcopo
1551 2284 1588 2315 et
1604 2278 1833 2315 sucessoribus
