1912 2660
100 1932 159 1959 452

579 137 895 174 REGISTRUM
923 137 1285 176 MORAVIENSE.
1602 149 1674 181 4⁶25

186 239 333 267 subscribo.
368 238 430 275 Ego
443 236 532 264 frater
545 234 707 263 willelmus
721 234 868 263 subscribo.
899 234 962 272 Ego
976 234 1062 263 frater
1073 235 1200 264 Andreas
1211 236 1359 265 subscribo.
1390 238 1427 266 Et
1439 239 1524 268 frater
1536 241 1676 270 Hem-icus

185 286 332 314 subscribo.

225 333 308 361 Posr
331 331 411 370 cujus
435 329 547 368 quidem
570 329 649 368 copie
673 328 908 367 presentationem
932 332 960 356 et
984 328 1173 366 receptionem
1199 328 1305 358 fuimus
1328 341 1378 368 per
1401 332 1507 361 dictum
1530 335 1674 363 domiuum

185 379 361 408 Willelmum
384 376 588 406 thesaurarium
612 375 708 404 eclesie
731 375 917 403 Moravienfis
940 375 1080 403 antedicte
1104 375 1250 403 humiliter
1270 380 1297 404 et
1318 387 1382 405 cum
1404 378 1535 407 instantia
1553 381 1675 419 requisiti

183 431 216 455 ut
230 427 263 454 ad
276 425 474 454 executionem
487 424 674 462 predictarum
688 423 833 451 literarum
853 422 1064 460 apostolicarum
1086 427 1114 450 et
1135 427 1332 452 contentorum
1357 424 1387 452 in
1409 425 1519 460 eisdem,
1540 427 1569 455 in
1590 438 1676 465 quan-

183 479 245 503 tum
260 473 288 501 se
300 477 433 510 tanquam
447 471 649 500 thesaurarium
663 470 748 508 ipsius
762 469 858 498 eelefie
872 470 1084 501 eonem-nebant,
1096 470 1254 507 procedere,
1264 480 1295 498 ac
1307 471 1384 509 copie
1396 473 1602 510 compositionis
1615 483 1676 512 pre-

183 520 283 558 scripte
302 520 335 547 ad
355 523 519 557 perpetuam
539 518 580 546 rei
601 516 774 550 memoriam,
795 517 916 544 nostram
936 516 1116 545 autoritatem
1135 522 1163 545 et
1181 517 1325 545 decretum
1340 517 1445 547 virtute
1459 519 1595 548 dictarum
1615 521 1677 550 lite-

183 577 276 596 rarum
289 566 501 605 apostolicarum
515 565 695 603 interponere
708 573 879 598 curaremus,
888 563 975 601 juxta
988 563 1119 592 traditam
1132 563 1179 592 seu
1190 564 1322 592 directam
1334 565 1413 594 nobis
1427 576 1443 593 a
1457 566 1519 594 sede
1532 568 1679 604 apostolica

183 614 311 643 formam.
351 613 412 641 Nos
432 612 520 650 igitur
540 612 686 640 Gilbertus
705 611 848 649 episcopus
871 610 1071 639 Abirdonenfis
1091 615 1227 639 executor
1248 611 1381 649 prefatus,
1404 612 1461 641 visa
1481 613 1630 651 diligenter
1650 620 1678 644 et

184 662 306 699 inspecta
322 661 402 699 copia
420 659 627 697 compositionis
640 659 773 697 predicte,
793 662 956 696 reputantes
970 658 1137 696 petitionem
1151 659 1218 687 dicti
1231 660 1338 688 domini
1355 661 1491 689 Willelmi
1506 661 1564 690 fore
1573 662 1676 701 justam

184 713 213 737 et
226 708 328 737 mtioni
342 707 501 740 consonam,
522 717 553 734 ac
567 706 695 734 volentes
709 710 843 743 tanquam
857 715 940 733 verus
954 705 1111 734 obedientie
1126 706 1200 734 filius
1214 707 1375 735 mandatum
1390 708 1570 746 apostolicum
1585 710 1677 748 supra-

183 755 289 783 dictum
306 754 386 782 nobis
404 754 434 781 in
452 754 504 781 hac
523 757 602 791 parte
621 753 759 781 directum
777 756 940 781 reverenter
955 752 1057 790 exequi
1071 757 1104 780 ut
1118 757 1257 787 tenemur,
1272 754 1423 783 autoritate
1437 756 1585 793 apostolica
1598 757 1677 785 nobis

183 802 212 830 in
233 802 286 830 hac
305 805 384 840 parte
405 800 554 834 commissa,
575 800 745 828 considerata
758 799 847 827 forma
860 799 997 828 dictarum
1010 799 1155 828 literarum
1169 800 1389 838 apostolicarum,
1407 802 1440 830 de
1455 803 1533 841 copia
1546 804 1678 842 composi-

182 849 268 878 tionis
290 849 422 887 predicte,
439 848 527 887 juxta
548 848 631 886 ipsius
656 846 860 875 continentiam
882 851 910 875 et
932 852 1059 875 tenorem
1083 847 1276 884 inquisivimus
1300 848 1469 886 diligenter;
1493 854 1521 878 et
1546 850 1609 888 quia
1628 860 1678 889 per

182 896 391 934 inquisitionem
412 895 572 934 hujusmodi
593 905 629 923 ex
650 894 855 931 fidedIgnorum
874 893 1034 922 testimonio
1055 894 1209 932 reperimus
1230 900 1363 924 contenta
1379 896 1407 924 in
1425 896 1499 925 dicta
1513 897 1590 935 copia
1604 908 1678 926 com-

183 943 327 982 positionis
341 943 460 972 veritate
480 942 582 977 fulciri,
603 942 690 980 ipsam
707 941 814 979 copiam
829 945 857 969 et
871 946 1004 969 contenta
1017 941 1046 968 in
1062 951 1102 975 ea,
1123 941 1274 970 autoritate
1294 943 1442 980 apostolica
1461 954 1515 982 qua
1534 944 1681 982 fungimur

182 991 213 1019 in
227 992 279 1019 hac
293 995 371 1029 parte
385 990 607 1028 approbavimus,
618 988 816 1017 ratificavimus
831 993 859 1017 et
874 988 1100 1016 confirmavimus
1111 998 1142 1016 ac
1153 993 1250 1017 tenore
1261 990 1397 1027 presentis
1407 991 1599 1029 approbamus,
1614 992 1680 1021 rati-

183 1039 298 1066 ficamus
313 1042 341 1066 et
355 1037 560 1066 confirmamus.
589 1037 729 1064 Volumus
743 1036 827 1064 etiam
843 1040 871 1064 et
885 1035 1060 1064 decernimus
1074 1036 1146 1073 quod
1161 1036 1290 1074 deinceps
1304 1037 1393 1065 literis
1407 1037 1564 1076 hujusmodi
1579 1043 1636 1067 tam
1650 1039 1679 1067 in

180 1085 286 1124 judicio
300 1095 382 1123 quam
396 1089 485 1118 extra,
500 1084 567 1112 fides
582 1084 664 1122 plena
677 1083 841 1112 adhibeatur
853 1083 883 1110 in
898 1083 1028 1111 omnibus
1042 1087 1070 1111 et
1084 1092 1134 1121 per
1147 1083 1240 1111 omnia
1250 1088 1282 1112 ut
1293 1084 1382 1112 literis
1396 1085 1577 1122 originalibus
1590 1096 1597 1114 :
1619 1086 1680 1124 qui-

184 1133 235 1160 bus
250 1132 379 1160 omnibus
392 1137 420 1160 et
435 1131 549 1168 singulis
564 1132 670 1160 virtute
684 1131 819 1159 dictarum
838 1130 981 1159 literarum
1001 1130 1221 1168 apostolicarum,
1242 1131 1362 1159 nostram
1383 1132 1578 1160 auctoritatem
1592 1133 1679 1162 inter-

183 1180 314 1218 ponimus
329 1184 357 1208 et
370 1180 524 1207 decretum.
564 1179 598 1207 In
613 1188 732 1216 quorum
746 1177 874 1206 omnium
893 1182 921 1206 et
940 1177 1111 1215 singulorum
1126 1178 1209 1206 fidem
1226 1182 1254 1206 et
1268 1178 1458 1207 testimonium
1478 1179 1678 1217 premissorum,

183 1226 295 1265 presens
305 1226 502 1264 transcriptum
514 1226 617 1254 exinde
628 1225 688 1254 fieri
699 1230 727 1254 et
738 1235 788 1263 per
798 1225 921 1253 notarios
932 1224 1056 1262 publicos
1068 1224 1255 1263 infrascriptos
1270 1225 1401 1253 subscribi
1415 1230 1443 1255 et
1457 1227 1590 1264 publicari
1602 1237 1679 1255 man-

183 1274 311 1302 davimus
322 1273 464 1311 nostrique
476 1273 557 1310 sigilli
569 1273 685 1301 fecimus
696 1272 861 1311 appensione
872 1272 985 1300 muniri.
1015 1272 1123 1300 Datum
1135 1277 1164 1300 et
1174 1277 1267 1301 actum
1278 1272 1308 1300 in
1320 1273 1416 1301 eclesia
1427 1274 1518 1302 nostra
1529 1274 1679 1302 cathedrali

184 1320 377 1349 Aberdonenfi
398 1321 448 1349 sub
468 1330 542 1348 anno
563 1331 579 1348 a
598 1320 746 1349 nativitate
761 1319 880 1347 Domini
895 1319 1039 1346 millesimo
1056 1319 1325 1357 quadringentesimo
1343 1320 1557 1358 quintodecimo,
1579 1321 1679 1350 mensis

183 1378 250 1397 vero
266 1368 408 1396 Februarii
429 1368 474 1396 die
494 1368 585 1401 sexto,
606 1367 760 1395 indictione
780 1377 863 1400 nona,
884 1366 1062 1404 pontificatus
1084 1366 1242 1395 sanctissimi
1257 1367 1287 1395 in
1303 1367 1414 1396 Christo
1431 1368 1517 1406 patris
1531 1373 1559 1397 et
1574 1369 1679 1397 domini

184 1415 270 1443 nostri
283 1415 388 1443 domini
405 1414 551 1443 Benedicti
572 1414 667 1443 divina
684 1413 861 1452 providentia
873 1423 942 1452 pape
956 1413 1036 1441 tercii
1051 1413 1151 1442 decimi
1165 1414 1298 1443 antedicti
1311 1425 1385 1443 anno
1399 1415 1527 1443 vicesimo
1541 1416 1660 1444 secundo
1672 1428 1679 1449 ;

183 1462 357 1501 presentibus
371 1462 575 1490 venerabilibus
590 1461 658 1490 viris
680 1466 708 1490 et
728 1461 852 1489 discretis
873 1460 992 1488 dominis
1010 1465 1038 1489 et
1057 1461 1194 1498 magistris
1209 1461 1319 1490 Thoma
1332 1463 1366 1490 de
1381 1462 1571 1500 Tynyngham
1589 1463 1678 1491 archi-

183 1510 309 1543 diacono,
323 1509 455 1538 Johanne
471 1509 595 1537 Barbern
610 1509 743 1537 canonico
757 1508 853 1537 eclesie
870 1507 1068 1536 Abirdonenfis
1082 1508 1229 1543 antedicte,
1245 1509 1364 1538 dominis
1379 1510 1511 1538 Johanne
1525 1511 1558 1538 de
1571 1510 1678 1538 Tulach

183 1557 217 1585 de
242 1556 326 1593 Logi,
352 1556 497 1584 Willelmo
520 1556 554 1584 de
578 1555 719 1585 Crawfurt
742 1556 776 1583 de
801 1555 913 1588 Durris,
939 1554 1097 1583 eclesiarum
1121 1556 1321 1593 parochialium
1345 1556 1457 1585 diocesis
1474 1557 1678 1585 Aberdonensis

183 1604 348 1636 rectoribus,
369 1613 400 1631 ac
418 1603 562 1631 Willelmo
582 1603 616 1631 de
637 1603 782 1631 Meldrum
802 1602 916 1631 domino
935 1601 1065 1640 ejusdem,
1088 1602 1252 1631 Alexandro
1269 1603 1302 1631 de
1317 1603 1408 1638 Rend,
1431 1604 1576 1632 Willelmo
1591 1605 1678 1638 Serel,

185 1651 297 1679 Thoma
311 1651 439 1684 Galuioc,
458 1651 602 1679 Willelmo
616 1651 649 1679 de
666 1650 814 1684 Cadehow,
828 1649 980 1687 armigeris,
995 1659 1059 1678 cum
1072 1650 1168 1679 multis
1182 1650 1243 1679 aliis
1256 1651 1372 1680 testibus
1387 1651 1420 1679 ad
1433 1651 1559 1690 premissa
1572 1651 1677 1681 vocatis

184 1698 288 1736 pariter
301 1702 329 1726 et
343 1698 457 1735 rogatis.

186 1932 271 1961 Carta
294 1931 455 1960 feodifirmae
479 1936 507 1960 et
529 1931 562 1960 de
585 1931 668 1959 Novo
690 1931 787 1960 damus
809 1932 842 1960 ab
864 1931 1001 1970 Episcopo
1023 1932 1185 1960 Alexandro
1200 1941 1264 1960 cum
1278 1931 1413 1960 consensu
1427 1931 1540 1970 capituli
1555 1931 1677 1960 concessa

183 1979 289 2008 Jacobo
303 1979 400 2007 comiti
415 1978 554 2013 Moravie,
568 1979 682 2006 domino
698 1979 865 2007 Abirnethie
880 1984 908 2007 et
923 1979 1020 2013 Doun,
1039 1979 1115 2018 (post
1129 1983 1223 2008 actum
1236 1979 1411 2018 parliamenti
1425 1979 1443 2006 9
1458 1979 1529 2008 Julii
1545 1981 1628 2014 1606,
1643 1980 1676 2007 de

184 2027 258 2055 statu
273 2026 471 2064 Episcoporum
485 2026 664 2059 restituendo,
675 2030 704 2054 et
718 2026 752 2055 de
765 2026 846 2055 novis
860 2026 1067 2055 infeofamentis
1078 2031 1216 2056 ten-arum
1229 2027 1263 2055 ad
1277 2026 1450 2065 episcopatus
1463 2026 1675 2065 pertinentium,

184 2073 372 2112 possessoribus
392 2074 543 2102 earundem
561 2074 595 2102 ab
610 2073 743 2112 episcopis
757 2073 956 2114 concedendis)
970 2078 1117 2108 terrarum,
1137 2083 1253 2112 quarum
1268 2074 1325 2112 ipse
1339 2084 1432 2102 comes
1452 2078 1481 2103 et
1501 2073 1561 2113 ejus
1581 2074 1675 2112 prede-

185 2120 298 2149 cessores
312 2121 419 2159 antiqui
434 2121 566 2149 et'nativi
578 2125 717 2154 tenentes,
731 2120 931 2155 feudifirmarii‚
944 2121 1119 2160 proprietarii
1130 2126 1158 2150 et
1172 2121 1329 2159 possessores
1342 2121 1457 2150 fuerunt
1469 2121 1518 2149 sub
1533 2120 1675 2158 Episcopis

186 2167 419 2202 Moravienfibus,
439 2168 514 2197 ultra
533 2167 681 2196 hominum
695 2168 858 2197 memoriam
870 2179 878 2202 ς
899 2168 954 2197 viz.
967 2173 1104 2197 terrarum
1118 2168 1205 2206 vulgo
1219 2168 1440 2207 Havparland5
1462 2168 1599 2196 reddendo
1611 2167 1676 2195 inde

184 2215 329 2244 annuatim
346 2215 420 2250 L.l;
439 2216 458 2243 2
480 2215 618 2254 quarteria
638 2220 752 2250 martae;
777 2217 812 2245 12
833 2225 971 2254 capones3
991 2217 1010 2244 2
1031 2216 1119 2245 bollas
1141 2226 1292 2246 avenarum
1313 2226 1377 2245 cum
1399 2216 1518 2254 pabulo:
1539 2214 1675 2252 Myrsyd;

891 2266 963 2299 ΒΗ
