2060 2660
548 168 862 206 REGISTRUM
891 170 1252 208 MORAVIENSE.
1568 175 1635 212 ‚⁶261

151 269 329 319 presentes
347 266 464 303 debite
483 272 648 302 executas
665 267 703 302 in
721 267 833 302 valvis
848 267 943 302 dicte
962 267 1103 303 ecclefie
1121 269 1233 304 oculis
1247 269 1406 304 omnium
1425 271 1611 308 intuendas
1631 293 1638 300 ·

151 340 197 363 ne
222 325 283 375 ipfi
307 329 370 361 aut
394 324 549 372 ipsorum
571 324 697 371 aliquis
717 337 781 372 per
798 325 1041 372 ignoranciam
1059 325 1286 373 imposterum
1305 326 1337 361 se
1355 326 1456 374 super
1474 328 1639 375 premiffis

151 385 292 420 valeant
321 382 381 418 seu
404 381 521 417 valeat
549 382 714 417 excusare
734 401 742 410 ·
770 382 920 429 affigatis
951 387 987 417 et
1017 382 1154 418 easdem
1184 383 1286 418 nobis
1316 385 1458 430 quando
1488 385 1638 432 requisiti

149 441 286 478 fueritis
320 439 570 488 presentandas
589 458 597 467 ·
634 439 772 475 Datum
801 440 896 488 apud
925 438 1138 488 sepedietam
1170 439 1347 476 ecclefiam
1381 441 1636 478 Moraviensem

149 499 210 535 sub
236 498 323 534 dieti
351 497 549 533 Subdecani
575 496 688 545 sigillo
715 502 842 544 quarto
867 497 924 532 die
946 496 1071 533 mensls
1094 496 1266 533 Ofitobris
1288 510 1383 533 anno
1402 497 1550 534 Domini
1572 505 1636 534 etc·

150 556 322 592 lxxxvii?-

150 614 325 650 Executio
343 613 404 649 sub
422 613 487 649 hac
505 612 662 660 sequitur
679 613 795 648 forma
808 632 817 642 ·

150 671 228 719 Ego
246 671 429 708 Johannes
447 670 677 719 Wynchestre
703 668 844 706 ecclefie
872 669 1105 706 Moravienfis
1126 670 1343 707 subdecanus
1368 671 1492 706 monui
1516 685 1637 707 omnes

148 734 184 765 et
201 727 356 776 fingulos
374 729 470 764 diete
489 727 629 764 ecclesie
648 728 838 764 canonicos
856 728 1023 775 quosdam
1041 727 1272 776 personaliter
1289 728 1522 776 apprehensos
1540 748 1548 756 ·
1568 742 1639 764 cer-

147 794 203 822 tos
220 787 265 822 ad
284 800 408 822 eorum
427 786 543 821 stallos
561 786 709 833 locaque
727 785 986 821 habitationum
1004 785 1145 821 suarum
1163 786 1354 821 seeundum
1379 792 1539 822 tenorem
1563 800 1638 834 pre-

147 844 300 880 sencium
333 849 459 891 quarta
489 844 546 879 die
577 842 748 880 octobris
778 856 874 878 anno
904 843 1053 878 Domini
1084 842 1266 879 millefimo
1296 842 1638 891 quadringentesimo

148 901 333 936 ·lxxxviii0·
363 914 483 937 coram
510 901 578 936 hiis
603 901 745 936 testibus
771 900 937 936 videlicet
965 901 1118 936 dominis
1140 901 1305 938 ,Iohanne
1324 900 1492 936 Willelmi
1513 921 1520 929 ·
1553 901 1639 936 Wil-

146 959 254 994 lelmo
274 959 357 1007 Top
376 978 385 986 ·
407 959 568 994 Roberto
588 958 759 1006 Pynkene
778 977 786 986 ·
808 958 971 994 Henrico
986 957 1162 994 Gairland
1180 958 1350 1006 prelibate
1369 957 1508 994 ecclesie
1527 959 1637 1007 capel-

146 1016 235 1051 lanis
262 1029 342 1051 cum
371 1015 513 1051 diverfis
539 1016 615 1051 aliis
641 1015 784 1051 testibus
802 1035 811 1043 ·
838 1015 922 1051 teste
944 1028 1052 1051 manu
1069 1016 1214 1064 propria
1231 1035 1240 1043 ·
1269 1016 1497 1052 Subdecanus
1517 1016 1637 1052 Mora-

145 1072 269 1109 vienfis
286 1086 394 1108 manu
412 1074 556 1121 propria
571 1092 579 1101 ·

147 1131 327 1166 Terminis
350 1136 385 1166 et
407 1130 665 1166 monicionibus
689 1130 726 1165 in
750 1130 893 1178 prefatis
920 1130 1047 1166 litteris
1070 1130 1195 1166 nostris
1221 1130 1347 1166 habitis
1372 1131 1475 1166 saetis
1498 1138 1533 1167 et
1556 1145 1637 1167 con-

146 1188 253 1223 tentis
278 1202 318 1223 ac
345 1187 444 1236 lapfis
463 1207 471 1216 ·
491 1187 657 1223 nonnulli
684 1188 780 1223 dicte
805 1186 946 1223 ecclefie
970 1188 1131 1223 canonici
1154 1188 1361 1236 prebendati
1378 1188 1543 1224 videlicet
1561 1202 1636 1237 pre-

146 1246 336 1281 bendarius
355 1246 398 1280 de
416 1246 520 1293 Ryne
540 1265 548 1273 ·
571 1245 827 1293 prebendarius
845 1245 889 1280 de
905 1244 1036 1280 Botare
1055 1264 1064 1272 ·
1091 1245 1344 1293 prebendarius
1363 1246 1406 1281 de
1427 1246 1636 1282 Innerketh-

145 1316 214 1350 nye
234 1322 242 1330 ·
262 1303 515 1350 prebendarius
534 1303 577 1338 de
597 1303 716 1350 Croye
736 1321 744 1329 ·
769 1302 1023 1350 prebendarius
1041 1303 1085 1338 de
1105 1302 1235 1350 Pettyn
1254 1303 1437 1338 succentor
1456 1322 1464 1331 ·
1488 1303 1635 1351 preben-

146 1360 264 1395 darius
284 1360 328 1395 de
350 1360 515 1407 Kynnoir
536 1379 543 1387 ·
568 1359 823 1407 prebendarius
842 1360 885 1395 de
906 1359 1067 1408 Kingusy
1087 1379 1095 1387 ·
1120 1360 1372 1408 prebendarius
1391 1360 1434 1396 de
1454 1360 1606 1396 Duffous
1626 1381 1633 1388 ·

146 1417 400 1465 prebendarius
419 1417 462 1452 de
482 1416 601 1452 Adwe
621 1435 628 1444 ·
657 1416 911 1464 prebendarius
930 1417 973 1452 de
993 1416 1104 1465 Moye
1122 1415 1290 1464 premiflis
1308 1417 1479 1452 haetenus
1503 1418 1635 1454 obtem-

145 1488 269 1522 perare
283 1475 428 1510 minime
443 1479 614 1510 curarunt
630 1493 637 1501 -
656 1474 752 1509 unde
770 1487 836 1509 nos
850 1474 988 1509 eosdem
1003 1479 1044 1509 ut
1057 1474 1274 1522 premittitur
1292 1474 1446 1510 monitos
1464 1474 1635 1522 legittime

145 1539 180 1567 et
210 1532 449 1579 peremptorie
478 1537 622 1566 vocatos
651 1536 686 1566 et
716 1544 790 1565 non
819 1536 1063 1579 comparentes
1091 1532 1136 1566 ad
1163 1530 1389 1567 refidenciam
1416 1532 1633 1579 personalem

144 1589 336 1624 secundum
360 1588 500 1624 suarum
523 1588 783 1636 prebendarum
806 1594 970 1623 naturam
992 1594 1028 1624 et
1048 1588 1293 1624 fundationem
1318 1589 1355 1623 in
1378 1589 1474 1624 dieta
1495 1589 1635 1625 ecclesia

146 1645 363 1682 Moravienfi
380 1646 577 1682 faciendam
597 1652 632 1681 et
650 1647 928 1682 continuandam
944 1666 952 1674 ·
971 1646 1032 1681 sub
1049 1659 1142 1694 pena
1159 1652 1345 1694 prenotata
1363 1646 1540 1682 canonicis
1558 1646 1635 1682 refi-

145 1703 310 1739 dentibus
328 1709 364 1739 et
381 1704 535 1751 ipsorum
555 1704 766 1739 communiis
781 1704 990 1752 applicanda
1005 1723 1012 1731 -
1033 1703 1165 1752 [dum]
1184 1704 1329 1739 minime
1343 1702 1491 1739 refidere
1510 1711 1635 1740 curant

144 1761 201 1797 sed
222 1761 482 1797 contumaciter
509 1761 541 1797 se
568 1761 751 1796 absentant
776 1767 1005 1797 contumaces
1027 1766 1231 1809 reputamus
1257 1767 1293 1796 et
1315 1761 1535 1796 causantibus
1557 1775 1633 1810 pre-

126 1817 249 1853 -miffis
274 1818 456 1866 septimam
482 1824 619 1866 partem
646 1819 891 1866 predictorum
913 1819 1096 1854 fruetuum
1115 1818 1255 1854 suarum
1273 1818 1534 1866 prebendarum
1558 1833 1633 1867 pre-

144 1876 318 1912 dictarum
344 1876 513 1923 predffifis
539 1876 719 1911 canonicis
745 1876 789 1911 ad
816 1876 1013 1924 predi&am
1045 1875 1222 1912 ecclesiam
1255 1874 1485 1912 residentibus
1513 1882 1549 1912 et
1576 1877 1632 1913 sue

144 1933 346 1969 communie
364 1934 401 1968 in
420 1934 485 1968 hiis
503 1933 637 1982 scriptis
655 1933 872 1981 applicamus
895 1939 932 1969 et
956 1934 1105 1970 eandem
1131 1934 1319 1970 levandam
1344 1933 1421 1969 fore
1448 1934 1575 1970 debere
1599 1941 1633 1969 et

143 1991 253 2026 levari
270 1991 307 2026 in
326 1990 392 2026 hiis
410 1991 544 2040 scriptis
564 1991 770 2026 ordinamus
789 2010 796 2019 ·
827 1991 1017 2027 Donaldus
1036 1990 1176 2028 Thome
1194 1991 1353 2027 notarius
1370 1991 1531 2039 publicus
1550 2011 1557 2019 ·

43 2164 116 2197 ‚⁶210
146 2161 202 2197 IN
227 2161 617 2199 CONVOCATION
621 2163 651 2198 E
671 2163 831 2211 generali
848 2163 1105 2199 canonicorum
1124 2162 1334 2198 cathedralis
1352 2160 1491 2197 ecclesie
1510 2161 1631 2197 Mora-

143 2218 266 2255 vienfis
284 2239 292 2247 ·
319 2219 517 2268 prefidente
544 2220 742 2255 reverendo
765 2221 802 2255 in
824 2219 938 2256 Cristo
964 2225 1065 2268 patre
1091 2225 1127 2255 et
1153 2220 1299 2255 domino
1319 2219 1464 2254 domino
1483 2218 1631 2254 Andrea

144 2276 215 2313 Dei
239 2282 276 2313 et
300 2277 487 2326 apostolice
514 2277 600 2314 sedis
617 2278 732 2326 gratia
750 2277 911 2326 episcopo
931 2276 1148 2314 Moravienfi
1162 2297 1171 2305 ·
1203 2277 1281 2313 Nos
1299 2275 1462 2313 Gavinus
1481 2276 1631 2312 Dunbar
