1912 2660
190 972 479 1013 RENTALE
540 974 930 1015 EPISCOPATUS
996 974 1405 1016 MORAVIENSIS
1470 976 1683 1016 TERMI-

188 1060 407 1100 NORUM
465 1061 880 1101 PENTECOSTES
928 1061 1005 1100 ET
1056 1062 1327 1102 MARTINI
1383 1064 1454 1102 IN
1504 1063 1679 1102 ANNO

186 1147 420 1187 DOMINI
451 1149 555 1188 1565
588 1148 891 1189 MAGISTRO
927 1148 1319 1189 ARCHIBALDO
1352 1150 1679 1190 LYNDESAY

186 1235 552 1275 CAMERARIO.

702 1432 913 1465 BARONIA
930 1433 992 1464 DE
1011 1432 1166 1464 SPYNE.

183 1586 295 1617 V1LLA
312 1596 355 1617 DE
373 1586 486 1617 SPYNE.
502 1585 609 1617 solvefi
633 1585 667 1617 in
689 1598 775 1617 auno
791 1587 900 1617 decem
924 1586 1021 1618 libras
1038 1586 1140 1623 firme,
1166 1596 1264 1616 unam
1280 1591 1428 1623 martam,
1449 1591 1587 1627 quatuor
1606 1598 1676 1618 mu-

182 1642 283 1676 tones,
301 1642 439 1679 quatuor
454 1649 563 1679 agnos,
583 1637 634 1668 sex
651 1638 813 1668 duodenas
829 1648 998 1679 caponum,
1016 1643 1088 1668 octo
1111 1648 1215 1673 aucas,
1232 1642 1369 1678 quatuor
1384 1636 1486 1668 bollas
1501 1648 1675 1668 avenarum

182 1700 255 1719 cum
271 1688 389 1731 pabulo
405 1694 437 1719 et
452 1689 496 1719 xii
513 1689 614 1719 bollas
630 1689 718 1719 ordei
734 1689 767 1719 in
783 1689 873 1720 arida
888 1688 1041 1726 multura,
1059 1687 1217 1729 greffuma
1233 1693 1371 1725 tantum,
1389 1699 1462 1719 cum
1478 1687 1626 1719 serviciis.

310 1740 472 1771 Robertus
489 1740 616 1771 Morese
660 1740 718 1770 viii
734 1751 806 1782 pars

309 1791 451 1822 Joannes
467 1791 607 1832 Umfray
653 1791 708 1821 viii
724 1802 798 1832 pars

308 1842 473 1873 Johannes
489 1842 564 1873 Mill
609 1842 666 1872 viii
683 1853 756 1884 pars

309 1893 414 1923 David
432 1894 541 1924 Bonar
586 1893 642 1924 viii
658 1905 731 1936 pars

308 1944 492 1975 Alexander
509 1944 653 1975 Wilsoun
698 1944 754 1975 viii
770 1955 843 1986 pars

307 1995 462 2026 Michaell
478 1995 678 2026 Michelsoun
723 1995 779 2026 viii
797 2006 869 2037 pars

307 2046 474 2078 Elizabeth
494 2047 590 2077 Innes
635 2051 749 2088 quarta
765 2057 848 2088 pars,

178 2150 333 2180 BRAsmA
350 2159 509 2180 EJUSDEM
526 2160 600 2180 cum
617 2149 720 2180 crofta
734 2148 841 2180 solvefi
865 2149 899 2180 in
922 2159 1007 2180 anno
1023 2148 1056 2179 xl
1070 2151 1094 2179 Ξ.
1112 2147 1215 2186 firme,
1233 2148 1312 2179 duas
1328 2147 1489 2178 duodenas
1513 2157 1669 2188 caponum

177 2206 208 2231 et
224 2200 302 2231 duas
318 2211 423 2231 aucas.

308 2252 473 2283 Johannes
490 2252 600 2293 Rynd,
619 2252 787 2283 ortulanus

922 2307 943 2337 3
965 2313 978 2337 1
