2060 2660
324 177 371 215 74·
712 165 1027 206 REGISTRUM
1057 161 1425 200 MORAVIENSE.

324 271 368 306 ad
389 283 466 306 eam
484 268 576 318 juste
601 267 862 317 pertinentibus
892 285 900 294 ·
930 264 1094 301 Secunda
1112 261 1159 298 est
1177 259 1320 297 ecclefia
1337 260 1382 295 de
1400 260 1610 296 Dunbanan
1630 266 1666 297 et
1683 261 1826 298 ecclesia

325 328 368 363 de
389 328 542 376 Kynnor
560 340 640 362 cum
660 325 823 361 omnibus
842 324 886 359 ad
905 336 962 359 eas
974 321 1066 370 juste
1084 317 1345 368 pertinentibus
1373 336 1381 345 ·
1408 317 1534 354 Tertia
1551 318 1600 355 est
1617 318 1762 355 ecclesia
1780 320 1824 355 de

328 385 593 432 Inuerketheny
611 396 693 419 cum
717 382 880 418 omnibus
903 380 949 415 ad
972 392 1050 415 eam
1071 376 1163 426 juste
1190 375 1453 424 pertinentibus
1484 395 1493 403 ·
1526 376 1667 419 Quarta
1693 377 1742 413 est
1768 390 1826 413 ec-

325 442 425 478 clefia
454 443 498 478 de
527 442 639 488 Elchy
668 446 703 476 et
733 440 777 474 de
806 438 1002 484 Buttharry
1030 448 1113 471 cum
1140 433 1305 469 omnibus
1331 432 1378 467 ad
1404 446 1483 468 eam
1501 433 1594 481 juste
1615 435 1824 482 pertinenti-

325 501 389 535 bus
408 520 416 528 .
436 499 574 542 Quinta
587 497 635 534 est
649 495 788 533 ecclefia
806 495 863 531 del
883 497 970 542 moy
987 506 1067 528 cum
1087 490 1252 527 omnibus
1270 489 1316 525 ad
1334 502 1412 525 eam
1425 489 1519 538 juste
1536 492 1798 539 pertinentibus
1814 511 1822 520 ·

326 559 432 593 Sexta
450 557 498 592 est
514 554 655 592 ecclesia
673 555 716 590 de
736 552 907 589 Cromdol
927 556 962 587 et
980 548 1122 586 ecclesia
1145 548 1189 583 de
1209 547 1347 595 Aduyn
1372 560 1455 583 cum
1480 549 1645 584 omnibus
1671 550 1716 585 ad
1742 563 1820 586 eam

325 615 410 661 juste
429 613 685 663 pertinentibus
705 631 712 639 ·
733 611 855 653 Quare
874 609 1039 644 volumus
1053 612 1094 642 ut
1108 604 1321 642 cathedralis
1335 604 1479 641 ecclesia
1492 605 1611 642 nostra
1623 607 1823 655 prebendas

319 656 502 721 'predictas
520 671 645 706 habeat
664 675 699 705 et
716 667 884 717 pollideat
902 667 939 701 in
957 669 1170 714 perpetuum
1188 676 1270 698 cum
1287 662 1453 698 omnibus
1471 663 1517 699 ad
1535 677 1593 699 eas
1605 663 1698 713 juste
1715 665 1822 713 perti-

326 729 491 765 nentibus
510 749 518 756 ·
538 728 646 763 libere
665 746 673 755 ·
692 727 809 774 quiete
829 745 837 753 ·
852 724 1009 773 plenarie
1029 742 1036 750 ·
1052 728 1088 758 et
1105 720 1303 756 honorifice
1323 739 1331 748 ·
1353 720 1466 757 Salvis
1483 722 1586 757 nobis
1604 727 1640 758 et
1658 722 1822 758 successo-

326 787 420 822 ribus
439 786 562 821 nostris
579 785 682 820 terris
700 783 863 819 omnibus
887 795 950 830 per
974 781 1050 816 suas
1076 780 1193 815 rectas
1218 778 1343 814 divisas
1370 783 1407 814 et
1429 792 1511 815 cum
1535 780 1700 815 omnibus
1720 780 1822 829 justis

326 843 545 891 pertinentiis
572 842 638 877 suis
665 862 672 869 ·
700 854 768 888 que
795 840 962 875 dicuntur
986 838 1052 873 effe
1076 836 1320 885 predictarum
1339 836 1501 873 omnium
1521 842 1556 873 et
1573 837 1791 885 singularum
1812 858 1819 865 ·

325 902 373 936 ita
396 907 514 936 tamen
538 900 633 947 quod
658 898 813 945 quelibet
837 897 1015 932 dictarum
1037 892 1262 930 eccleliarum
1289 893 1417 929 habeat
1436 895 1596 930 mansum
1614 901 1821 944 competens

318 959 422 1005 juxta
441 956 617 993 ecclesiam
636 969 716 991 cuin
736 955 825 990 tofto
843 953 1059 1001 competenti
1089 972 1097 979 ·
1131 951 1243 987 Salvis
1266 951 1373 987 etiam
1391 953 1529 987 tenuris
1548 966 1673 989 eorum
1691 954 1729 989 in
1747 954 1821 990 vita

324 1017 383 1051 sua
408 1016 466 1062 qui
494 1015 529 1049 in
557 1014 724 1062 predicffis
749 1011 898 1047 ecclesiis
916 1012 973 1046 vel
992 1023 1114 1045 earum
1132 1009 1251 1056 aliqua
1269 1010 1440 1045 canonice
1464 1010 1610 1057 aliquod
1630 1011 1820 1059 optinuere

324 1073 530 1108 beneficium
553 1091 560 1098 ·
582 1077 616 1106 et
635 1070 734 1105 salvis
752 1068 1003 1117 episcopalibus
1022 1067 1124 1103 nobis
1143 1073 1179 1102 et
1197 1066 1447 1103 succefforibus
1465 1067 1591 1103 nostris
1608 1081 1672 1116 per
1686 1082 1747 1104 eos
1760 1069 1820 1116 qui

322 1129 511 1178 spiritualia
538 1129 572 1163 in
601 1128 727 1163 eisdem
756 1125 904 1162 ecclesiis
930 1139 995 1174 pro
1017 1131 1178 1173 tempore
1202 1123 1480 1161 ministraverint
1498 1126 1755 1162 convenienter
1773 1127 1820 1162 fa-

322 1188 454 1223 ciendis
467 1207 475 1214 ·
490 1186 756 1221 Deliberatione
768 1198 854 1220 vero
867 1183 1028 1231 diligenti
1043 1189 1078 1219 et
1092 1183 1250 1218 tractatu
1265 1182 1385 1218 habito
1400 1182 1438 1217 in
1452 1183 1610 1231 capitulo
1622 1183 1741 1219 nostro
1755 1204 1763 1212 ·
1777 1184 1821 1220 de

322 1244 462 1280 confilio
481 1250 516 1279 et
534 1243 701 1278 consensu
719 1242 871 1290 ejusdem
891 1241 1037 1290 capituli
1056 1260 1064 1268 ·
1084 1240 1229 1276 volente
1248 1245 1284 1276 et
1302 1240 1544 1276 consentiente
1562 1254 1603 1277 ac
1624 1240 1821 1289 postulante

322 1301 511 1336 venerabili
530 1301 607 1336 viro
627 1300 775 1335 Decano
794 1299 912 1334 nostro
933 1298 1114 1347 Fressiyno
1134 1318 1142 1326 ·
1161 1311 1269 1333 unam
1289 1297 1509 1346 prebendam
1523 1298 1769 1335 constituimus
1784 1300 1821 1335 in

321 1359 481 1407 predicta
505 1356 645 1393 ecclelia
663 1357 856 1393 cathedrali
876 1357 919 1392 de
938 1356 1110 1404 alteragio
1136 1356 1180 1391 de
1200 1356 1297 1391 Eren
1322 1368 1403 1391 cum
1431 1356 1597 1392 omnibus
1622 1357 1668 1392 ad
1694 1357 1821 1393 altera-

321 1417 417 1464 gium
447 1415 537 1463 juste
569 1415 826 1463 pertinentibus
859 1434 867 1442 ·
899 1414 1000 1450 salvis
1032 1414 1220 1450 decanatui
1255 1413 1360 1449 terris
1379 1433 1387 1441 ·
1408 1413 1553 1450 decimis
1584 1415 1820 1462 omnibusque

322 1474 396 1508 aliis
420 1474 463 1508 ad
489 1471 663 1508 ecclefiam
684 1473 727 1508 de
748 1472 844 1508 Eren
862 1472 954 1521 juste
978 1471 1239 1520 pertinentibus
1266 1490 1275 1499 ·
1303 1484 1446 1507 necnon
1470 1472 1606 1520 capella
1631 1472 1675 1508 de
1695 1472 1820 1508 Inuer-

322 1544 451 1566 narren
470 1544 550 1565 cum
570 1531 733 1565 omnibus
746 1530 846 1578 justis
864 1530 1088 1578 pertinentiis
1106 1529 1174 1564 suis
1189 1549 1197 1557 ·
1213 1542 1320 1576 quam
1338 1529 1557 1577 prebendam
1571 1528 1820 1578 aflignavimus

324 1588 585 1623 subdiaconatui
604 1587 721 1622 nostro
741 1606 749 1615 ·
773 1594 807 1623 et
825 1588 882 1623 cui
901 1588 1129 1636 adjunximus
1148 1585 1327 1623 ecclesiam
1346 1587 1390 1623 de
1410 1587 1547 1636 Dolays
1565 1588 1710 1636 mychel
1736 1601 1817 1624 cum

324 1645 486 1680 omnibus
504 1645 547 1679 ad
566 1645 714 1680 eandem
733 1643 909 1680 ecclefiam
923 1645 1014 1693 juste
1033 1645 1293 1693 pertinentibus
1321 1664 1329 1672 ·
1357 1644 1458 1680 salvis
1480 1645 1582 1681 nobis
1600 1651 1636 1681 et
1654 1645 1818 1681 successo-

324 1703 419 1737 ribus
437 1701 560 1737 nostris
574 1702 676 1737 terris
694 1715 762 1749 que
781 1702 949 1738 dicuntur
967 1703 1121 1751 ejusdem
1137 1701 1278 1739 ecclesie
1297 1703 1364 1738 effe
1379 1703 1423 1738 de
1438 1702 1575 1751 Dolays
1593 1703 1737 1751 mychel
1755 1716 1818 1751 per

325 1760 399 1795 suas
422 1760 536 1795 rectas
560 1759 683 1795 divisas
709 1773 789 1795 cum
815 1760 978 1795 omnibus
998 1760 1098 1809 justis
1124 1760 1349 1809 pertinentiis
1374 1760 1443 1796 suis
1469 1779 1478 1788 ·
1505 1760 1555 1796 ita
1578 1766 1698 1796 tamen
1720 1761 1818 1808 quod

325 1818 485 1866 predicta
502 1816 642 1853 ecclelia
659 1818 784 1853 habeat
798 1817 955 1853 mansum
969 1824 1176 1866 competens
1185 1818 1291 1867 juxta
1304 1817 1483 1854 ecclesiam
1498 1831 1580 1854 cum
1594 1818 1710 1855 crofto
1723 1831 1818 1854 com-

326 1876 459 1923 petenti
479 1894 486 1902 ·
511 1881 545 1909 et
563 1874 662 1910 salvis
680 1875 780 1909 nobis
799 1880 834 1910 et
852 1875 1096 1912 succefforibus
1114 1875 1240 1911 nostris
1258 1876 1295 1911 in
1314 1876 1439 1912 eadem
1457 1875 1599 1912 ecclefia
1617 1877 1661 1912 de
1680 1876 1819 1925 Dolays

326 1932 468 1980 mychel
487 1932 735 1980 episcopalibus
766 1951 775 1960 ·
808 1932 1061 1969 Constituimus
1079 1934 1186 1969 etiam
1205 1934 1249 1970 de
1267 1932 1412 1969 consilio
1430 1939 1465 1970 et
1483 1934 1652 1970 consensu
1673 1934 1819 1983 capituli

327 1989 433 2025 nostri
453 2009 461 2017 ·
479 1990 670 2025 accedente
688 1990 854 2025 consensu
872 1997 907 2026 et
926 1991 1054 2027 devota
1072 1992 1327 2040 supplicatione
1345 1992 1560 2028 venerabilis
1577 1992 1645 2028 viri
1666 1991 1819 2040 magistri

329 2047 473 2083 Ricardi
491 2047 645 2082 cantoris
662 2047 770 2082 nostri
789 2067 796 2075 ·
816 2060 923 2083 unam
942 2049 1159 2096 prebendam
1180 2050 1219 2085 in
1240 2049 1384 2086 ecclefia
1401 2050 1596 2086 cathedrali
1614 2050 1659 2086 de
1676 2048 1819 2086 ecclefia

328 2105 371 2140 de
392 2104 542 2139 Rathed’
561 2117 641 2140 cum
661 2104 824 2140 omnibus
841 2106 886 2140 ad
903 2118 980 2141 eam
993 2106 1084 2154 juste
1102 2107 1362 2155 pertinentibus
1382 2127 1389 2136 ·
1409 2108 1510 2144 salvis
1523 2113 1678 2155 quatuor
1691 2107 1818 2144 marcis

326 2162 453 2197 annuis
471 2162 515 2197 de
533 2161 656 2197 eadem
675 2160 815 2197 ecclefia
832 2162 1006 2198 solvendis
1023 2165 1185 2212 predicto
1205 2165 1354 2202 Cantori
1375 2171 1410 2201 et
1428 2165 1677 2202 succefi'oribus
1694 2165 1762 2201 suis
1780 2164 1817 2200 in

326 2225 536 2267 perpetuum
555 2232 618 2267 per
636 2232 716 2254 eum
735 2220 794 2266 qui
809 2233 874 2268 pro
889 2226 1047 2269 tempore
1062 2222 1258 2270 predictam
1274 2223 1461 2259 canoniam
1476 2222 1673 2271 optinuerit
1687 2242 1696 2250 ·
1711 2235 1817 2270 quam

327 2277 539 2324 prebendam
560 2277 777 2312 subcantarie
795 2276 1042 2325 assignavimus
1072 2299 1080 2307 ·
1110 2280 1211 2327 eique
1236 2280 1464 2329 adjunximus
1488 2279 1669 2317 ecclesiam
1688 2281 1732 2316 de
1751 2280 1782 2316 F
1782 2294 1818 2316 0-
