2060 2660
584 163 901 200 REGISTRUM
928 163 1289 204 MORAVIENSE.
1605 172 1675 204 133

190 321 299 359 Carta
318 319 464 356 Andree
481 318 631 367 episcopi
649 319 694 355 de
710 317 776 354 fitu
794 318 991 354 molendini
1008 318 1053 353 de
1071 317 1321 366 Uchtyrspyny
1338 325 1405 355 etc·

93 437 160 471 121
189 433 368 472 Univerfis
381 433 500 469 san6³ce
517 434 637 471 matris
655 432 796 469 ecclefie
814 432 895 468 filiis
907 433 970 468 has
984 432 1103 468 literas
1116 431 1240 467 visuris
1253 432 1311 468 vel
1325 434 1498 469 audituris
1514 435 1677 472 Andreas

186 491 408 543 permissione
440 492 561 527 divina
590 490 821 529 moraviensis
851 491 1032 539 episcopus
1063 496 1223 526 eternam
1251 490 1290 525 in
1318 491 1478 527 Domino
1506 493 1649 530 salutem
1670 514 1678 523 ·

186 550 366 587 Noverint
390 548 543 585 universi
568 562 633 584 nos
659 549 703 584 de
730 548 900 584 consensu
925 554 961 584 et
986 548 1173 584 voluntate
1199 548 1344 596 capituli
1367 549 1475 584 nostri
1499 550 1627 587 dedisse
1646 559 1681 588 et

187 606 383 644 concefliffe
401 612 437 643 et
454 607 519 642 hac
537 612 636 642 carta
652 606 770 642 nostra
789 605 1008 641 confirmasse
1022 605 1184 641 Waltero
1203 605 1247 641 de
1261 606 1424 642 moravia
1442 612 1477 642 et
1494 607 1682 645 heredibus

188 665 255 702 suis
276 678 388 700 unum
413 663 516 700 situm
540 664 737 700 molendini
758 663 861 712 super
879 662 985 711 Lofl'y
1002 663 1039 698 in
1060 668 1157 698 terra
1173 662 1292 698 nostra
1309 663 1354 698 de
1372 662 1621 714 Uchtyrspyny
1639 680 1683 703 ex

189 722 352 758 orientali
378 728 478 770 parte
505 722 583 769 rogi
612 721 672 769 qui
697 720 745 757 est
766 721 803 756 in
826 720 950 756 eadem
973 725 1071 755 terra
1089 739 1097 747 ·
1126 720 1250 762 Quare
1275 720 1442 756 volumus
1464 727 1500 757 et
1523 725 1684 759 concedi-

190 793 267 816 mus
284 786 325 815 ut
343 780 461 815 dietus
478 779 659 814 Walterus
685 784 721 814 et
746 778 895 814 heredes
921 777 971 813 sui
997 777 1152 813 habeant
1173 777 1211 812 in
1232 777 1312 813 loco
1331 778 1494 826 Ρῐθάἰᾶὶο
1514 780 1685 817 molendi'-

189 851 274 873 num
306 837 407 872 suum
438 842 474 872 et
503 835 699 885 possideant
723 836 807 884 jure
837 841 1011 884 perpetuo
1040 835 1085 870 ad
1110 834 1319 870 molendum
1346 835 1490 871 bladum
1521 836 1620 873 suum
1650 845 1685 875 et

188 895 373 930 hominum
397 894 541 929 suorum
570 894 659 929 adeo
686 894 796 929 libere
825 894 943 941 quiete
971 898 1007 929 et
1032 892 1229 928 honorifice
1255 892 1414 940 plenarie
1444 892 1531 929 ficut
1561 895 1685 943 aliquis

191 953 275 988 baro
293 952 330 987 in
348 952 511 989 moravia
531 951 677 987 liberius
705 970 714 979 ·
743 951 896 999 quietius
925 970 933 979 ·
964 950 1260 986 honorificentius
1286 955 1322 986 et
1347 950 1526 998 plenarius
1552 953 1687 989 molen-

190 1010 314 1045 dinum
342 1009 443 1044 suum
469 1009 576 1045 habet
601 1014 638 1044 et
663 1007 812 1057 poflidet
840 1028 848 1036 ·
876 1008 1061 1044 reddendo
1094 1007 1197 1043 nobis
1225 1013 1261 1043 et
1288 1007 1536 1044 succefforibus
1562 1010 1688 1046 nostris

190 1067 336 1102 nomine
362 1067 618 1113 recognitionis
643 1065 787 1114 fingulis
812 1067 914 1101 annis
939 1066 985 1101 ad
1010 1065 1135 1101 festum
1155 1064 1403 1101 Penthecostes
1425 1079 1535 1102 unam
1561 1068 1687 1104 libram

189 1124 319 1172 piperis
343 1129 379 1159 et
404 1124 508 1159 aliam
536 1124 661 1159 libram
688 1124 833 1172 cumyni
852 1143 860 1151 ·
887 1123 941 1160 Ut
965 1128 1084 1159 autem
1104 1123 1171 1158 hec
1188 1122 1307 1158 nostra
1323 1122 1496 1159 conceffio
1513 1131 1687 1173 perpetuo

190 1181 317 1217 stabilis
335 1186 477 1217 maneat
498 1181 602 1217 firma
624 1187 660 1217 et
682 1181 885 1216 inconcussa
910 1179 1127 1229 appositione
1152 1178 1254 1228 figilli
1280 1180 1386 1215 nostri
1415 1194 1496 1217 cum
1523 1182 1689 1232 subscrip-

190 1239 347 1274 tionibus
370 1239 595 1286 quorundam
622 1238 877 1274 canonicorum
903 1237 1103 1273 nostrorum
1131 1237 1180 1273 est
1204 1237 1372 1273 roborata
1391 1257 1399 1266 ·
1429 1238 1567 1274 Aetum
1590 1254 1687 1276 anno

190 1296 304 1343 gratie
327 1296 600 1333 ·m⁰-cc⁰·xxxvii·
624 1295 721 1331 sexto
741 1295 798 1331 die
818 1295 904 1330 Idus
922 1294 1094 1331 oetobris
1112 1313 1121 1322 ·
1149 1294 1311 1330 Testibus
1333 1295 1480 1331 domino
1499 1296 1620 1332 David
1644 1298 1688 1333 de

192 1353 407 1401 Strabolgyn
422 1373 430 1381 ·
450 1353 614 1401 magistro
630 1352 811 1388 Willelmo
826 1352 937 1400 Agno
952 1371 961 1380 ·
976 1352 1034 1387 W·
1047 1352 1091 1387 de
1104 1351 1322 1398 Suthyrland
1337 1371 1345 1380 ·
1364 1352 1473 1388 fratre
1487 1353 1664 1391 Nicholao
1678 1375 1686 1383 ·

191 1411 301 1446 fratre
322 1411 443 1446 Alano
463 1430 471 1438 ·
492 1410 673 1446 monachis
693 1430 700 1438 -
721 1410 918 1446 Laurentio
938 1429 946 1437 ·
967 1409 1130 1444 Roberto
1146 1428 1154 1437 ·
1174 1409 1430 1445 Bartholomeo
1445 1429 1454 1438 ·
1470 1411 1660 1459 capellanis
1679 1433 1687 1441 ·

193 1468 337 1504 Simone
356 1468 400 1503 de
421 1468 579 1515 Rogheis
599 1487 608 1495 ·
636 1466 800 1515 magistro
827 1466 1008 1514 Gregorio
1035 1466 1252 1502 cementario
1271 1485 1280 1494 ·
1309 1466 1466 1502 Ricardo
1490 1469 1659 1506 vitreario
1678 1489 1687 1498 ·

194 1531 230 1560 et
247 1525 368 1560 multis
386 1525 461 1560 aliis
477 1544 485 1553 ·
509 1525 588 1572 Ego
605 1524 771 1560 Andreas
785 1522 1015 1561 moravienfis
1033 1523 1213 1572 episcopus
1230 1523 1404 1559 subscribo
1423 1543 1432 1552 ·
1455 1525 1535 1573 Ego
1554 1526 1689 1574 Symon

195 1583 349 1617 decanus
368 1580 598 1619 moraviensis
615 1582 789 1617 subscribo
807 1601 815 1609 -
844 1582 923 1629 Ego
943 1581 1143 1616 Willelmus
1160 1586 1350 1628 precentor
1368 1582 1597 1619 moraviensis
1614 1584 1690 1620 sub-

193 1640 305 1675 scribo
337 1659 345 1667 ·
384 1639 463 1686 Ego
492 1639 692 1675 Willelmus
714 1638 907 1675 canonicus
933 1639 978 1674 de
1002 1639 1117 1686 Petyn
1142 1638 1317 1673 subscribo
1345 1657 1354 1666 ·
1386 1638 1466 1687 Ego
1488 1639 1690 1677 Willelmus

195 1697 428 1733 cancellarius
459 1695 600 1732 ecclefie
635 1695 865 1734 moraviensis
898 1696 1072 1732 subscribo
1099 1715 1108 1724 ·
1148 1695 1227 1743 Ego
1258 1695 1439 1732 Walterus
1472 1697 1690 1735 subdecanus

196 1752 426 1791 moraviensis
443 1754 617 1789 subscribo
638 1773 646 1781 ·
676 1754 754 1801 Ego
774 1753 959 1790 Gilbertus
974 1754 1018 1789 de
1033 1753 1184 1789 Bradeh’
1198 1753 1390 1788 canonicus
1408 1754 1452 1789 de
1470 1754 1601 1791 Duffus
1615 1756 1691 1792 sub-

120 1831 123 1834 *
196 1811 307 1847 scribo
334 1830 343 1839 ·
372 1811 452 1858 Ego
471 1810 536 1846 ·H·
555 1811 741 1847 succentor
759 1809 989 1848 moraviensis
1005 1810 1180 1846 subscribo
1207 1829 1215 1838 ·
1244 1810 1323 1858 Ego
1343 1810 1525 1847 Robertus
1548 1814 1691 1849 canoni-

196 1881 257 1905 cus
275 1868 319 1904 de
338 1868 487 1916 Duppyl
505 1867 678 1904 subscribo
698 1887 706 1896 ·

198 2039 390 2076 Ordinatio
407 2040 502 2076 inter
520 2040 734 2089 Episcopum
752 2045 788 2076 et
804 2040 1007 2077 Johannem
1026 2040 1155 2089 Byseth
1173 2059 1182 2069 ·

102 2159 170 2191 122
198 2153 377 2191 Univerfis
404 2154 532 2190 Christi
558 2154 722 2190 fidelibus
747 2154 924 2203 presentes
949 2155 1068 2191 literas
1091 2155 1215 2191 visuris
1237 2156 1294 2191 vel
1317 2156 1490 2191 audituris
1510 2156 1688 2192 Robertus

198 2210 419 2259 permiffione
443 2212 564 2247 divina
583 2211 756 2248 Rofi'enfis
782 2212 963 2261 episcopus
989 2218 1025 2248 et
1050 2212 1203 2261 ejusdem
1227 2213 1295 2249 loci
1316 2213 1484 2249 Decanus
1504 2213 1643 2261 judices
1668 2227 1689 2248 a

201 2269 345 2304 domino
364 2269 460 2317 Papa
481 2269 634 2317 delegati
652 2275 811 2305 eternam
835 2270 873 2305 in
894 2270 1057 2306 Domino
1078 2270 1225 2306 salutem
1257 2290 1265 2298 ·
1309 2270 1463 2306 Noverit
1485 2268 1688 2306 universitas
