1912 2660
553 196 657 232 REG
666 196 870 233 ISTRUM
899 198 1260 236 MORAVIENSE.
1577 209 1648 248 287

156 308 234 331 mus
252 308 316 343 pro
331 293 432 329 nobis
450 293 641 329 heredibus
660 300 696 329 et
714 294 964 330 successoribus
990 296 1115 332 nostris
1141 299 1237 344 quod
1263 300 1561 348 quotienscunque
1580 303 1649 338 bal-

156 353 217 388 livi
235 351 341 387 nostri
366 351 539 386 antedicti
558 351 595 386 in
613 351 790 387 solutione
808 352 1009 399 hujusmodi
1029 353 1066 388 in
1083 360 1161 389 toto
1180 355 1237 390 vel
1256 356 1291 390 in
1310 363 1408 403 parte
1427 371 1488 405 per
1506 360 1649 405 quinde—

156 410 222 445 cim
251 410 325 444 dies
348 408 443 444 ultra
472 408 625 455 aliquem
655 409 901 456 predifflmrum
927 411 1162 445 terminorum
1190 412 1412 459 conjunctim
1435 415 1492 449 vel
1518 416 1647 451 divisim

155 466 359 502 cefl'averint
378 485 386 493 ·
415 471 547 501 extunc
565 464 709 513 fingulis
728 466 852 501 diebus
870 467 998 514 quibus
1016 468 1132 503 fuerat
1151 469 1186 503 in
1205 469 1379 505 solutione
1398 471 1561 507 ceffatum
1580 475 1650 508 cni-

155 523 238 559 libet
250 523 514 571 capellanorum
526 523 773 570 predi&orum
786 523 843 559 sex
856 524 1021 559 denarios
1033 525 1303 573 esterlingorum
1316 527 1449 563 solvere
1464 534 1650 565 teneantur

154 581 297 617 nomine
314 593 406 629 pene
421 600 429 608 ·
448 581 493 615 ad
507 594 612 627 quam
628 593 757 628 penam
772 581 977 616 solvendam
991 582 1096 618 liceat
1110 583 1271 631 episcopo
1287 584 1500 620 moraviensi
1513 587 1571 632 qui
1587 600 1649 634 pro

155 645 314 687 tempore
340 638 448 673 suerit
473 638 531 673 vel
559 638 635 686 ejus
661 638 756 674 vices
782 639 820 674 in
846 639 1084 686 spiritualibus
1110 641 1277 688 gerenti·
1305 640 1372 676 five
1401 642 1479 678 sede
1505 650 1650 678 vacante

155 696 288 732 decano
306 701 342 731 et
359 696 515 744 capitulo
536 715 544 723 ·
563 695 653 743 ipsos
671 695 821 731 ballivos
839 709 903 744 per
922 697 1165 732 omnimodam
1191 698 1374 733 censuram
1393 699 1648 735 ecclesiasticam

153 754 340 789 cohercere
359 773 367 782 ·
387 759 422 789 et
439 752 464 788 fi
480 753 690 788 sententiam
708 752 936 801 suspensionis
962 754 1004 789 ab
1027 754 1181 802 ingressu
1208 754 1347 791 ecclefie
1375 769 1419 791 ex
1445 757 1545 792 causa
1572 771 1648 805 pre-

154 812 250 847 dicta
270 811 306 846 in
328 811 417 860 ipsos
439 811 623 846 fulminari
648 811 841 859 contigerit
860 831 868 839 ·
897 825 975 847 eam
994 825 1104 859 quum
1123 825 1187 860 per
1206 813 1290 848 o&o
1310 814 1383 848 dies
1400 813 1623 850 sustinuerint
1643 835 1650 842 ·

154 870 319 905 volumus
344 876 380 904 et
404 869 620 917 precipimus
647 882 713 917 pro
740 869 843 904 nobis
868 870 1058 905 heredibus
1082 875 1118 905 et
1142 870 1391 906 succefforibus
1414 871 1538 906 nostris
1555 873 1651 919 quod

154 927 196 963 ab
215 927 343 963 eisdem
361 927 523 974 exigatur
541 926 660 962 nostra
677 927 837 974 plenaria
854 927 1084 963 forissa&ura
1109 926 1225 963 ufibus
1250 928 1430 963 ἀίὅὶοτιιη]
1455 929 1651 977 capellano-

130 984 133 987 *
154 998 233 1020 rum
247 985 455 1033 applicanda
468 1003 476 1012 ·
495 983 622 1031 absque
636 984 693 1032 spe
706 984 856 1032 alicujus
870 983 1078 1020 remissionis
1089 991 1279 1033 antequam
1294 986 1519 1022 absolvantur
1533 1006 1541 1014 ·
1557 988 1651 1035 prin-

155 1043 257 1090 cipali
276 1042 448 1078 solutione
466 1042 718 1078 nichilominus
742 1042 965 1090 integraliter
991 1043 1152 1078 facienda
1171 1062 1179 1070 ·
1208 1043 1285 1078 Nos
1312 1044 1416 1079 etiam
1444 1044 1487 1079 de
1513 1044 1650 1092 speciali

155 1101 323 1136 consensu
350 1106 385 1136 et
411 1100 636 1136 ordinatione
661 1100 842 1135 dictorum
871 1100 1006 1135 domini
1026 1101 1189 1149 Episcopi
1207 1107 1243 1136 et
1261 1101 1404 1149 capituli
1423 1101 1650 1138 moraviensis

154 1158 319 1193 volumus
345 1163 380 1193 et
404 1158 609 1193 ordinamus
631 1170 696 1205 pro
723 1157 826 1193 nobis
852 1158 1041 1193 heredibus
1068 1164 1103 1194 et
1130 1158 1377 1194 successoribus
1403 1158 1527 1194 nostris
1553 1160 1649 1206 quod

154 1216 304 1264 preditffi
331 1216 486 1263 quinque
513 1215 687 1263 capellani
711 1216 749 1250 in
774 1216 897 1252 officiis
915 1216 1044 1251 divinis
1062 1217 1157 1251 hunc
1175 1217 1322 1251 modum
1341 1216 1519 1264 perpetuis
1538 1217 1650 1252 obser-

154 1280 239 1309 vent
267 1279 303 1309 et
330 1279 504 1321 cogantur
531 1273 717 1309 observare
743 1293 751 1301 ·
783 1279 824 1309 ut
850 1274 1017 1309 videlicet
1045 1274 1203 1309 habitum
1231 1274 1414 1310 honestum
1443 1274 1648 1309 consuetum

153 1337 297 1380 portent
314 1332 506 1380 sumptibus
523 1332 677 1380 propriis
696 1332 851 1380 ipsorum
871 1332 1136 1380 capellanorum
1156 1352 1164 1360 ·
1188 1338 1223 1367 et
1247 1337 1437 1368 teneantur
1461 1332 1648 1367 officiando

154 1390 313 1425 interesse
332 1390 369 1425 in
387 1390 497 1425 choro
517 1388 659 1426 ecclefie
678 1390 890 1425 cathedralis
913 1390 1097 1425 matutinis
1116 1409 1124 1417 ·
1152 1390 1264 1438 prime
1283 1409 1291 1417 ·
1321 1389 1445 1437 majori
1464 1389 1558 1425 misse
1577 1409 1585 1417 ·
1613 1396 1648 1425 et

154 1447 308 1494 utrisque
320 1447 471 1496 vesperis
490 1467 499 1475 ·
518 1447 605 1483 ficut
616 1448 767 1483 aliarum
787 1448 1062 1496 capellaniarum
1075 1447 1247 1495 capellani
1267 1467 1274 1475 ·
1291 1447 1505 1482 correctioni
1525 1447 1648 1482 decani

154 1509 189 1540 et
206 1505 348 1553 capituli
366 1505 581 1553 subjiciendo
598 1525 606 1533 ·
627 1511 662 1541 et
680 1506 777 1553 quod
795 1504 939 1553 singulis
958 1505 1081 1541 diebus
1104 1510 1176 1540 tam
1196 1504 1374 1540 ferialibus
1392 1517 1496 1551 quam
1521 1504 1648 1539 festivis

154 1575 276 1598 omnes
292 1563 445 1610 quinque
464 1564 637 1611 capellani
651 1564 806 1612 predififi
821 1563 935 1598 miffas
949 1563 986 1598 in
999 1563 1162 1611 predi&a
1178 1562 1312 1611 capella
1326 1562 1455 1597 cotidie
1469 1561 1647 1597 celebrent

153 1621 190 1655 in
208 1621 353 1656 modum
371 1621 430 1669 qui
448 1621 605 1669 sequitur
624 1641 632 1649 ·
652 1622 820 1657 videlicet
844 1621 941 1669 quod
960 1621 1108 1669 quilibet
1126 1621 1164 1656 in
1183 1620 1307 1656 ordine
1326 1620 1411 1655 vicis
1434 1619 1492 1654 sue
1517 1619 1647 1654 missam

152 1678 379 1727 principalem
395 1679 439 1715 de
459 1680 593 1715 Sancto
612 1679 755 1715 Thoma
774 1679 937 1728 episcopo
956 1685 991 1715 et
1010 1684 1165 1727 martyre
1184 1691 1263 1714 cum
1284 1683 1370 1713 nota
1389 1697 1397 1705 -
1416 1690 1522 1712 unam
1543 1677 1645 1712 etiam

154 1735 196 1771 de
214 1736 270 1771 die
284 1755 292 1764 ·
311 1736 415 1772 aliam
434 1737 478 1773 de
496 1737 600 1773 beata
618 1738 734 1774 maria
749 1737 902 1785 Virgine
917 1756 925 1765 ·
945 1742 1108 1784 quartam
1127 1749 1192 1784 pro
1211 1735 1389 1771 defunfifis
1407 1754 1416 1762 ·
1436 1740 1471 1770 et
1488 1736 1646 1782 quintam

153 1793 282 1829 miffam
300 1794 345 1830 de
364 1794 497 1830 Sanfito
510 1795 678 1832 Johanne
695 1794 851 1843 Baptista
868 1795 1034 1843 privatim
1053 1794 1213 1842 quolibet
1231 1794 1288 1829 die
1302 1812 1310 1820 ·
1326 1792 1485 1840 legitimo
1503 1792 1646 1840 impedi-

153 1856 272 1887 mento
290 1852 441 1888 ceffante
454 1872 462 1880 ·
478 1853 659 1889 celebrare
678 1858 870 1889 teneantur
882 1872 890 1880 ·
912 1852 1230 1899 Quotienscunque
1249 1851 1354 1886 etiam
1373 1849 1497 1897 aliquis
1514 1850 1646 1897 predic-

153 1914 269 1944 torum
292 1910 556 1958 capellanorum
582 1911 740 1959 quinque
765 1911 803 1945 in
829 1910 901 1945 fat-a
928 1910 1110 1945 decefferit
1136 1909 1194 1945 vel
1220 1908 1304 1944 alias
1327 1908 1408 1943 loco
1434 1907 1495 1942 suo
1522 1907 1646 1942 cedere

152 1966 304 2003 voluerit
320 1967 378 2004 vel
404 1969 448 2004 de
468 1968 552 2017 jure
570 1968 629 2005 seu
654 1982 718 2017 per
741 1968 950 2004 sententiam
970 1967 1063 2016 juste
1092 1967 1248 2015 privatus
1272 1966 1405 2001 fuerit·
1427 1965 1521 2000 facta
1546 1964 1646 1999 nobis

152 2024 423 2062 denunciatione
451 2039 515 2075 per
544 2027 746 2075 episcopum
767 2026 826 2062 vel
850 2025 926 2074 ejus
948 2026 1043 2060 vices
1066 2029 1253 2072 gerentem
1272 2044 1280 2052 ·
1307 2023 1365 2059 vel
1386 2036 1449 2071 per
1472 2022 1644 2057 decanum

152 2087 186 2118 et
198 2083 390 2131 capitulum
406 2084 486 2120 sede
496 2090 646 2121 vacante
659 2104 668 2112 ·
683 2084 829 2120 alterius
840 2083 921 2119 loco
934 2082 1039 2131 ipfius
1052 2082 1266 2130 subrogandi
1279 2081 1370 2116 infra
1384 2087 1522 2128 tempus
1535 2093 1556 2114 a
1562 2079 1644 2127 jure

150 2138 314 2176 statutum
339 2142 638 2189 presentationem
666 2142 768 2177 nobis
793 2147 829 2177 et
854 2140 1045 2177 heredibus
1069 2140 1194 2175 nostris
1212 2140 1249 2174 in
1267 2138 1419 2187 presenti
1436 2137 1643 2173 fundatione

150 2197 364 2234 reservamus
383 2218 391 2227 ·
421 2200 469 2235 Et
486 2213 532 2235 ne
551 2200 737 2247 contingat
756 2219 764 2226 ·
790 2199 885 2246 quod
904 2197 989 2233 abfit
1008 2217 1016 2225 ·
1042 2211 1107 2233 nos
1127 2197 1274 2233 heredes
1292 2195 1427 2231 nostros
1445 2194 1502 2230 vel
1519 2193 1644 2229 succes-

150 2253 240 2290 sores
264 2256 347 2292 huic
372 2256 488 2292 nostre
511 2257 568 2306 pie
592 2257 778 2293 donationi
803 2262 837 2291 et
862 2254 1074 2291 concessioni
1102 2256 1139 2290 in
1157 2255 1275 2302 aliquo
1301 2265 1480 2301 opponere
1506 2256 1642 2286 contra-

151 2311 264 2349 dicere
287 2314 344 2350 vel
371 2315 620 2352 contravenire
640 2335 648 2343 -
672 2315 840 2352 volumus
867 2319 903 2350 et
929 2313 1158 2349 concedimus
1182 2325 1247 2360 pro
1271 2311 1372 2346 nobis
1395 2308 1580 2345 heredibus
1606 2313 1640 2343 et
