1912 2660
94 493 166 530 292

588 191 903 228 REGISTRUM
931 191 1291 228 MORAVIENSE.
1604 199 1673 238 371

195 345 407 384 obedientia
425 345 560 380 domini
579 345 719 381 Decani
736 359 801 393 pro
819 346 852 381 se
871 350 906 381 et
924 347 1049 381 ceteris
1066 346 1243 381 canonicis
1262 365 1270 373 ·

195 460 240 495 In
263 459 335 494 Dei
360 459 506 495 nomine
532 472 636 495 amen
655 479 663 487 ·
692 460 761 495 Per
784 459 852 495 hoc
878 460 1018 507 presens
1043 456 1224 507 publicum
1246 460 1515 497 instrumentum
1540 464 1677 499 cunetis

192 522 311 566 pateat
336 517 522 552 evidenter
548 517 644 564 quod
670 530 765 552 anno
791 517 1044 552 incarnationis
1062 517 1252 552 Dominice
1271 517 1451 553 millesimo
1474 520 1679 566 quingente-

191 573 276 609 fimo
294 573 456 609 vicesimo
474 574 599 621 quinto
619 593 627 602 ·
650 573 774 610 mensis
792 587 878 609 vero
897 573 1068 609 octobris
1086 575 1142 609 die
1160 573 1320 609 vicesima
1337 588 1433 610 nona
1451 595 1459 603 ·
1483 576 1677 612 indictione

192 631 328 667 decima
341 636 466 678 quarta
479 651 486 659 ·
503 631 728 679 pontificatus
746 630 944 667 samffissimi
964 632 1000 666 in
1019 631 1157 666 Christo
1171 631 1279 679 patris
1293 638 1328 667 et
1347 632 1481 667 domini
1494 632 1601 667 nostri
1619 633 1678 668 do-

192 689 279 724 mini
292 689 489 725 Clementis
503 689 622 724 divina
634 689 863 736 providencia
877 701 965 736 pape
977 688 1111 736 septimi
1123 701 1217 723 anno
1228 689 1381 724 secundo
1394 709 1401 716 -
1417 690 1454 724 in
1468 690 1537 724 mei
1550 691 1678 725 notarii

190 746 323 792 publici
350 751 385 781 et
411 746 547 781 testium
576 746 847 794 subscriptorum
870 746 1044 793 presentia
1063 746 1293 793 personaliter
1310 746 1518 782 constitutus
1535 760 1679 782 venera-

190 803 268 838 bilis
297 809 332 839 et
361 804 525 851 egregius
550 804 606 838 vir
632 803 794 851 magister
821 803 1030 839 Alexander
1057 803 1210 838 Dunbar
1236 804 1390 839 decanus
1408 803 1546 839 ecclesie
1564 805 1679 840 cathe-

191 860 297 895 dralis
316 859 545 897 moraviensis
565 880 572 888 ·
604 874 667 908 per
695 861 931 896 reverendum
960 861 996 895 in
1021 860 1159 896 Christo
1187 865 1323 908 patrem
1347 866 1382 896 et
1404 861 1587 895 dominum
1605 862 1680 896 nos-

191 923 286 953 trum
305 918 490 953 dominum
513 918 712 953 Robertum
732 918 953 953 miseratione
973 918 1092 953 divina
1115 918 1372 953 moraviensem
1397 918 1595 966 episcopum
1623 919 1680 954 de-

190 975 263 1010 bite
288 974 471 1022 requisitus
491 995 499 1003 ·
526 976 570 1010 ad
588 975 798 1023 presentiam
817 975 969 1022 ejusdem
989 976 1025 1009 in
1044 975 1123 1010 loco
1143 975 1327 1022 capitulari
1345 974 1484 1010 ecclesie
1502 976 1681 1011 cathedra-

190 1032 232 1067 lis
250 1033 410 1080 predicte
432 1033 582 1068 sedentis
606 1033 835 1080 personaliter
861 1031 997 1067 accessit
1020 1037 1056 1067 et
1081 1032 1211 1067 ibidem
1239 1033 1445 1068 fidelitatem
1464 1038 1499 1068 et
1517 1033 1681 1068 obedien-

192 1090 276 1125 tiam
305 1103 370 1137 pro
398 1090 431 1125 se
460 1095 495 1125 et
524 1090 667 1137 reliquis
694 1090 873 1125 canonicis
899 1090 1054 1137 ejusdem
1081 1088 1221 1125 ecclesie
1249 1090 1346 1125 dieto
1368 1091 1565 1125 reverendo
1589 1091 1680 1138 patri

192 1160 233 1182 ea
264 1160 333 1194 qua
361 1147 480 1182 decuit
506 1147 707 1183 reverentia
736 1145 892 1194 promisit
916 1147 1232 1194 juramentumque
1259 1147 1406 1194 desuper
1436 1148 1539 1182 tadffis
1569 1148 1681 1184 sacro-

192 1204 319 1239 sanftis
350 1204 422 1239 Dei
452 1204 644 1251 evangeliis
674 1203 822 1252 prestitit
852 1204 1030 1252 solempne
1061 1204 1343 1250 subsequentium
1373 1204 1560 1240 verborum
1593 1205 1679 1241 serie

191 1262 248 1296 vel
276 1262 396 1296 saltem
425 1260 592 1296 similibus
618 1261 734 1297 verbis
763 1261 799 1295 in
829 1261 957 1297 effectu
976 1280 984 1288 ·
1013 1261 1091 1308 Ego
1117 1261 1324 1296 Alexander
1350 1261 1503 1296 Dunbar
1526 1262 1680 1297 decanus

191 1319 332 1354 ecclesie
351 1319 561 1354 cathedralis
579 1317 808 1355 moraviensis
819 1332 884 1366 pro
899 1331 954 1353 me
969 1323 1003 1353 et
1017 1318 1160 1365 reliquis
1174 1318 1350 1353 canonicis
1368 1318 1521 1365 ejusdem
1540 1318 1679 1355 ecclesie

192 1389 253 1411 ero
272 1367 370 1411 vobis
397 1376 594 1411 reverendo
613 1376 650 1410 in
670 1374 808 1412 Christo
827 1376 918 1423 patri
936 1381 971 1410 et
990 1376 1134 1411 domino
1155 1376 1315 1411 Roberto
1334 1376 1406 1411 Dei
1433 1381 1468 1411 et
1495 1376 1680 1424 apostolice

191 1433 278 1468 sedis
296 1434 410 1480 gratia
428 1432 640 1469 moraviensi
659 1434 819 1481 episcopo
838 1438 873 1468 et
890 1432 1010 1468 vestris
1027 1433 1273 1468 successoribus
1295 1432 1571 1469 OEoravienfibus
1597 1434 1680 1482 epis-

192 1490 289 1538 copis
307 1491 478 1526 canonice
496 1491 709 1525 intrantibus
732 1491 846 1526 fidelis
873 1496 907 1525 et
931 1490 1098 1525 obediens
1117 1509 1125 1517 ·
1147 1489 1191 1525 fic
1209 1503 1265 1525 ine
1283 1490 1385 1525 Deus
1402 1491 1545 1538 adjuvet
1564 1496 1599 1526 et
1616 1504 1679 1539 per

191 1549 257 1584 hec
281 1548 376 1584 sacra
394 1548 465 1583 Dei
488 1548 684 1595 ewangelia
703 1567 710 1575 -
740 1548 859 1590 Quam
886 1547 1122 1582 obedientiam
1145 1553 1180 1582 et
1198 1547 1402 1582 fidelitatem
1420 1546 1464 1582 sic
1481 1553 1522 1583 ut
1539 1549 1681 1595 premit-

192 1606 280 1641 titur
306 1619 368 1653 per
392 1605 569 1653 prefatum
588 1606 773 1641 dominum
794 1605 983 1640 Decanum
1002 1604 1062 1639 sub
1080 1605 1194 1640 forma
1206 1604 1402 1652 juramenti
1419 1605 1596 1652 prenotati
1614 1606 1681 1640 fac-

191 1668 263 1698 tam
291 1663 385 1698 idem
412 1663 630 1698 reverendus
656 1668 756 1710 pater
781 1667 822 1697 ut
849 1662 967 1697 decuit
995 1662 1127 1709 recepit
1152 1660 1223 1697 fine
1250 1661 1426 1696 obstaculo
1454 1662 1512 1696 seu
1534 1662 1680 1710 impedi-

191 1725 314 1756 mento
340 1732 553 1767 quocunque
572 1739 580 1747 ·
609 1720 722 1767 Super
748 1719 874 1767 quibus
897 1719 1058 1754 omnibus
1077 1724 1112 1754 et
1129 1717 1271 1766 singulis
1289 1719 1406 1754 dictus
1424 1719 1589 1754 dominus
1608 1720 1680 1755 De-

192 1790 302 1813 canus
330 1790 350 1812 a
378 1790 434 1812 me
462 1777 602 1812 notario
629 1777 770 1825 publico
798 1777 986 1824 subscripto
1013 1775 1073 1811 fibi
1098 1789 1211 1812 unum
1228 1776 1286 1812 vel
1304 1776 1406 1824 plura
1423 1776 1602 1824 publicum
1621 1778 1680 1813 seu

192 1835 333 1883 publica
352 1834 623 1869 instrumentum
647 1835 706 1869 seu
724 1834 955 1869 instrumenta
978 1834 1055 1869 fieri
1072 1833 1174 1881 petiit
1193 1852 1201 1860 ·
1230 1832 1327 1868 Αὸὶθ,
1345 1839 1446 1868 erant
1463 1834 1527 1869 hec
1545 1834 1581 1869 in
1599 1835 1678 1870 loco

194 1892 378 1940 capitulari
407 1891 620 1928 moraviensi
645 1891 808 1939 predifiw
835 1892 958 1926 horam
986 1891 1078 1926 circa
1104 1890 1276 1926 decimam
1300 1895 1382 1926 ante
1410 1891 1590 1926 meridiem
1619 1892 1680 1927 sub

194 1962 288 1985 anno
308 1969 316 1977 ·
341 1949 398 1984 die
418 1968 426 1976 ·
453 1949 570 1984 mense
590 1968 598 1976 ·
626 1949 822 1984 indififione
854 1954 889 1984 et
916 1948 1125 1996 pontificatu
1152 1947 1277 1995 quibus
1307 1947 1409 1995 supra
1427 1967 1435 1975 ·
1464 1948 1680 1996 presentibus

192 2006 323 2042 ibidem
351 2006 609 2042 venerabilibus
635 2011 671 2041 et
698 2006 853 2041 discretis
871 2006 954 2041 viris
978 2005 1130 2040 dominis
1151 2011 1187 2040 et
1210 2004 1381 2052 magistris
1399 2005 1560 2041 Roberto
1580 2006 1680 2043 Rede

192 2064 391 2100 subdecano
416 2062 629 2100 moraviensi
648 2083 656 2091 ·
685 2063 894 2099 Alexandro
914 2063 1130 2098 Sutherland
1149 2082 1157 2090 ·
1186 2062 1363 2098 Beroaldo
1383 2062 1485 2111 Lessy
1502 2065 1678 2099 canonicis

195 2120 334 2157 ecclesie
353 2121 563 2157 cathedralis
581 2121 741 2168 predi&e
761 2140 769 2149 ·
795 2120 965 2168 magistris
983 2119 1153 2167 Georgeo
1173 2119 1312 2155 Froster
1330 2139 1339 2147 ·
1359 2120 1500 2155 Thoma
1517 2120 1679 2156 Gaderar

195 2179 341 2214 notariis
359 2179 507 2227 publicis
526 2197 534 2205 ·
563 2178 720 2226 dompno
741 2178 902 2214 Roberto
922 2177 1099 2213 Mortoun
1118 2177 1292 2212 monacho
1312 2178 1355 2212 de
1375 2177 1508 2213 Passeto
1528 2197 1535 2205 ·
1560 2178 1680 2225 magis-

195 2241 252 2271 tro
280 2236 433 2272 Patricio
462 2235 595 2271 mee
617 2242 652 2271 et
672 2235 851 2272 Willelmo
874 2235 1027 2271 Dunbar
1053 2235 1230 2283 armigero
1249 2254 1258 2262 ·
1286 2234 1427 2270 testibus
1452 2235 1496 2270 ad
1521 2235 1679 2282 premissa

196 2294 329 2329 vocatis
346 2294 478 2342 pariter
497 2298 532 2329 et
550 2293 682 2341 rogatis
701 2313 709 2321 ·
