2060 2660
72 1259 140 1291 154

578 179 894 218 REGISTRUM
921 183 1281 224 MORAVIENSE.
1597 199 1662 236 171

178 277 345 326 spoliatus
358 282 531 324 quantum
545 277 583 312 in
600 278 760 325 proceffu
772 279 886 315 vestro
903 280 972 316 fuit
989 300 998 309 ·
1018 286 1053 317 et
1058 281 1259 329 jurisdifitio
1278 285 1500 324 ecclefiastica
1513 292 1667 337 graviter

178 333 218 371 fit
235 334 304 370 lesa
321 353 330 362 ·
355 334 399 370 de
416 335 623 382 gravamine
642 354 650 362 ·
670 334 800 371 lefione
818 342 854 372 et
872 337 1001 372 offensa
1023 338 1142 374 taliter
1164 339 1327 387 irrogatis
1343 343 1458 379 velitis
1482 348 1665 383 emendam

177 393 292 428 facere
310 396 572 439 competentem
592 411 600 420 ·
620 392 779 440 alioquin
796 393 1006 430 sententiam
1025 397 1403 434 excommunicationis
1420 413 1524 447 quam
1542 403 1668 451 infligit

176 449 246 486 fine
264 449 417 484 hominis
435 448 627 485 ministerio
647 449 700 484 ·P·
720 449 763 485 C·
783 464 894 497 quum
918 457 960 487 ut
985 452 1224 488 intelleximus
1251 454 1295 489 de
1321 454 1508 492 imminuta
1531 459 1667 496 ecclefie

175 506 337 542 libertate
354 506 391 541 vi
409 506 544 542 debetis
557 512 598 542 ut
612 507 714 542 nobis
727 508 871 543 videtur
885 521 960 544 non
973 509 1152 545 immerito
1167 510 1358 547 formidare
1374 531 1382 540 ·
1410 512 1527 549 Affls
1539 515 1669 552 vestros

174 564 212 599 in
228 564 324 599 bono
342 563 491 599 stabiliat
508 563 644 599 summa
662 564 823 600 Trinitas
841 565 943 601 Deus
961 579 1054 602 unus
1069 586 1077 594 ·
1106 567 1285 615 Scriptum
1307 568 1344 603 in
1365 569 1513 606 craffino
1541 571 1668 609 San&oe

174 621 286 657 Luoie
304 621 465 669 Virginis
482 621 520 656 in
538 622 695 669 capitulo
713 621 833 657 nostro
851 636 947 658 anno
965 623 1118 659 Domini
1137 625 1317 661 ·m·ccc·lx·
1336 639 1434 662 nono
1453 646 1461 655 ·

172 679 332 716 Nomina
349 692 474 714 eorum
493 679 553 726 qui
571 679 718 714 fuerunt
736 679 773 714 in
792 678 888 715 affisa
906 700 914 708 ·
934 681 1131 716 Nicholaus
1149 681 1193 717 de
1207 682 1450 718 Suthirlandia
1463 703 1471 711 ·
1492 683 1669 721 Walterus

173 737 302 785 Byseth
321 756 329 764 ·
364 736 546 772 Robertus
564 736 608 772 de
628 736 739 772 Innes
765 756 773 764 ·
802 737 986 774 Johannes
1011 738 1054 773 de
1080 738 1218 787 Doleys
1237 759 1245 767 ·
1273 740 1456 776 Johannes
1475 741 1518 776 de
1537 742 1667 779 Sancto

174 794 281 831 Claro
301 794 345 830 de
364 794 475 830 Fores
503 813 511 822 ·
542 794 727 831 Johannes
745 794 789 830 de
808 794 925 831 Uruel
947 815 956 823 ·
989 795 1191 832 Willelmus
1210 796 1338 844 Soreys
1362 817 1370 825 ·
1401 797 1520 833 Adam
1541 799 1639 848 Popp
1659 820 1666 828 ·

172 852 372 888 Willelmus
391 851 541 887 Abbatis
560 871 568 880 ·
585 850 740 888 malifius
759 852 924 888 Gerland
940 872 948 881 ·
969 853 1128 889 Th0mas
1145 854 1239 889 filius
1258 854 1429 890 Willelmi
1442 874 1451 883 ·
1471 855 1668 892 Willelmus

172 911 216 946 de
232 910 402 946 Anandia
421 929 429 938 ·
450 909 631 946 Robertus
649 909 765 958 (Dykil
784 929 792 938 ·
814 909 935 946 Adam
954 911 997 947 de
1017 911 1173 947 Pilmore
1193 931 1201 940 ·
1223 911 1405 948 Robertus
1424 912 1523 961 Popp
1546 933 1555 941 ·
1583 914 1667 949 Wil-

170 968 298 1004 lelmus
318 968 446 1016 Byseth
466 987 474 996 ·

171 1141 355 1177 Protectio
373 1141 465 1177 infra
482 1147 599 1190 partes
618 1141 662 1177 de
681 1141 882 1190 Strathspee
901 1147 936 1177 et
954 1141 998 1177 de
1015 1141 1208 1178 Badenach
1227 1161 1235 1170 -

169 1254 349 1292 Univerfis
367 1255 545 1303 presentes
559 1255 678 1291 literas
695 1255 905 1304 inspefituris
924 1255 1134 1291 Alexander
1153 1256 1339 1292 Senescalli
1357 1257 1502 1293 salutem
1518 1277 1526 1286 ·
1546 1258 1665 1295 Nove-

167 1313 214 1348 rit
235 1311 442 1348 universitas
459 1312 573 1348 vestra
590 1326 656 1349 nos
673 1313 827 1349 fideliter
844 1312 1032 1361 promififl'e
1051 1318 1087 1349 et
1103 1313 1173 1349 fide
1190 1313 1331 1361 prestita
1348 1315 1524 1363 corporali
1542 1329 1664 1352 manu-

166 1370 290 1418 cepifl'e
318 1370 415 1417 quod
444 1371 576 1406 erimus
602 1371 789 1418 protefitor
815 1376 851 1406 et
878 1370 1040 1406 defensor
1066 1371 1251 1406 hominum
1276 1377 1311 1407 et
1333 1377 1509 1407 terrarum
1529 1373 1663 1409 domini

167 1427 367 1463 Alexandri
393 1427 544 1476 episcopi
565 1427 796 1465 moraviensis
822 1428 990 1477 precipue
1016 1428 1108 1463 infra
1133 1434 1250 1476 partes
1277 1429 1320 1464 de
1347 1429 1545 1478 Strathspee
1563 1436 1598 1466 et
1617 1431 1660 1466 de

165 1484 353 1521 Badenach
374 1490 410 1521 et
428 1485 508 1520 illos
525 1485 724 1521 fovebimus
741 1486 826 1521 totis
843 1486 979 1522 viribus
996 1485 1082 1521 ficut
1099 1485 1235 1521 nostros
1252 1486 1415 1534 proprios
1435 1506 1442 1514 -
1463 1492 1498 1522 et
1515 1487 1661 1535 injurias

165 1542 223 1578 seu
249 1543 403 1591 dampna
427 1542 452 1578 fi
476 1556 563 1591 quas
580 1543 638 1579 vel
658 1543 683 1578 fi
705 1557 774 1591 que
797 1544 989 1592 contigerit
1015 1544 1113 1591 quod
1136 1542 1220 1579 abfit
1241 1544 1363 1579 inferri
1381 1543 1488 1591 usque
1510 1545 1555 1580 ad
1579 1558 1660 1580 con-

164 1600 308 1647 dignam
334 1601 520 1636 emendam
549 1601 784 1637 effefi'tualiter
805 1601 1059 1649 prosequemur
1079 1621 1087 1629 ·
1107 1606 1142 1637 et
1160 1601 1322 1637 homines
1339 1601 1418 1636 suos
1440 1601 1484 1637 ad
1508 1602 1660 1649 aliquam

164 1658 298 1694 curiam
325 1657 394 1694 five
417 1658 594 1707 judicium
624 1672 699 1694 non
726 1659 909 1695 trahemus
935 1672 1002 1695 nec
1033 1659 1078 1694 ad
1108 1659 1386 1706 comparendum
1415 1671 1534 1694 coram
1560 1659 1660 1695 nobis

165 1715 364 1763 aliqualiter
382 1716 637 1764 compellemus
665 1736 674 1744 ·
705 1729 772 1752 nec
790 1717 833 1752 ab
852 1717 902 1752 eis
919 1716 1037 1764 aliqua
1053 1716 1219 1765 pelliagia
1236 1729 1302 1751 nec
1320 1716 1543 1763 quascunque
1561 1729 1659 1752 exac-

163 1773 277 1809 tiones
295 1772 364 1810 five
381 1774 478 1810 bladi
495 1773 564 1810 five
583 1774 734 1822 pecunie
747 1774 805 1810 vel
825 1779 1021 1810 martarum
1036 1774 1079 1810 ab
1098 1774 1147 1810 eis
1162 1774 1344 1821 exigemus
1357 1773 1414 1809 vel
1432 1773 1542 1809 levari
1558 1774 1658 1810 facie-

125 1843 128 1845 ·
164 1844 242 1867 mus
259 1832 584 1879 quomodocunque
603 1851 611 1860 ·
636 1845 703 1868 nec
721 1832 812 1878 ipsos
831 1832 874 1867 ad
893 1832 1048 1879 aliquem
1067 1832 1262 1867 exercitum
1282 1831 1452 1866 ducemus
1471 1850 1479 1858 ·
1508 1843 1574 1866 nec
1598 1831 1658 1866 ali-

161 1902 230 1937 qua
247 1889 315 1924 alia
331 1890 540 1937 gravamina
557 1903 770 1937 quecunque
784 1902 847 1937 per
861 1902 926 1924 nos
940 1889 996 1925 vel
1011 1902 1075 1937 per
1088 1888 1225 1925 nostros
1242 1888 1435 1924 inferemus
1452 1900 1518 1923 nec
1536 1888 1656 1924 inferri

162 1947 408 1995 permittemus
427 1966 435 1974 ·
456 1952 491 1983 et
508 1948 577 1982 hoc
594 1953 720 1983 tenore
739 1946 956 1995 presentium
975 1946 1140 1982 omnibus
1157 1946 1381 1981 notificamus
1400 1964 1408 1972 ·
1427 1944 1656 1993 supplicantes

161 2004 325 2039 omnibus
343 2005 464 2040 amicis
482 2004 608 2040 nostris
630 2004 862 2051 omnibusque
885 2003 1089 2040 hominibus
1112 2003 1239 2039 nostris
1262 2002 1495 2051 precipientes
1511 2007 1553 2038 ut
1570 2003 1656 2038 dieti

163 2060 326 2109 Episcopi
342 2062 506 2098 homines
524 2067 560 2097 et
577 2067 690 2098 terras
709 2062 807 2097 omni
824 2061 946 2097 favore
964 2061 1077 2096 velint
1094 2065 1328 2096 manutenere
1347 2078 1355 2087 ·
1384 2059 1505 2095 fovere
1523 2064 1558 2095 et
1575 2073 1654 2107 pro-

160 2118 254 2166 sequi
271 2117 357 2154 ficut
374 2119 511 2154 nostros
539 2139 547 2147 ·
577 2119 621 2154 In
640 2118 741 2167 cujus
758 2118 810 2154 rei
832 2117 1071 2154 testimonium
1095 2118 1178 2165 quia
1200 2116 1351 2165 figillum
1373 2116 1555 2165 proprium
1579 2129 1651 2152 non

159 2175 345 2212 habuimus
372 2175 523 2224 sigillum
550 2176 687 2212 domini
712 2176 821 2223 patris
847 2174 956 2211 nostri
982 2175 1201 2223 presentibus
1227 2174 1358 2222 apponi
1387 2173 1650 2221 procuravimus

160 2233 255 2280 apud
273 2233 446 2269 Ruthven
465 2234 522 2269 die
539 2232 710 2270 mercurii
732 2233 770 2267 in
787 2232 909 2280 vigilia
934 2232 1175 2281 assumptionis
1200 2231 1302 2267 beate
1328 2230 1440 2267 marie
1464 2229 1620 2276 Virginis
1638 2247 1647 2255 ·

160 2302 254 2325 anno
272 2290 423 2326 Domini
440 2289 624 2327 millefimo
644 2293 740 2326 ·ccc⁰·
759 2288 1010 2338 septuagesimo
1025 2308 1034 2317 ·
