2060 2660
42 1044 112 1076 ⁶215

532 190 846 227 REGISTRUM
874 191 1234 228 MORAVIENSE.
1554 202 1622 239 277

143 292 303 328 Roberto
321 290 437 338 Nigro
456 309 464 317 ·
487 279 646 337 Hugone
667 289 790 325 Heroc
806 288 970 336 burgensi
988 289 1032 324 de
1050 289 1168 337 Elgyn
1186 295 1221 325 et
1238 291 1313 326 aliis
1332 309 1340 318 ·
1369 291 1504 328 Actum
1532 308 1625 330 anno

140 353 254 398 gratie
272 346 453 384 millesimo
473 347 762 382 ·ccc¹¹¹⁰-xl'¹¹⁰·viii·
779 346 1045 394 [·‹o·cc·xlviii·]
1060 346 1173 394 pridie
1190 360 1301 382 nonas
1316 348 1496 385 Februarii
1511 370 1519 379 ·
1549 352 1626 399 Ego

142 407 275 455 Symon
303 405 483 453 episcopus
507 404 681 440 subscribo
701 424 709 432 ·
743 404 821 451 Ego
850 403 1090 439 Archibaldus
1118 404 1272 439 decanus
1300 406 1527 442 moraviensis
1554 409 1627 444 sub-

140 463 250 499 scribo
270 482 279 490 ·
307 462 386 510 Ego
406 462 607 497 Willelmus
631 461 900 497 archidiaconus
917 459 1147 497 moraviensis
1173 460 1345 497 subscribo
1365 482 1373 490 -
1402 463 1479 510 Ego
1497 464 1628 500 Johan-

140 534 203 557 nes
227 525 418 569 precentor
444 518 675 556 moraviensis
700 518 874 554 subscribo
893 538 902 546 ·
931 518 1010 565 Ego
1030 517 1196 553 Andreas
1222 519 1451 554 cancellarius
1478 523 1630 557 moravi-

141 577 227 614 ensis
254 577 427 613 subscribo
449 597 457 605 ·
486 577 565 624 Ego
595 576 775 612 Robertus
802 575 1038 611 thesaurarius
1065 574 1295 612 moraviensis
1322 576 1494 612 subscribo
1514 597 1522 605 ·
1551 578 1628 626 Ego

141 635 341 671 Willelmus
376 634 592 670 subdecanus
624 631 853 670 moraviensis
887 632 1060 668 subscribo
1080 652 1088 660 ·
1125 633 1204 680 Ego
1234 632 1417 669 Johannes
1447 634 1629 671 succentor

141 691 370 729 moraviensis
393 691 567 727 subscribo
587 711 595 719 ·
624 690 703 738 Ego
722 690 924 726 Willelmus
942 690 986 725 de
1005 690 1095 725 Dun
1112 690 1304 725 canonicus
1324 690 1496 726 subscribo
1516 712 1524 720 ·
1553 692 1631 740 Ego

140 750 341 786 Willelmus
360 750 403 786 de
423 749 594 798 Dychton
613 748 805 784 canonicus
822 746 996 783 subscribo
1015 766 1024 775 ·

142 922 321 958 Fundatio
339 922 614 970 capellaniarum
634 921 736 970 super
754 927 850 957 terra
868 920 912 955 de
931 920 1025 957 Clon
1045 939 1053 948 ·

142 1036 320 1073 Omnibus
339 1036 468 1072 Christi
486 1036 648 1072 fidelibus
672 1036 813 1084 presens
835 1036 1000 1084 scriptum
1019 1035 1143 1070 visuris
1166 1035 1223 1070 vel
1245 1035 1419 1071 audituris
1437 1036 1467 1072 F
1468 1050 1572 1084 ergus
1591 1037 1633 1073 de

143 1094 339 1129 Ardrofl'en
366 1094 467 1129 miles
495 1094 641 1129 salutem
670 1094 707 1128 in
737 1093 897 1129 Domino
918 1113 926 1121 ·
955 1093 1139 1128 Noveritis
1166 1091 1319 1128 universi
1346 1106 1403 1129 me
1431 1107 1495 1141 pro
1526 1094 1635 1130 salute

143 1152 260 1187 anime
289 1164 366 1186 mee
395 1157 431 1186 et
458 1151 652 1199 specialiter
678 1164 743 1198 pro
770 1150 880 1185 salute
903 1150 1020 1185 anime
1041 1150 1221 1197 quondam
1240 1149 1391 1185 Friskini
1413 1151 1456 1186 de
1475 1152 1636 1188 moravia

144 1209 278 1244 domini
299 1208 369 1244 mei
387 1208 523 1243 domini
542 1208 586 1243 de
605 1208 736 1243 Duffus
755 1227 763 1235 ·
791 1212 826 1243 et
844 1220 909 1255 pro
927 1207 1036 1242 salute
1055 1207 1214 1242 omnium
1239 1208 1492 1243 antecessorum
1512 1214 1546 1244 et
1565 1209 1636 1245 suc·

143 1267 313 1302 celsorum
345 1279 506 1301 meorum
534 1265 663 1301 dedisse
690 1270 726 1300 et
753 1263 949 1300 concessisse
977 1269 1013 1299 et
1040 1264 1105 1299 hac
1133 1269 1230 1299 carta
1255 1277 1334 1300 mea
1359 1266 1577 1302 confirmasse
1598 1268 1635 1302 in

143 1337 267 1371 puram
288 1329 323 1359 et
340 1329 548 1371 perpetuam
568 1321 791 1358 elemosinam
811 1322 893 1357 Deo
912 1327 948 1357 et
966 1320 1107 1357 ecclesie
1125 1321 1338 1358 moraviensi
1356 1328 1391 1357 et
1407 1323 1634 1360 Archebaldo

144 1381 305 1429 episcopo
324 1386 360 1416 et
378 1380 542 1415 omnibus
560 1380 728 1429 episcopis
753 1378 1032 1416 moraviensibus
1058 1377 1118 1414 fibi
1143 1379 1343 1414 successuris
1366 1385 1477 1415 totam
1504 1387 1634 1418 terram

144 1451 256 1474 meam
278 1438 322 1474 de
346 1438 421 1473 Ros
444 1437 574 1473 scilicet
592 1438 679 1473 duas
697 1437 843 1472 dauatas
864 1437 908 1472 de
927 1436 1021 1472 Clon
1039 1449 1144 1483 quam
1166 1436 1265 1472 tenui
1288 1437 1331 1472 de
1357 1437 1451 1473 dicto
1474 1438 1634 1475 Friskino

143 1496 186 1530 ad
216 1495 500 1531 sustentationem
527 1495 681 1531 duorum
709 1494 975 1542 capellanorum
1002 1494 1038 1528 in
1066 1492 1207 1529 ecclesia
1232 1494 1425 1530 cathedrali
1450 1496 1493 1531 de
1519 1497 1636 1546 Elgyn

143 1566 209 1600 pro
233 1552 417 1588 animabus
442 1553 602 1588 omnium
629 1552 789 1587 fidelium
817 1552 1067 1587 defunctorum
1093 1556 1266 1599 perpetuo
1287 1551 1607 1591 ministraturorum
1627 1576 1635 1583 ·

137 1610 244 1658 juxta
270 1609 526 1658 dispositionem
555 1616 590 1645 et
615 1610 877 1645 ordinationem
900 1609 984 1644 dicti
1004 1608 1166 1656 Episcopi
1184 1614 1220 1643 et
1237 1608 1467 1645 successorum
1494 1611 1635 1648 suorum

143 1667 336 1703 tenendam
361 1672 397 1702 et
420 1667 618 1702 habendam
638 1666 696 1701 fibi
716 1672 751 1702 et
770 1665 910 1702 ecclesie
928 1666 987 1701 sue
1007 1666 1043 1701 in
1061 1671 1272 1714 perpetuum
1290 1666 1335 1701 ad
1353 1666 1636 1706 sustentationem

145 1724 238 1760 dicte
258 1723 445 1760 elemosine
462 1738 525 1773 per
544 1730 657 1760 rectas
672 1724 796 1759 divisas
815 1729 850 1759 et
868 1737 948 1759 cum
964 1723 1128 1759 omnibus
1145 1724 1368 1771 pertinentiis
1381 1724 1448 1760 suis
1462 1726 1499 1761 in
1512 1726 1615 1763 bosco
1628 1748 1635 1756 ·

145 1782 182 1817 in
199 1781 307 1828 plano
327 1801 335 1810 ·
361 1782 397 1817 in
416 1782 525 1830 pratis
544 1801 551 1809 ·
578 1782 614 1817 in
633 1782 767 1830 pascuis
785 1801 793 1809 ·
819 1781 856 1816 in
875 1781 983 1816 moris
1002 1787 1037 1817 et
1055 1779 1206 1816 marasiis
1221 1799 1230 1808 ·
1255 1781 1291 1815 in
1310 1780 1464 1829 stangnis
1482 1802 1491 1811 ·
1510 1786 1608 1831 aquis
1627 1806 1635 1813 ·

128 1839 359 1875 'molendinis
386 1845 422 1875 et
446 1839 598 1887 piscariis
618 1859 626 1867 ·
654 1840 691 1874 in
717 1839 799 1874 feris
826 1844 862 1874 et
887 1838 1010 1874 avibus
1034 1843 1070 1873 et
1092 1838 1256 1873 omnibus
1273 1838 1349 1873 aliis
1367 1840 1637 1878 rectitudinibus

146 1896 365 1945 aysiamentis
395 1902 431 1932 et
458 1897 678 1932 libertatibus
705 1897 750 1931 ad
779 1896 909 1931 dictam
939 1901 1069 1931 terram
1099 1895 1359 1943 pertinentibus
1384 1897 1473 1933 adeo
1500 1898 1608 1936 libere
1628 1921 1635 1928 ·

145 1954 263 2002 quiete
278 1974 286 1982 ·
305 1954 463 2003 plenarie
482 1960 517 1990 et
535 1954 731 1990 honorifice
749 1952 835 1989 sicut
853 1959 951 1989 carta
969 1953 1053 1988 dicti
1072 1952 1223 1988 Frilkini
1241 1953 1376 1988 domini
1395 1955 1464 1990 mei
1484 1956 1568 1991 mihi
1586 1958 1637 1993 su-

145 2025 208 2060 per
226 2012 295 2047 hoc
310 2012 439 2048 collata
456 2012 595 2060 plenius
613 2011 759 2048 testatur
774 2030 783 2039 ·
802 2010 896 2046 salvo
914 2010 1086 2045 forinseco
1105 2010 1245 2045 servitio
1260 2011 1394 2046 domini
1408 2011 1517 2060 Regis
1530 2027 1637 2061 quan-

145 2075 222 2105 tum
242 2069 287 2104 ad
307 2069 437 2104 dictam
456 2075 586 2104 terram
605 2069 761 2117 pertinet
774 2087 783 2096 ·
802 2068 895 2103 salva
913 2068 1019 2103 etiam
1033 2073 1161 2103 tenura
1179 2068 1322 2103 domine
1337 2068 1499 2105 Eufamie
1517 2072 1637 2107 matris

148 2127 232 2162 dicti
247 2127 277 2162 F
278 2126 398 2162 riskini
416 2127 453 2161 in
471 2132 547 2162 tota
563 2127 636 2162 vita
654 2126 713 2161 sua
726 2145 735 2153 ·
755 2131 791 2161 et
808 2125 875 2161 hoc
894 2130 1042 2173 excepto
1060 2125 1157 2172 quod
1175 2138 1242 2172 ego
1261 2130 1296 2161 et
1313 2125 1460 2162 heredes
1478 2129 1546 2163 mei
1565 2142 1636 2164 non

147 2190 332 2219 teneamur
347 2184 476 2219 dictam
491 2190 622 2219 terram
638 2184 730 2219 dicte
745 2181 885 2218 ecclesie
898 2183 1131 2218 warantizare
1143 2202 1151 2210 ·
1171 2182 1333 2218 Testibus
1344 2182 1489 2219 domino
1502 2185 1636 2221 Arche-

148 2241 253 2276 baldo
270 2242 520 2278 archidiacono
535 2262 543 2269 -
564 2241 726 2289 magistro
743 2241 889 2288 Rogero
908 2240 1112 2276 succentore
1130 2239 1342 2277 moraviensi
1356 2259 1364 2267 ·
1384 2240 1528 2277 domino
1545 2242 1636 2278 wal-
