<?xml version="1.0" encoding="UTF-8"?>
<!DOCTYPE html PUBLIC "-//W3C//DTD XHTML 1.0 Transitional//EN"
    "http://www.w3.org/TR/xhtml1/DTD/xhtml1-transitional.dtd">
<html xmlns="http://www.w3.org/1999/xhtml" xml:lang="en" lang="en">
 <head>
  <title>
</title>
<meta http-equiv="Content-Type" content="text/html;charset=utf-8" />
  <meta name='ocr-system' content='tesseract 3.04.00' />
  <meta name='ocr-capabilities' content='ocr_page ocr_carea ocr_par ocr_line ocrx_word'/>
</head>
<body>
  <div class='ocr_page' id='page_1' title='image "./registrumepisc5800morauoft_0523.png"; bbox 0 0 1912 2660; ppageno 0'>
   <div class='ocr_carea' id='block_1_1' title="bbox 111 656 163 683">
    <p class='ocr_par' dir='ltr' id='par_1_1' title="bbox 111 656 163 683">
     <span class='ocr_line' id='line_1_1' title="bbox 111 656 163 683; baseline 0 0"><span class='ocrx_word' id='word_1_1' title='bbox 111 656 163 683; x_wconf 84' lang='lat'>431</span> 
     </span>
    </p>
   </div>
   <div class='ocr_carea' id='block_1_2' title="bbox 107 1275 162 1302">
    <p class='ocr_par' dir='ltr' id='par_1_2' title="bbox 107 1275 162 1302">
     <span class='ocr_line' id='line_1_2' title="bbox 107 1275 162 1302; baseline 0 -1"><span class='ocrx_word' id='word_1_2' title='bbox 107 1275 162 1302; x_wconf 79' lang='lat'>432</span> 
     </span>
    </p>
   </div>
   <div class='ocr_carea' id='block_1_3' title="bbox 104 1651 161 1678">
    <p class='ocr_par' dir='ltr' id='par_1_3' title="bbox 104 1651 161 1678">
     <span class='ocr_line' id='line_1_3' title="bbox 104 1651 161 1678; baseline 0 0"><span class='ocrx_word' id='word_1_3' title='bbox 104 1651 161 1678; x_wconf 80' lang='lat'>433</span> 
     </span>
    </p>
   </div>
   <div class='ocr_carea' id='block_1_4' title="bbox 103 1792 159 1820">
    <p class='ocr_par' dir='ltr' id='par_1_4' title="bbox 103 1792 159 1820">
     <span class='ocr_line' id='line_1_4' title="bbox 103 1792 159 1820; baseline 0 0"><span class='ocrx_word' id='word_1_4' title='bbox 103 1792 159 1820; x_wconf 74' lang='lat'>434</span> 
     </span>
    </p>
   </div>
   <div class='ocr_carea' id='block_1_5' title="bbox 42 2171 159 2200">
    <p class='ocr_par' dir='ltr' id='par_1_5' title="bbox 42 2171 159 2200">
     <span class='ocr_line' id='line_1_5' title="bbox 42 2171 159 2200; baseline 0 -2"><span class='ocrx_word' id='word_1_5' title='bbox 42 2184 45 2198; x_wconf 68' lang='grc' dir='ltr'><strong><em>ε</em></strong></span> <span class='ocrx_word' id='word_1_6' title='bbox 102 2171 159 2200; x_wconf 78' lang='lat'>435</span> 
     </span>
    </p>
   </div>
   <div class='ocr_carea' id='block_1_6' title="bbox 588 125 1681 169">
    <p class='ocr_par' dir='ltr' id='par_1_6' title="bbox 588 125 1681 169">
     <span class='ocr_line' id='line_1_6' title="bbox 588 125 1681 169; baseline 0.007 -8"><span class='ocrx_word' id='word_1_7' title='bbox 588 125 905 162; x_wconf 88' lang='lat' dir='ltr'><strong>REGISTRUM</strong></span> <span class='ocrx_word' id='word_1_8' title='bbox 933 126 1295 166; x_wconf 74' lang='lat' dir='ltr'>MORAVIENSE,</span> <span class='ocrx_word' id='word_1_9' title='bbox 1610 138 1681 169; x_wconf 60' lang='grc'>115</span> 
     </span>
    </p>
   </div>
   <div class='ocr_carea' id='block_1_7' title="bbox 192 223 1681 503">
    <p class='ocr_par' dir='ltr' id='par_1_7' title="bbox 192 223 1681 503">
     <span class='ocr_line' id='line_1_7' title="bbox 194 223 1681 267; baseline 0.001 -10"><span class='ocrx_word' id='word_1_10' title='bbox 194 228 261 262; x_wconf 86' lang='lat' dir='ltr'>tive‚</span> <span class='ocrx_word' id='word_1_11' title='bbox 276 226 362 265; x_wconf 87' lang='lat' dir='ltr'>q.o.d.</span> <span class='ocrx_word' id='word_1_12' title='bbox 372 226 431 254; x_wconf 80' lang='lat' dir='ltr'>her:</span> <span class='ocrx_word' id='word_1_13' title='bbox 445 224 528 253; x_wconf 78' lang='lat' dir='ltr'>masc:</span> <span class='ocrx_word' id='word_1_14' title='bbox 542 223 609 252; x_wconf 88' lang='lat' dir='ltr'>dicti</span> <span class='ocrx_word' id='word_1_15' title='bbox 624 223 763 252; x_wconf 81' lang='lat' dir='ltr'>Johannis</span> <span class='ocrx_word' id='word_1_16' title='bbox 778 223 996 261; x_wconf 84' lang='lat' dir='ltr'>quibuscunque,</span> <span class='ocrx_word' id='word_1_17' title='bbox 1010 229 1147 253; x_wconf 77' lang='lat' dir='ltr'>terrarum</span> <span class='ocrx_word' id='word_1_18' title='bbox 1159 227 1192 254; x_wconf 86' lang='lat' dir='ltr'>de</span> <span class='ocrx_word' id='word_1_19' title='bbox 1204 227 1346 266; x_wconf 80' lang='lat' dir='ltr'>Petlurge,</span> <span class='ocrx_word' id='word_1_20' title='bbox 1359 229 1430 257; x_wconf 90' lang='lat' dir='ltr'>Ovir</span> <span class='ocrx_word' id='word_1_21' title='bbox 1445 230 1681 267; x_wconf 83' lang='lat' dir='ltr'>Auchquhorteis,</span> 
     </span>
     <span class='ocr_line' id='line_1_8' title="bbox 195 270 1681 311; baseline 0.001 -7"><span class='ocrx_word' id='word_1_22' title='bbox 195 275 298 304; x_wconf 90' lang='lat' dir='ltr'>Nethir</span> <span class='ocrx_word' id='word_1_23' title='bbox 312 271 546 311; x_wconf 85' lang='lat' dir='ltr'>Auchquhorteis‚</span> <span class='ocrx_word' id='word_1_24' title='bbox 562 281 626 299; x_wconf 93' lang='lat' dir='ltr'>cum</span> <span class='ocrx_word' id='word_1_25' title='bbox 641 270 729 299; x_wconf 82' lang='lat' dir='ltr'>crofta</span> <span class='ocrx_word' id='word_1_26' title='bbox 743 271 777 299; x_wconf 89' lang='lat' dir='ltr'>de</span> <span class='ocrx_word' id='word_1_27' title='bbox 792 271 972 309; x_wconf 83' lang='lat' dir='ltr'>Petruchany</span> <span class='ocrx_word' id='word_1_28' title='bbox 986 271 1016 299; x_wconf 87' lang='lat' dir='ltr'>in</span> <span class='ocrx_word' id='word_1_29' title='bbox 1029 272 1143 300; x_wconf 86' lang='lat' dir='ltr'>baronia</span> <span class='ocrx_word' id='word_1_30' title='bbox 1156 274 1190 301; x_wconf 89' lang='lat' dir='ltr'>de</span> <span class='ocrx_word' id='word_1_31' title='bbox 1206 274 1292 309; x_wconf 83' lang='lat' dir='ltr'>Keth,</span> <span class='ocrx_word' id='word_1_32' title='bbox 1306 276 1359 303; x_wconf 82' lang='lat' dir='ltr'>vie:</span> <span class='ocrx_word' id='word_1_33' title='bbox 1373 277 1406 304; x_wconf 87' lang='lat' dir='ltr'>de</span> <span class='ocrx_word' id='word_1_34' title='bbox 1420 277 1500 305; x_wconf 75' lang='lat' dir='ltr'>Bnnf.</span> <span class='ocrx_word' id='word_1_35' title='bbox 1531 278 1681 306; x_wconf 82' lang='lat' dir='ltr'>Reddendo</span> 
     </span>
     <span class='ocr_line' id='line_1_9' title="bbox 192 318 1680 361; baseline 0.001 -10"><span class='ocrx_word' id='word_1_36' title='bbox 192 323 258 351; x_wconf 82' lang='lat' dir='ltr'>inde</span> <span class='ocrx_word' id='word_1_37' title='bbox 271 321 412 351; x_wconf 79' lang='lat' dir='ltr'>annuatim</span> <span class='ocrx_word' id='word_1_38' title='bbox 427 319 509 348; x_wconf 70' lang='lat' dir='ltr'>L.22.</span> <span class='ocrx_word' id='word_1_39' title='bbox 525 322 552 347; x_wconf 91' lang='lat'>6.</span> <span class='ocrx_word' id='word_1_40' title='bbox 566 320 594 346; x_wconf 86' lang='lat'>8.</span> <span class='ocrx_word' id='word_1_41' title='bbox 615 328 680 347; x_wconf 91' lang='lat' dir='ltr'>cum</span> <span class='ocrx_word' id='word_1_42' title='bbox 701 318 848 356; x_wconf 76' lang='lat' dir='ltr'>privilegio</span> <span class='ocrx_word' id='word_1_43' title='bbox 869 319 902 347; x_wconf 89' lang='lat' dir='ltr'>de</span> <span class='ocrx_word' id='word_1_44' title='bbox 921 319 1004 346; x_wconf 86' lang='lat' dir='ltr'>unica</span> <span class='ocrx_word' id='word_1_45' title='bbox 1025 319 1110 348; x_wconf 72' lang='lat' dir='ltr'>salina</span> <span class='ocrx_word' id='word_1_46' title='bbox 1130 321 1263 358; x_wconf 77' lang='lat' dir='ltr'>capienda</span> <span class='ocrx_word' id='word_1_47' title='bbox 1280 324 1352 360; x_wconf 83' lang='lat' dir='ltr'>apud</span> <span class='ocrx_word' id='word_1_48' title='bbox 1368 323 1509 361; x_wconf 82' lang='lat' dir='ltr'>Petlurge.</span> <span class='ocrx_word' id='word_1_49' title='bbox 1551 325 1680 353; x_wconf 85' lang='lat' dir='ltr'>Testibus</span> 
     </span>
     <span class='ocr_line' id='line_1_10' title="bbox 195 366 1681 406; baseline 0.001 -8"><span class='ocrx_word' id='word_1_50' title='bbox 195 370 336 398; x_wconf 84' lang='lat' dir='ltr'>Willelmo</span> <span class='ocrx_word' id='word_1_51' title='bbox 357 367 469 396; x_wconf 87' lang='lat' dir='ltr'>domino</span> <span class='ocrx_word' id='word_1_52' title='bbox 492 367 618 400; x_wconf 83' lang='lat' dir='ltr'>Saltoun,</span> <span class='ocrx_word' id='word_1_53' title='bbox 643 366 754 394; x_wconf 83' lang='lat' dir='ltr'>Thoma</span> <span class='ocrx_word' id='word_1_54' title='bbox 775 366 891 403; x_wconf 85' lang='lat' dir='ltr'>Ogilvy,</span> <span class='ocrx_word' id='word_1_55' title='bbox 917 366 1038 395; x_wconf 83' lang='lat' dir='ltr'>Patricio</span> <span class='ocrx_word' id='word_1_56' title='bbox 1062 367 1223 404; x_wconf 80' lang='lat' dir='ltr'>Kynnarde,</span> <span class='ocrx_word' id='word_1_57' title='bbox 1246 370 1376 406; x_wconf 79' lang='lat' dir='ltr'>magistro</span> <span class='ocrx_word' id='word_1_58' title='bbox 1392 370 1522 399; x_wconf 84' lang='lat' dir='ltr'>Jobanne</span> <span class='ocrx_word' id='word_1_59' title='bbox 1536 372 1681 406; x_wconf 86' lang='lat' dir='ltr'>Gordoun,</span> 
     </span>
     <span class='ocr_line' id='line_1_11' title="bbox 192 413 1681 456; baseline 0.001 -11"><span class='ocrx_word' id='word_1_60' title='bbox 192 416 318 454; x_wconf 73' lang='lat' dir='ltr'>bul-genii</span> <span class='ocrx_word' id='word_1_61' title='bbox 340 416 374 444; x_wconf 85' lang='lat' dir='ltr'>de</span> <span class='ocrx_word' id='word_1_62' title='bbox 397 415 538 447; x_wconf 82' lang='lat' dir='ltr'>Aberden,</span> <span class='ocrx_word' id='word_1_63' title='bbox 565 414 679 442; x_wconf 86' lang='lat' dir='ltr'>Andrea</span> <span class='ocrx_word' id='word_1_64' title='bbox 704 413 820 450; x_wconf 85' lang='lat' dir='ltr'>0gilvy,</span> <span class='ocrx_word' id='word_1_65' title='bbox 845 414 976 442; x_wconf 79' lang='lat' dir='ltr'>Johanne</span> <span class='ocrx_word' id='word_1_66' title='bbox 1002 414 1148 452; x_wconf 86' lang='lat' dir='ltr'>Oliphant,</span> <span class='ocrx_word' id='word_1_67' title='bbox 1173 416 1287 444; x_wconf 90' lang='lat' dir='ltr'>domino</span> <span class='ocrx_word' id='word_1_68' title='bbox 1310 417 1453 445; x_wconf 82' lang='lat' dir='ltr'>willelmo</span> <span class='ocrx_word' id='word_1_69' title='bbox 1478 419 1681 456; x_wconf 81' lang='lat' dir='ltr'>Abercrummy</span> 
     </span>
     <span class='ocr_line' id='line_1_12' title="bbox 192 461 1681 503; baseline 0.001 -11"><span class='ocrx_word' id='word_1_70' title='bbox 192 463 332 497; x_wconf 80' lang='lat' dir='ltr'>canonico,</span> <span class='ocrx_word' id='word_1_71' title='bbox 352 462 488 499; x_wconf 83' lang='lat' dir='ltr'>magistris</span> <span class='ocrx_word' id='word_1_72' title='bbox 502 462 632 490; x_wconf 83' lang='lat' dir='ltr'>Johanne</span> <span class='ocrx_word' id='word_1_73' title='bbox 648 461 776 498; x_wconf 83' lang='lat' dir='ltr'>Douglas</span> <span class='ocrx_word' id='word_1_74' title='bbox 791 461 895 489; x_wconf 79' lang='lat' dir='ltr'>vicario</span> <span class='ocrx_word' id='word_1_75' title='bbox 915 462 948 490; x_wconf 86' lang='lat' dir='ltr'>de</span> <span class='ocrx_word' id='word_1_76' title='bbox 965 461 1111 496; x_wconf 80' lang='lat' dir='ltr'>Galstoun,</span> <span class='ocrx_word' id='word_1_77' title='bbox 1133 467 1162 491; x_wconf 91' lang='lat' dir='ltr'>et</span> <span class='ocrx_word' id='word_1_78' title='bbox 1182 463 1296 492; x_wconf 79' lang='lat' dir='ltr'>Andrea</span> <span class='ocrx_word' id='word_1_79' title='bbox 1311 464 1414 501; x_wconf 78' lang='lat' dir='ltr'>Strang</span> <span class='ocrx_word' id='word_1_80' title='bbox 1434 464 1557 493; x_wconf 78' lang='lat' dir='ltr'>notariis.</span> <span class='ocrx_word' id='word_1_81' title='bbox 1597 467 1681 503; x_wconf 85' lang='lat' dir='ltr'>Apud</span> 
     </span>
    </p>
   </div>
   <div class='ocr_carea' id='block_1_8' title="bbox 192 510 879 547">
    <p class='ocr_par' dir='ltr' id='par_1_8' title="bbox 192 510 879 547">
     <span class='ocr_line' id='line_1_13' title="bbox 192 510 879 547; baseline -0.007 -6"><span class='ocrx_word' id='word_1_82' title='bbox 192 511 340 541; x_wconf 77' lang='lat' dir='ltr'>Ecclefiam</span> <span class='ocrx_word' id='word_1_83' title='bbox 356 510 559 543; x_wconf 79' lang='lat' dir='ltr'>cathedralem,</span> <span class='ocrx_word' id='word_1_84' title='bbox 579 511 593 546; x_wconf 91' lang='lat'>[</span> <span class='ocrx_word' id='word_1_85' title='bbox 758 511 773 547; x_wconf 91' lang='lat'>]</span> <span class='ocrx_word' id='word_1_86' title='bbox 794 510 879 537; x_wconf 88' lang='grc'><strong>1539.</strong></span> 
     </span>
    </p>
   </div>
   <div class='ocr_carea' id='block_1_9' title="bbox 188 650 1682 930">
    <p class='ocr_par' dir='ltr' id='par_1_9' title="bbox 188 650 1682 930">
     <span class='ocr_line' id='line_1_14' title="bbox 193 650 1682 692; baseline -0.001 -9"><span class='ocrx_word' id='word_1_87' title='bbox 193 654 371 691; x_wconf 87' lang='lat' dir='ltr'>Obligement</span> <span class='ocrx_word' id='word_1_88' title='bbox 390 653 424 681; x_wconf 91' lang='lat' dir='ltr'>be</span> <span class='ocrx_word' id='word_1_89' title='bbox 443 652 554 681; x_wconf 83' lang='lat' dir='ltr'>Johane</span> <span class='ocrx_word' id='word_1_90' title='bbox 569 651 706 680; x_wconf 79' lang='lat' dir='ltr'>Gordoun</span> <span class='ocrx_word' id='word_1_91' title='bbox 722 650 755 678; x_wconf 89' lang='lat' dir='ltr'>of</span> <span class='ocrx_word' id='word_1_92' title='bbox 765 650 882 687; x_wconf 83' lang='lat' dir='ltr'>Lungar</span> <span class='ocrx_word' id='word_1_93' title='bbox 895 655 926 679; x_wconf 89' lang='lat' dir='ltr'>to</span> <span class='ocrx_word' id='word_1_94' title='bbox 939 651 973 679; x_wconf 86' lang='lat' dir='ltr'>be</span> <span class='ocrx_word' id='word_1_95' title='bbox 987 650 1051 685; x_wconf 86' lang='lat' dir='ltr'>le1e,</span> <span class='ocrx_word' id='word_1_96' title='bbox 1072 656 1142 680; x_wconf 86' lang='lat' dir='ltr'>trew</span> <span class='ocrx_word' id='word_1_97' title='bbox 1162 652 1216 680; x_wconf 79' lang='lat' dir='ltr'>and</span> <span class='ocrx_word' id='word_1_98' title='bbox 1237 652 1359 681; x_wconf 78' lang='lat' dir='ltr'>faithfuu</span> <span class='ocrx_word' id='word_1_99' title='bbox 1377 658 1407 681; x_wconf 92' lang='lat' dir='ltr'>to</span> <span class='ocrx_word' id='word_1_100' title='bbox 1428 653 1477 681; x_wconf 86' lang='lat' dir='ltr'>the</span> <span class='ocrx_word' id='word_1_101' title='bbox 1496 653 1614 692; x_wconf 89' lang='lat' dir='ltr'>Bischop</span> <span class='ocrx_word' id='word_1_102' title='bbox 1628 656 1682 683; x_wconf 85' lang='lat' dir='ltr'>and</span> 
     </span>
     <span class='ocr_line' id='line_1_15' title="bbox 189 697 1681 740; baseline -0.001 -9"><span class='ocrx_word' id='word_1_103' title='bbox 189 702 237 731; x_wconf 86' lang='lat' dir='ltr'>the</span> <span class='ocrx_word' id='word_1_104' title='bbox 252 702 397 740; x_wconf 87' lang='lat' dir='ltr'>Cheptour</span> <span class='ocrx_word' id='word_1_105' title='bbox 410 700 463 728; x_wconf 79' lang='lat' dir='ltr'>and</span> <span class='ocrx_word' id='word_1_106' title='bbox 477 704 508 728; x_wconf 87' lang='lat' dir='ltr'>to</span> <span class='ocrx_word' id='word_1_107' title='bbox 522 698 665 727; x_wconf 82' lang='lat' dir='ltr'>manteine</span> <span class='ocrx_word' id='word_1_108' title='bbox 684 698 738 726; x_wconf 81' lang='lat' dir='ltr'>and</span> <span class='ocrx_word' id='word_1_109' title='bbox 754 697 855 726; x_wconf 82' lang='lat' dir='ltr'>defend</span> <span class='ocrx_word' id='word_1_110' title='bbox 875 698 924 726; x_wconf 85' lang='lat' dir='ltr'>the</span> <span class='ocrx_word' id='word_1_111' title='bbox 945 698 1051 736; x_wconf 86' lang='lat' dir='ltr'>samyn,</span> <span class='ocrx_word' id='word_1_112' title='bbox 1072 699 1126 727; x_wconf 84' lang='lat' dir='ltr'>and</span> <span class='ocrx_word' id='word_1_113' title='bbox 1140 703 1170 727; x_wconf 89' lang='lat' dir='ltr'>to</span> <span class='ocrx_word' id='word_1_114' title='bbox 1184 699 1262 728; x_wconf 84' lang='lat' dir='ltr'>serve</span> <span class='ocrx_word' id='word_1_115' title='bbox 1276 700 1325 728; x_wconf 86' lang='lat' dir='ltr'>the</span> <span class='ocrx_word' id='word_1_116' title='bbox 1341 700 1459 738; x_wconf 90' lang='lat' dir='ltr'>Bischop</span> <span class='ocrx_word' id='word_1_117' title='bbox 1473 701 1502 728; x_wconf 90' lang='lat' dir='ltr'>in</span> <span class='ocrx_word' id='word_1_118' title='bbox 1516 701 1565 729; x_wconf 88' lang='lat' dir='ltr'>the</span> <span class='ocrx_word' id='word_1_119' title='bbox 1581 702 1681 739; x_wconf 84' lang='lat' dir='ltr'>Kingis</span> 
     </span>
     <span class='ocr_line' id='line_1_16' title="bbox 189 745 1681 785; baseline -0.001 -6"><span class='ocrx_word' id='word_1_120' title='bbox 189 749 302 783; x_wconf 82' lang='lat' dir='ltr'>weeris;</span> <span class='ocrx_word' id='word_1_121' title='bbox 322 749 375 777; x_wconf 78' lang='lat' dir='ltr'>and</span> <span class='ocrx_word' id='word_1_122' title='bbox 389 754 419 776; x_wconf 90' lang='lat' dir='ltr'>to</span> <span class='ocrx_word' id='word_1_123' title='bbox 432 751 515 785; x_wconf 78' lang='lat' dir='ltr'>grant</span> <span class='ocrx_word' id='word_1_124' title='bbox 530 746 699 775; x_wconf 84' lang='lat' dir='ltr'>convenient</span> <span class='ocrx_word' id='word_1_125' title='bbox 718 755 823 773; x_wconf 86' lang='lat' dir='ltr'>rowme</span> <span class='ocrx_word' id='word_1_126' title='bbox 838 745 882 773; x_wconf 89' lang='lat' dir='ltr'>for</span> <span class='ocrx_word' id='word_1_127' title='bbox 895 745 1032 783; x_wconf 80' lang='lat' dir='ltr'>resaving,</span> <span class='ocrx_word' id='word_1_128' title='bbox 1051 746 1158 785; x_wconf 85' lang='lat' dir='ltr'>keping</span> <span class='ocrx_word' id='word_1_129' title='bbox 1176 747 1230 775; x_wconf 88' lang='lat' dir='ltr'>and</span> <span class='ocrx_word' id='word_1_130' title='bbox 1249 747 1366 785; x_wconf 86' lang='lat' dir='ltr'>sauffing</span> <span class='ocrx_word' id='word_1_131' title='bbox 1386 748 1434 776; x_wconf 88' lang='lat' dir='ltr'>the</span> <span class='ocrx_word' id='word_1_132' title='bbox 1455 749 1565 785; x_wconf 84' lang='lat' dir='ltr'>teyndis</span> <span class='ocrx_word' id='word_1_133' title='bbox 1584 749 1617 777; x_wconf 86' lang='lat' dir='ltr'>of</span> <span class='ocrx_word' id='word_1_134' title='bbox 1632 751 1681 778; x_wconf 91' lang='lat' dir='ltr'>the</span> 
     </span>
     <span class='ocr_line' id='line_1_17' title="bbox 190 793 1682 835; baseline -0.001 -9"><span class='ocrx_word' id='word_1_135' title='bbox 190 798 317 835; x_wconf 89' lang='lat' dir='ltr'>Bischop,</span> <span class='ocrx_word' id='word_1_136' title='bbox 337 797 407 825; x_wconf 89' lang='lat' dir='ltr'>dene</span> <span class='ocrx_word' id='word_1_137' title='bbox 421 805 453 824; x_wconf 89' lang='lat' dir='ltr'>or</span> <span class='ocrx_word' id='word_1_138' title='bbox 467 795 611 833; x_wconf 84' lang='lat' dir='ltr'>cheptour‚</span> <span class='ocrx_word' id='word_1_139' title='bbox 633 794 676 822; x_wconf 87' lang='lat' dir='ltr'>his</span> <span class='ocrx_word' id='word_1_140' title='bbox 696 804 758 821; x_wconf 82' lang='lat' dir='ltr'>awn</span> <span class='ocrx_word' id='word_1_141' title='bbox 777 794 864 831; x_wconf 89' lang='lat' dir='ltr'>teynd</span> <span class='ocrx_word' id='word_1_142' title='bbox 885 793 970 831; x_wconf 86' lang='lat' dir='ltr'>being</span> <span class='ocrx_word' id='word_1_143' title='bbox 990 794 1130 832; x_wconf 83' lang='lat' dir='ltr'>exceppit.</span> <span class='ocrx_word' id='word_1_144' title='bbox 1170 795 1283 823; x_wconf 57' lang='lat' dir='ltr'>WVitnes</span> <span class='ocrx_word' id='word_1_145' title='bbox 1301 795 1407 824; x_wconf 82' lang='lat' dir='ltr'>Master</span> <span class='ocrx_word' id='word_1_146' title='bbox 1421 795 1544 824; x_wconf 78' lang='lat' dir='ltr'>Thomas</span> <span class='ocrx_word' id='word_1_147' title='bbox 1560 796 1682 825; x_wconf 76' lang='lat' dir='ltr'>Gademr</span> 
     </span>
     <span class='ocr_line' id='line_1_18' title="bbox 188 841 1681 884; baseline -0.001 -11"><span class='ocrx_word' id='word_1_148' title='bbox 188 845 284 884; x_wconf 86' lang='lat' dir='ltr'>person</span> <span class='ocrx_word' id='word_1_149' title='bbox 301 844 334 872; x_wconf 86' lang='lat' dir='ltr'>of</span> <span class='ocrx_word' id='word_1_150' title='bbox 349 842 501 876; x_wconf 81' lang='lat' dir='ltr'>Murthlik,</span> <span class='ocrx_word' id='word_1_151' title='bbox 519 842 635 870; x_wconf 83' lang='lat' dir='ltr'>Johnne</span> <span class='ocrx_word' id='word_1_152' title='bbox 656 842 793 869; x_wconf 91' lang='lat' dir='ltr'>Gordoun</span> <span class='ocrx_word' id='word_1_153' title='bbox 814 841 901 869; x_wconf 86' lang='lat' dir='ltr'>vicair</span> <span class='ocrx_word' id='word_1_154' title='bbox 921 841 954 869; x_wconf 84' lang='lat' dir='ltr'>of</span> <span class='ocrx_word' id='word_1_155' title='bbox 970 841 1077 879; x_wconf 82' lang='lat' dir='ltr'>Keyth,</span> <span class='ocrx_word' id='word_1_156' title='bbox 1096 842 1142 870; x_wconf 91' lang='lat' dir='ltr'>Sir</span> <span class='ocrx_word' id='word_1_157' title='bbox 1155 842 1269 871; x_wconf 79' lang='lat' dir='ltr'>Johnne</span> <span class='ocrx_word' id='word_1_158' title='bbox 1286 842 1432 871; x_wconf 82' lang='lat' dir='ltr'>Maetland</span> <span class='ocrx_word' id='word_1_159' title='bbox 1449 843 1585 881; x_wconf 80' lang='lat' dir='ltr'>chaplain‚</span> <span class='ocrx_word' id='word_1_160' title='bbox 1605 845 1681 873; x_wconf 91' lang='lat' dir='ltr'>Tho-</span> 
     </span>
     <span class='ocr_line' id='line_1_19' title="bbox 188 888 1680 930; baseline 0 -10"><span class='ocrx_word' id='word_1_161' title='bbox 188 902 246 921; x_wconf 75' lang='lat' dir='ltr'>mas</span> <span class='ocrx_word' id='word_1_162' title='bbox 263 892 345 926; x_wconf 87' lang='lat' dir='ltr'>Bard,</span> <span class='ocrx_word' id='word_1_163' title='bbox 367 891 473 919; x_wconf 80' lang='lat' dir='ltr'>Robert</span> <span class='ocrx_word' id='word_1_164' title='bbox 488 891 574 918; x_wconf 89' lang='lat' dir='ltr'>Innes</span> <span class='ocrx_word' id='word_1_165' title='bbox 587 889 641 917; x_wconf 80' lang='lat' dir='ltr'>and</span> <span class='ocrx_word' id='word_1_166' title='bbox 656 888 751 917; x_wconf 86' lang='lat' dir='ltr'>David</span> <span class='ocrx_word' id='word_1_167' title='bbox 766 889 857 926; x_wconf 79' lang='lat' dir='ltr'>Bogy.</span> <span class='ocrx_word' id='word_1_168' title='bbox 899 889 1017 918; x_wconf 85' lang='lat' dir='ltr'>Maister</span> <span class='ocrx_word' id='word_1_169' title='bbox 1030 889 1173 918; x_wconf 76' lang='lat' dir='ltr'>williame</span> <span class='ocrx_word' id='word_1_170' title='bbox 1190 890 1324 928; x_wconf 83' lang='lat' dir='ltr'>Wysman</span> <span class='ocrx_word' id='word_1_171' title='bbox 1344 895 1434 919; x_wconf 86' lang='lat' dir='ltr'>notar.</span> <span class='ocrx_word' id='word_1_172' title='bbox 1474 891 1516 919; x_wconf 87' lang='lat' dir='ltr'>At</span> <span class='ocrx_word' id='word_1_173' title='bbox 1538 891 1680 930; x_wconf 82' lang='lat' dir='ltr'>Petlurge‚</span> 
     </span>
    </p>
   </div>
   <div class='ocr_carea' id='block_1_10' title="bbox 192 939 1679 1023">
    <p class='ocr_par' dir='ltr' id='par_1_10' title="bbox 192 939 1679 1023">
     <span class='ocr_line' id='line_1_20' title="bbox 192 939 521 968; baseline -0.009 0"><span class='ocrx_word' id='word_1_174' title='bbox 192 942 224 968; x_wconf 88' lang='lat' dir='ltr'>ll</span> <span class='ocrx_word' id='word_1_175' title='bbox 240 940 273 968; x_wconf 79' lang='lat' dir='ltr'>da</span> <span class='ocrx_word' id='word_1_176' title='bbox 307 940 339 968; x_wconf 86' lang='lat' dir='ltr'>of</span> <span class='ocrx_word' id='word_1_177' title='bbox 350 939 419 967; x_wconf 75' lang='lat' dir='ltr'>Maii</span> <span class='ocrx_word' id='word_1_178' title='bbox 437 939 521 966; x_wconf 81' lang='lat'>1540.</span> 
     </span>
     <span class='ocr_line' id='line_1_21' title="bbox 228 951 1679 1023; baseline -0.001 -7"><span class='ocrx_word' id='word_1_179' title='bbox 228 951 370 1016; x_wconf 73' lang='lat' dir='ltr'>Johyannes</span> <span class='ocrx_word' id='word_1_180' title='bbox 392 986 526 1015; x_wconf 87' lang='lat' dir='ltr'>Gordoun</span> <span class='ocrx_word' id='word_1_181' title='bbox 547 984 704 1013; x_wconf 81' lang='lat' dir='ltr'>antedictus</span> <span class='ocrx_word' id='word_1_182' title='bbox 727 994 763 1012; x_wconf 90' lang='lat' dir='ltr'>ex</span> <span class='ocrx_word' id='word_1_183' title='bbox 785 983 845 1022; x_wconf 88' lang='lat' dir='ltr'>ejus</span> <span class='ocrx_word' id='word_1_184' title='bbox 865 984 977 1023; x_wconf 83' lang='lat' dir='ltr'>propria</span> <span class='ocrx_word' id='word_1_185' title='bbox 995 984 1162 1013; x_wconf 83' lang='lat' dir='ltr'>confeflione</span> <span class='ocrx_word' id='word_1_186' title='bbox 1176 985 1335 1013; x_wconf 81' lang='lat' dir='ltr'>voluntarie</span> <span class='ocrx_word' id='word_1_187' title='bbox 1348 985 1473 1014; x_wconf 88' lang='lat' dir='ltr'>monitus</span> <span class='ocrx_word' id='word_1_188' title='bbox 1488 986 1527 1014; x_wconf 90' lang='lat' dir='ltr'>est</span> <span class='ocrx_word' id='word_1_189' title='bbox 1541 987 1574 1014; x_wconf 85' lang='lat' dir='ltr'>ad</span> <span class='ocrx_word' id='word_1_190' title='bbox 1589 987 1679 1015; x_wconf 88' lang='lat' dir='ltr'>obser-</span> 
     </span>
    </p>
   </div>
   <div class='ocr_carea' id='block_1_11' title="bbox 188 1031 1681 1119">
    <p class='ocr_par' dir='ltr' id='par_1_11' title="bbox 188 1031 1681 1119">
     <span class='ocr_line' id='line_1_22' title="bbox 188 1031 1679 1072; baseline -0.001 -8"><span class='ocrx_word' id='word_1_191' title='bbox 188 1036 305 1064; x_wconf 78' lang='lat' dir='ltr'>vandam</span> <span class='ocrx_word' id='word_1_192' title='bbox 326 1039 354 1063; x_wconf 87' lang='lat' dir='ltr'>et</span> <span class='ocrx_word' id='word_1_193' title='bbox 373 1033 592 1072; x_wconf 85' lang='lat' dir='ltr'>perimplendam</span> <span class='ocrx_word' id='word_1_194' title='bbox 613 1031 759 1070; x_wconf 83' lang='lat' dir='ltr'>praefatam</span> <span class='ocrx_word' id='word_1_195' title='bbox 779 1031 979 1068; x_wconf 82' lang='lat' dir='ltr'>obligationem</span> <span class='ocrx_word' id='word_1_196' title='bbox 999 1032 1029 1059; x_wconf 92' lang='lat' dir='ltr'>in</span> <span class='ocrx_word' id='word_1_197' title='bbox 1051 1032 1180 1060; x_wconf 90' lang='lat' dir='ltr'>omnibus</span> <span class='ocrx_word' id='word_1_198' title='bbox 1201 1032 1256 1060; x_wconf 87' lang='lat' dir='ltr'>suis</span> <span class='ocrx_word' id='word_1_199' title='bbox 1274 1032 1386 1070; x_wconf 81' lang='lat' dir='ltr'>punctis</span> <span class='ocrx_word' id='word_1_200' title='bbox 1400 1037 1429 1061; x_wconf 89' lang='lat' dir='ltr'>et</span> <span class='ocrx_word' id='word_1_201' title='bbox 1442 1033 1566 1061; x_wconf 81' lang='lat' dir='ltr'>articulis</span> <span class='ocrx_word' id='word_1_202' title='bbox 1581 1039 1608 1062; x_wconf 90' lang='lat' dir='ltr'>et</span> <span class='ocrx_word' id='word_1_203' title='bbox 1623 1044 1679 1062; x_wconf 90' lang='lat' dir='ltr'>non</span> 
     </span>
     <span class='ocr_line' id='line_1_23' title="bbox 188 1079 1681 1119; baseline 0 -8"><span class='ocrx_word' id='word_1_204' title='bbox 188 1082 451 1112; x_wconf 79' lang='lat' dir='ltr'>contmveniendum</span> <span class='ocrx_word' id='word_1_205' title='bbox 469 1081 558 1109; x_wconf 82' lang='lat' dir='ltr'>eidem</span> <span class='ocrx_word' id='word_1_206' title='bbox 579 1080 608 1108; x_wconf 89' lang='lat' dir='ltr'>in</span> <span class='ocrx_word' id='word_1_207' title='bbox 630 1079 759 1108; x_wconf 87' lang='lat' dir='ltr'>futurum</span> <span class='ocrx_word' id='word_1_208' title='bbox 778 1079 827 1107; x_wconf 88' lang='lat' dir='ltr'>sub</span> <span class='ocrx_word' id='word_1_209' title='bbox 848 1089 928 1117; x_wconf 80' lang='lat' dir='ltr'>paena</span> <span class='ocrx_word' id='word_1_210' title='bbox 947 1080 1246 1108; x_wconf 84' lang='lat' dir='ltr'>excommunicationis</span> <span class='ocrx_word' id='word_1_211' title='bbox 1261 1080 1381 1119; x_wconf 80' lang='lat' dir='ltr'>majoris,</span> <span class='ocrx_word' id='word_1_212' title='bbox 1400 1090 1416 1108; x_wconf 81' lang='lat' dir='ltr'>a</span> <span class='ocrx_word' id='word_1_213' title='bbox 1431 1080 1541 1109; x_wconf 72' lang='lat' dir='ltr'>Thomu</span> <span class='ocrx_word' id='word_1_214' title='bbox 1556 1081 1681 1111; x_wconf 80' lang='lat' dir='ltr'>Gaderar</span> 
     </span>
    </p>
   </div>
   <div class='ocr_carea' id='block_1_12' title="bbox 188 1126 910 1159">
    <p class='ocr_par' dir='ltr' id='par_1_12' title="bbox 188 1126 910 1159">
     <span class='ocr_line' id='line_1_24' title="bbox 188 1126 910 1159; baseline -0.008 0"><span class='ocrx_word' id='word_1_215' title='bbox 188 1130 368 1159; x_wconf 78' lang='lat' dir='ltr'>commifi&#39;ario</span> <span class='ocrx_word' id='word_1_216' title='bbox 382 1128 562 1157; x_wconf 82' lang='lat' dir='ltr'>Moravienfi.</span> <span class='ocrx_word' id='word_1_217' title='bbox 603 1129 621 1155; x_wconf 86' lang='lat'>8</span> <span class='ocrx_word' id='word_1_218' title='bbox 637 1126 807 1155; x_wconf 87' lang='lat' dir='ltr'>Novembris</span> <span class='ocrx_word' id='word_1_219' title='bbox 826 1127 910 1155; x_wconf 86' lang='lat'>1540.</span> 
     </span>
    </p>
   </div>
   <div class='ocr_carea' id='block_1_13' title="bbox 185 1267 1678 1537">
    <p class='ocr_par' dir='ltr' id='par_1_13' title="bbox 185 1267 1678 1537">
     <span class='ocr_line' id='line_1_25' title="bbox 189 1267 1677 1308; baseline -0.001 -7"><span class='ocrx_word' id='word_1_220' title='bbox 189 1272 273 1301; x_wconf 77' lang='lat' dir='ltr'>Carta</span> <span class='ocrx_word' id='word_1_221' title='bbox 291 1271 452 1300; x_wconf 86' lang='lat' dir='ltr'>feodifirmae</span> <span class='ocrx_word' id='word_1_222' title='bbox 466 1271 499 1298; x_wconf 79' lang='lat' dir='ltr'>ab</span> <span class='ocrx_word' id='word_1_223' title='bbox 515 1269 652 1308; x_wconf 86' lang='lat' dir='ltr'>Episcopo</span> <span class='ocrx_word' id='word_1_224' title='bbox 666 1278 730 1297; x_wconf 90' lang='lat' dir='ltr'>cum</span> <span class='ocrx_word' id='word_1_225' title='bbox 748 1268 882 1296; x_wconf 85' lang='lat' dir='ltr'>consensu</span> <span class='ocrx_word' id='word_1_226' title='bbox 896 1267 1011 1306; x_wconf 84' lang='lat' dir='ltr'>capituli</span> <span class='ocrx_word' id='word_1_227' title='bbox 1024 1267 1097 1296; x_wconf 80' lang='lat' dir='ltr'>facta</span> <span class='ocrx_word' id='word_1_228' title='bbox 1113 1268 1275 1296; x_wconf 84' lang='lat' dir='ltr'>Alexandro</span> <span class='ocrx_word' id='word_1_229' title='bbox 1290 1269 1433 1306; x_wconf 91' lang='lat' dir='ltr'>Cummyn</span> <span class='ocrx_word' id='word_1_230' title='bbox 1448 1269 1561 1298; x_wconf 92' lang='lat' dir='ltr'>domino</span> <span class='ocrx_word' id='word_1_231' title='bbox 1570 1270 1677 1308; x_wconf 87' lang='lat' dir='ltr'>juniori</span> 
     </span>
     <span class='ocr_line' id='line_1_26' title="bbox 187 1316 1678 1356; baseline -0.001 -8"><span class='ocrx_word' id='word_1_232' title='bbox 187 1320 220 1348; x_wconf 87' lang='lat' dir='ltr'>de</span> <span class='ocrx_word' id='word_1_233' title='bbox 241 1318 375 1348; x_wconf 86' lang='lat' dir='ltr'>Ernished</span> <span class='ocrx_word' id='word_1_234' title='bbox 395 1323 423 1347; x_wconf 84' lang='lat' dir='ltr'>et</span> <span class='ocrx_word' id='word_1_235' title='bbox 445 1317 552 1356; x_wconf 66' lang='lat' dir='ltr'>Egidiae</span> <span class='ocrx_word' id='word_1_236' title='bbox 575 1317 703 1345; x_wconf 85' lang='lat' dir='ltr'>Blacater</span> <span class='ocrx_word' id='word_1_237' title='bbox 723 1316 783 1355; x_wconf 86' lang='lat' dir='ltr'>ejus</span> <span class='ocrx_word' id='word_1_238' title='bbox 805 1316 918 1354; x_wconf 85' lang='lat' dir='ltr'>sponsae,</span> <span class='ocrx_word' id='word_1_239' title='bbox 940 1320 1078 1344; x_wconf 83' lang='lat' dir='ltr'>terrarum</span> <span class='ocrx_word' id='word_1_240' title='bbox 1092 1316 1125 1344; x_wconf 90' lang='lat' dir='ltr'>de</span> <span class='ocrx_word' id='word_1_241' title='bbox 1142 1316 1244 1344; x_wconf 84' lang='lat' dir='ltr'>Mekill</span> <span class='ocrx_word' id='word_1_242' title='bbox 1258 1316 1370 1354; x_wconf 89' lang='lat' dir='ltr'>Phorpe</span> <span class='ocrx_word' id='word_1_243' title='bbox 1391 1316 1463 1345; x_wconf 84' lang='lat' dir='ltr'>infra</span> <span class='ocrx_word' id='word_1_244' title='bbox 1482 1317 1624 1346; x_wconf 76' lang='lat' dir='ltr'>baroniam</span> <span class='ocrx_word' id='word_1_245' title='bbox 1644 1319 1678 1347; x_wconf 89' lang='lat' dir='ltr'>de</span> 
     </span>
     <span class='ocr_line' id='line_1_27' title="bbox 188 1363 1677 1403; baseline -0.001 -7"><span class='ocrx_word' id='word_1_246' title='bbox 188 1367 304 1401; x_wconf 75' lang='lat' dir='ltr'>Raffort,</span> <span class='ocrx_word' id='word_1_247' title='bbox 319 1367 371 1395; x_wconf 85' lang='lat' dir='ltr'>vic:</span> <span class='ocrx_word' id='word_1_248' title='bbox 387 1368 420 1394; x_wconf 91' lang='lat' dir='ltr'>de</span> <span class='ocrx_word' id='word_1_249' title='bbox 435 1365 520 1403; x_wconf 85' lang='lat' dir='ltr'>Elgin</span> <span class='ocrx_word' id='word_1_250' title='bbox 535 1370 563 1393; x_wconf 87' lang='lat' dir='ltr'>et</span> <span class='ocrx_word' id='word_1_251' title='bbox 579 1365 687 1393; x_wconf 84' lang='lat' dir='ltr'>Forres.</span> <span class='ocrx_word' id='word_1_252' title='bbox 729 1364 883 1393; x_wconf 85' lang='lat' dir='ltr'>Reddendo</span> <span class='ocrx_word' id='word_1_253' title='bbox 897 1363 1043 1391; x_wconf 78' lang='lat' dir='ltr'>annuatim</span> <span class='ocrx_word' id='word_1_254' title='bbox 1060 1363 1144 1391; x_wconf 90' lang='lat' dir='ltr'>L.lo.</span> <span class='ocrx_word' id='word_1_255' title='bbox 1158 1365 1186 1391; x_wconf 89' lang='lat'>5.</span> <span class='ocrx_word' id='word_1_256' title='bbox 1200 1365 1245 1399; x_wconf 55' lang='grc' dir='ltr'>δὲ.</span> <span class='ocrx_word' id='word_1_257' title='bbox 1287 1364 1414 1392; x_wconf 82' lang='lat' dir='ltr'>Testibus</span> <span class='ocrx_word' id='word_1_258' title='bbox 1435 1364 1554 1393; x_wconf 85' lang='lat' dir='ltr'>dominis</span> <span class='ocrx_word' id='word_1_259' title='bbox 1573 1366 1677 1394; x_wconf 82' lang='lat' dir='ltr'>Jacobo</span> 
     </span>
     <span class='ocr_line' id='line_1_28' title="bbox 188 1411 1678 1452; baseline -0.001 -10"><span class='ocrx_word' id='word_1_260' title='bbox 188 1415 347 1452; x_wconf 85' lang='lat' dir='ltr'>Dowglace,</span> <span class='ocrx_word' id='word_1_261' title='bbox 362 1413 505 1441; x_wconf 84' lang='lat' dir='ltr'>Willelmo</span> <span class='ocrx_word' id='word_1_262' title='bbox 521 1412 616 1447; x_wconf 80' lang='lat' dir='ltr'>Clark,</span> <span class='ocrx_word' id='word_1_263' title='bbox 630 1412 762 1441; x_wconf 79' lang='lat' dir='ltr'>,Iohanne</span> <span class='ocrx_word' id='word_1_264' title='bbox 778 1411 877 1445; x_wconf 85' lang='lat' dir='ltr'>Lessie,</span> <span class='ocrx_word' id='word_1_265' title='bbox 892 1411 1038 1439; x_wconf 81' lang='lat' dir='ltr'>Willelmo</span> <span class='ocrx_word' id='word_1_266' title='bbox 1054 1411 1226 1448; x_wconf 86' lang='lat' dir='ltr'>Cummyng‚</span> <span class='ocrx_word' id='word_1_267' title='bbox 1247 1411 1384 1448; x_wconf 83' lang='lat' dir='ltr'>magistris</span> <span class='ocrx_word' id='word_1_268' title='bbox 1406 1412 1569 1440; x_wconf 83' lang='lat' dir='ltr'>Alexandro</span> <span class='ocrx_word' id='word_1_269' title='bbox 1589 1413 1678 1442; x_wconf 90' lang='lat' dir='ltr'>Cum-</span> 
     </span>
     <span class='ocr_line' id='line_1_29' title="bbox 187 1458 1677 1499; baseline -0.001 -9"><span class='ocrx_word' id='word_1_270' title='bbox 187 1472 283 1499; x_wconf 85' lang='lat' dir='ltr'>myng,</span> <span class='ocrx_word' id='word_1_271' title='bbox 304 1462 433 1490; x_wconf 64' lang='lat' dir='ltr'>,Iohanne</span> <span class='ocrx_word' id='word_1_272' title='bbox 449 1460 586 1495; x_wconf 86' lang='lat' dir='ltr'>Guthere‚</span> <span class='ocrx_word' id='word_1_273' title='bbox 609 1460 734 1497; x_wconf 87' lang='lat' dir='ltr'>Hugone</span> <span class='ocrx_word' id='word_1_274' title='bbox 757 1460 850 1497; x_wconf 79' lang='lat' dir='ltr'>Cragy</span> <span class='ocrx_word' id='word_1_275' title='bbox 872 1463 900 1488; x_wconf 91' lang='lat' dir='ltr'>et</span> <span class='ocrx_word' id='word_1_276' title='bbox 918 1458 1063 1487; x_wconf 89' lang='lat' dir='ltr'>Willelmo</span> <span class='ocrx_word' id='word_1_277' title='bbox 1084 1458 1229 1496; x_wconf 84' lang='lat' dir='ltr'>Wysman,</span> <span class='ocrx_word' id='word_1_278' title='bbox 1250 1458 1374 1487; x_wconf 81' lang='lat' dir='ltr'>notariis.</span> <span class='ocrx_word' id='word_1_279' title='bbox 1416 1459 1502 1498; x_wconf 86' lang='lat' dir='ltr'>Apud</span> <span class='ocrx_word' id='word_1_280' title='bbox 1523 1460 1617 1497; x_wconf 84' lang='lat' dir='ltr'>Elgin,</span> <span class='ocrx_word' id='word_1_281' title='bbox 1639 1462 1677 1489; x_wconf 80' lang='lat'>20</span> 
     </span>
     <span class='ocr_line' id='line_1_30' title="bbox 185 1509 366 1537; baseline 0 0"><span class='ocrx_word' id='word_1_282' title='bbox 185 1509 267 1537; x_wconf 68' lang='lat' dir='ltr'>¹Iunii</span> <span class='ocrx_word' id='word_1_283' title='bbox 283 1510 366 1537; x_wconf 76' lang='lat'>1547.</span> 
     </span>
    </p>
   </div>
   <div class='ocr_carea' id='block_1_14' title="bbox 186 1648 1202 1689">
    <p class='ocr_par' dir='ltr' id='par_1_14' title="bbox 186 1648 1202 1689">
     <span class='ocr_line' id='line_1_31' title="bbox 186 1648 1202 1689; baseline -0.003 -10"><span class='ocrx_word' id='word_1_284' title='bbox 186 1651 351 1689; x_wconf 87' lang='lat' dir='ltr'>Preceptum</span> <span class='ocrx_word' id='word_1_285' title='bbox 365 1650 458 1679; x_wconf 78' lang='lat' dir='ltr'>sasmae</span> <span class='ocrx_word' id='word_1_286' title='bbox 472 1650 602 1689; x_wconf 88' lang='lat' dir='ltr'>ejusdem,</span> <span class='ocrx_word' id='word_1_287' title='bbox 616 1651 714 1679; x_wconf 81' lang='lat' dir='ltr'>eodem</span> <span class='ocrx_word' id='word_1_288' title='bbox 728 1650 772 1679; x_wconf 90' lang='lat' dir='ltr'>die</span> <span class='ocrx_word' id='word_1_289' title='bbox 787 1655 815 1678; x_wconf 81' lang='lat' dir='ltr'>et</span> <span class='ocrx_word' id='word_1_290' title='bbox 829 1650 890 1678; x_wconf 91' lang='lat' dir='ltr'>loco</span> <span class='ocrx_word' id='word_1_291' title='bbox 905 1649 1063 1688; x_wconf 83' lang='lat' dir='ltr'>eisdemque</span> <span class='ocrx_word' id='word_1_292' title='bbox 1077 1648 1202 1677; x_wconf 87' lang='lat' dir='ltr'>testibus.</span> 
     </span>
    </p>
   </div>
   <div class='ocr_carea' id='block_1_15' title="bbox 183 1789 1675 2067">
    <p class='ocr_par' dir='ltr' id='par_1_15' title="bbox 183 1789 1675 2067">
     <span class='ocr_line' id='line_1_32' title="bbox 184 1789 1675 1831; baseline -0.001 -10"><span class='ocrx_word' id='word_1_293' title='bbox 184 1792 406 1821; x_wconf 85' lang='lat' dir='ltr'>Instrumentum</span> <span class='ocrx_word' id='word_1_294' title='bbox 425 1792 507 1831; x_wconf 88' lang='lat' dir='ltr'>super</span> <span class='ocrx_word' id='word_1_295' title='bbox 526 1792 710 1830; x_wconf 78' lang='lat' dir='ltr'>resignatione</span> <span class='ocrx_word' id='word_1_296' title='bbox 725 1791 818 1820; x_wconf 82' lang='lat' dir='ltr'>vitalis</span> <span class='ocrx_word' id='word_1_297' title='bbox 838 1791 963 1820; x_wconf 85' lang='lat' dir='ltr'>redditus</span> <span class='ocrx_word' id='word_1_298' title='bbox 983 1794 1122 1820; x_wconf 85' lang='lat' dir='ltr'>terrarum</span> <span class='ocrx_word' id='word_1_299' title='bbox 1142 1791 1175 1819; x_wconf 88' lang='lat' dir='ltr'>de</span> <span class='ocrx_word' id='word_1_300' title='bbox 1197 1790 1364 1822; x_wconf 79' lang='lat' dir='ltr'>Queralwod</span> <span class='ocrx_word' id='word_1_301' title='bbox 1378 1794 1407 1818; x_wconf 84' lang='lat' dir='ltr'>et</span> <span class='ocrx_word' id='word_1_302' title='bbox 1421 1789 1524 1827; x_wconf 81' lang='lat' dir='ltr'>Lidget</span> <span class='ocrx_word' id='word_1_303' title='bbox 1542 1800 1558 1818; x_wconf 85' lang='lat' dir='ltr'>a</span> <span class='ocrx_word' id='word_1_304' title='bbox 1572 1791 1675 1820; x_wconf 83' lang='lat' dir='ltr'>Joneta</span> 
     </span>
     <span class='ocr_line' id='line_1_33' title="bbox 184 1837 1674 1877; baseline -0.001 -10"><span class='ocrx_word' id='word_1_305' title='bbox 184 1840 268 1868; x_wconf 89' lang='lat' dir='ltr'>Innes</span> <span class='ocrx_word' id='word_1_306' title='bbox 289 1840 386 1868; x_wconf 77' lang='lat' dir='ltr'>relicta</span> <span class='ocrx_word' id='word_1_307' title='bbox 407 1840 545 1877; x_wconf 87' lang='lat' dir='ltr'>quondam</span> <span class='ocrx_word' id='word_1_308' title='bbox 560 1839 696 1868; x_wconf 88' lang='lat' dir='ltr'>Willelmi</span> <span class='ocrx_word' id='word_1_309' title='bbox 718 1839 886 1868; x_wconf 88' lang='lat' dir='ltr'>Sutherland</span> <span class='ocrx_word' id='word_1_310' title='bbox 900 1839 934 1867; x_wconf 91' lang='lat' dir='ltr'>de</span> <span class='ocrx_word' id='word_1_311' title='bbox 950 1838 1072 1866; x_wconf 87' lang='lat' dir='ltr'>Duffous</span> <span class='ocrx_word' id='word_1_312' title='bbox 1092 1837 1165 1866; x_wconf 84' lang='lat' dir='ltr'>facta</span> <span class='ocrx_word' id='word_1_313' title='bbox 1184 1838 1213 1865; x_wconf 93' lang='lat' dir='ltr'>in</span> <span class='ocrx_word' id='word_1_314' title='bbox 1234 1838 1361 1865; x_wconf 80' lang='lat' dir='ltr'>manibus</span> <span class='ocrx_word' id='word_1_315' title='bbox 1381 1837 1504 1875; x_wconf 79' lang='lat' dir='ltr'>magistri</span> <span class='ocrx_word' id='word_1_316' title='bbox 1521 1838 1674 1866; x_wconf 81' lang='lat' dir='ltr'>Alexandri</span> 
     </span>
     <span class='ocr_line' id='line_1_34' title="bbox 184 1885 1674 1925; baseline -0.001 -10"><span class='ocrx_word' id='word_1_317' title='bbox 184 1887 303 1915; x_wconf 79' lang='lat' dir='ltr'>Dunbar</span> <span class='ocrx_word' id='word_1_318' title='bbox 325 1887 419 1915; x_wconf 85' lang='lat' dir='ltr'>decani</span> <span class='ocrx_word' id='word_1_319' title='bbox 441 1892 470 1915; x_wconf 87' lang='lat' dir='ltr'>et</span> <span class='ocrx_word' id='word_1_320' title='bbox 488 1887 583 1915; x_wconf 80' lang='lat' dir='ltr'>vicarii</span> <span class='ocrx_word' id='word_1_321' title='bbox 604 1886 750 1924; x_wconf 77' lang='lat' dir='ltr'>generalis,</span> <span class='ocrx_word' id='word_1_322' title='bbox 773 1886 919 1925; x_wconf 87' lang='lat' dir='ltr'>episcopali</span> <span class='ocrx_word' id='word_1_323' title='bbox 938 1886 1000 1914; x_wconf 84' lang='lat' dir='ltr'>sede</span> <span class='ocrx_word' id='word_1_324' title='bbox 1021 1890 1148 1919; x_wconf 81' lang='lat' dir='ltr'>vacante,</span> <span class='ocrx_word' id='word_1_325' title='bbox 1173 1885 1202 1913; x_wconf 90' lang='lat' dir='ltr'>in</span> <span class='ocrx_word' id='word_1_326' title='bbox 1223 1885 1347 1914; x_wconf 84' lang='lat' dir='ltr'>savorem</span> <span class='ocrx_word' id='word_1_327' title='bbox 1368 1885 1418 1912; x_wconf 91' lang='lat' dir='ltr'>filii</span> <span class='ocrx_word' id='word_1_328' title='bbox 1436 1885 1478 1913; x_wconf 86' lang='lat' dir='ltr'>sui</span> <span class='ocrx_word' id='word_1_329' title='bbox 1495 1885 1674 1923; x_wconf 82' lang='lat' dir='ltr'>primogeniti</span> 
     </span>
     <span class='ocr_line' id='line_1_35' title="bbox 183 1932 1674 1970; baseline -0.001 -8"><span class='ocrx_word' id='word_1_330' title='bbox 183 1934 320 1962; x_wconf 89' lang='lat' dir='ltr'>Willelmi</span> <span class='ocrx_word' id='word_1_331' title='bbox 336 1934 513 1963; x_wconf 80' lang='lat' dir='ltr'>Sutherland.</span> <span class='ocrx_word' id='word_1_332' title='bbox 553 1934 681 1962; x_wconf 87' lang='lat' dir='ltr'>Testibus</span> <span class='ocrx_word' id='word_1_333' title='bbox 701 1934 821 1962; x_wconf 86' lang='lat' dir='ltr'>dominis</span> <span class='ocrx_word' id='word_1_334' title='bbox 837 1934 956 1968; x_wconf 78' lang='lat' dir='ltr'>Thoma,</span> <span class='ocrx_word' id='word_1_335' title='bbox 979 1934 1110 1962; x_wconf 81' lang='lat' dir='ltr'>Johanne</span> <span class='ocrx_word' id='word_1_336' title='bbox 1131 1933 1248 1966; x_wconf 78' lang='lat' dir='ltr'>Lokart‚</span> <span class='ocrx_word' id='word_1_337' title='bbox 1274 1932 1412 1961; x_wconf 81' lang='lat' dir='ltr'>canonicis</span> <span class='ocrx_word' id='word_1_338' title='bbox 1435 1932 1619 1970; x_wconf 82' lang='lat' dir='ltr'>prebendariis</span> <span class='ocrx_word' id='word_1_339' title='bbox 1641 1933 1674 1961; x_wconf 90' lang='lat' dir='ltr'>de</span> 
     </span>
     <span class='ocr_line' id='line_1_36' title="bbox 185 1980 1673 2019; baseline -0.001 -10"><span class='ocrx_word' id='word_1_340' title='bbox 185 1981 325 2010; x_wconf 87' lang='lat' dir='ltr'>Aberlour</span> <span class='ocrx_word' id='word_1_341' title='bbox 338 1986 366 2010; x_wconf 84' lang='lat' dir='ltr'>et</span> <span class='ocrx_word' id='word_1_342' title='bbox 381 1981 574 2018; x_wconf 84' lang='lat' dir='ltr'>Innerkethny</span> <span class='ocrx_word' id='word_1_343' title='bbox 589 1986 617 2010; x_wconf 84' lang='lat' dir='ltr'>et</span> <span class='ocrx_word' id='word_1_344' title='bbox 628 1981 741 2009; x_wconf 88' lang='lat' dir='ltr'>domino</span> <span class='ocrx_word' id='word_1_345' title='bbox 755 1981 866 2009; x_wconf 74' lang='lat' dir='ltr'>Thomu</span> <span class='ocrx_word' id='word_1_346' title='bbox 881 1982 947 2019; x_wconf 82' lang='lat' dir='ltr'>Hay</span> <span class='ocrx_word' id='word_1_347' title='bbox 961 1981 1049 2009; x_wconf 85' lang='lat' dir='ltr'>scriba</span> <span class='ocrx_word' id='word_1_348' title='bbox 1062 1981 1147 2009; x_wconf 85' lang='lat' dir='ltr'>curiae</span> <span class='ocrx_word' id='word_1_349' title='bbox 1161 1980 1361 2009; x_wconf 78' lang='lat' dir='ltr'>consistorialis.</span> <span class='ocrx_word' id='word_1_350' title='bbox 1396 1980 1509 2008; x_wconf 82' lang='lat' dir='ltr'>Andrea</span> <span class='ocrx_word' id='word_1_351' title='bbox 1524 1980 1557 2008; x_wconf 88' lang='lat' dir='ltr'>de</span> <span class='ocrx_word' id='word_1_352' title='bbox 1573 1980 1673 2009; x_wconf 83' lang='lat' dir='ltr'>Sancto</span> 
     </span>
     <span class='ocr_line' id='line_1_37' title="bbox 185 2028 865 2067; baseline 0 -10"><span class='ocrx_word' id='word_1_353' title='bbox 185 2029 267 2058; x_wconf 69' lang='lat' dir='ltr'>Claro</span> <span class='ocrx_word' id='word_1_354' title='bbox 281 2029 399 2058; x_wconf 87' lang='lat' dir='ltr'>notario.</span> <span class='ocrx_word' id='word_1_355' title='bbox 440 2029 527 2067; x_wconf 87' lang='lat' dir='ltr'>Apud</span> <span class='ocrx_word' id='word_1_356' title='bbox 541 2028 635 2066; x_wconf 83' lang='lat' dir='ltr'>Elgin,</span> <span class='ocrx_word' id='word_1_357' title='bbox 653 2030 666 2056; x_wconf 94' lang='lat' dir='ltr'>l</span> <span class='ocrx_word' id='word_1_358' title='bbox 682 2028 762 2058; x_wconf 86' lang='lat' dir='ltr'>Junii</span> <span class='ocrx_word' id='word_1_359' title='bbox 779 2030 865 2057; x_wconf 77' lang='lat'>1529.</span> 
     </span>
    </p>
   </div>
   <div class='ocr_carea' id='block_1_16' title="bbox 183 2167 1668 2257">
    <p class='ocr_par' dir='ltr' id='par_1_16' title="bbox 183 2167 1668 2257">
     <span class='ocr_line' id='line_1_38' title="bbox 184 2167 1668 2206; baseline -0.002 -8"><span class='ocrx_word' id='word_1_360' title='bbox 184 2170 401 2200; x_wconf 85' lang='lat' dir='ltr'>Instrumentum</span> <span class='ocrx_word' id='word_1_361' title='bbox 416 2171 509 2199; x_wconf 69' lang='lat' dir='ltr'>salinae</span> <span class='ocrx_word' id='word_1_362' title='bbox 523 2169 660 2198; x_wconf 91' lang='lat' dir='ltr'>Willelmi</span> <span class='ocrx_word' id='word_1_363' title='bbox 676 2170 844 2199; x_wconf 76' lang='lat' dir='ltr'>Sutherland</span> <span class='ocrx_word' id='word_1_364' title='bbox 858 2170 891 2198; x_wconf 86' lang='lat' dir='ltr'>de</span> <span class='ocrx_word' id='word_1_365' title='bbox 906 2170 1028 2199; x_wconf 86' lang='lat' dir='ltr'>Duffous</span> <span class='ocrx_word' id='word_1_366' title='bbox 1043 2170 1072 2198; x_wconf 91' lang='lat' dir='ltr'>in</span> <span class='ocrx_word' id='word_1_367' title='bbox 1086 2170 1168 2199; x_wconf 86' lang='lat' dir='ltr'>terris</span> <span class='ocrx_word' id='word_1_368' title='bbox 1182 2170 1216 2198; x_wconf 86' lang='lat' dir='ltr'>de</span> <span class='ocrx_word' id='word_1_369' title='bbox 1229 2169 1397 2201; x_wconf 77' lang='lat' dir='ltr'>Queralwod</span> <span class='ocrx_word' id='word_1_370' title='bbox 1411 2173 1438 2197; x_wconf 89' lang='lat' dir='ltr'>et</span> <span class='ocrx_word' id='word_1_371' title='bbox 1450 2168 1584 2206; x_wconf 81' lang='lat' dir='ltr'>Greschip</span> <span class='ocrx_word' id='word_1_372' title='bbox 1598 2167 1668 2196; x_wconf 76' lang='lat' dir='ltr'>infra</span> 
     </span>
     <span class='ocr_line' id='line_1_39' title="bbox 183 2215 1667 2257; baseline -0.001 -12"><span class='ocrx_word' id='word_1_373' title='bbox 183 2218 336 2247; x_wconf 88' lang='lat' dir='ltr'>dominium</span> <span class='ocrx_word' id='word_1_374' title='bbox 349 2220 382 2248; x_wconf 87' lang='lat' dir='ltr'>de</span> <span class='ocrx_word' id='word_1_375' title='bbox 397 2219 516 2256; x_wconf 83' lang='lat' dir='ltr'>Murray</span> <span class='ocrx_word' id='word_1_376' title='bbox 530 2222 558 2247; x_wconf 82' lang='lat' dir='ltr'>et</span> <span class='ocrx_word' id='word_1_377' title='bbox 573 2218 744 2247; x_wconf 76' lang='lat' dir='ltr'>Ballivatum</span> <span class='ocrx_word' id='word_1_378' title='bbox 757 2218 791 2246; x_wconf 91' lang='lat' dir='ltr'>de</span> <span class='ocrx_word' id='word_1_379' title='bbox 807 2217 892 2256; x_wconf 84' lang='lat' dir='ltr'>Elgin</span> <span class='ocrx_word' id='word_1_380' title='bbox 905 2222 934 2247; x_wconf 79' lang='lat' dir='ltr'>et</span> <span class='ocrx_word' id='word_1_381' title='bbox 949 2217 1057 2254; x_wconf 71' lang='lat' dir='ltr'>Fortes,</span> <span class='ocrx_word' id='word_1_382' title='bbox 1076 2218 1158 2256; x_wconf 85' lang='lat' dir='ltr'>super</span> <span class='ocrx_word' id='word_1_383' title='bbox 1171 2221 1334 2257; x_wconf 85' lang='lat' dir='ltr'>preceptum</span> <span class='ocrx_word' id='word_1_384' title='bbox 1349 2216 1471 2254; x_wconf 86' lang='lat' dir='ltr'>Regium</span> <span class='ocrx_word' id='word_1_385' title='bbox 1484 2216 1544 2254; x_wconf 86' lang='lat' dir='ltr'>post</span> <span class='ocrx_word' id='word_1_386' title='bbox 1558 2215 1667 2253; x_wconf 81' lang='lat' dir='ltr'>inquist-</span> 
     </span>
    </p>
   </div>
  </div>
 </body>
</html>
