2060 2660
244 1221 311 1251 112

350 148 418 180 124
735 142 1051 180 REGISTRUM
1080 140 1446 178 MORAVIENSE.

345 243 389 278 ad
417 242 555 278 difi’cum
584 241 755 290 hospitale
775 262 783 270 -
811 242 941 278 scilicet
963 242 1092 290 viginti
1118 241 1247 276 solidos
1273 240 1317 275 ad
1341 238 1465 275 festum
1492 237 1616 273 saneti
1635 238 1783 274 martini
1806 239 1843 274 in

344 313 446 348 yeme
465 305 500 335 et
520 300 647 347 viginti
666 300 793 335 solidos
811 301 856 336 ad
874 299 1105 336 Pentecosten
1124 298 1288 346 proximo
1307 297 1510 343 sequentem
1531 314 1539 322 ·
1567 294 1620 330 Ut
1637 300 1757 330 autem
1777 296 1842 332 hec

344 358 522 393 ordinatio
553 363 765 406 perpetuum
795 358 954 393 obtineat
982 357 1093 392 robur
1121 355 1297 390 firmitatis
1324 353 1417 401 parti
1446 352 1552 400 hujus
1580 352 1751 401 scripture
1777 367 1841 402 per

344 415 490 451 modum
517 415 730 463 cyrographi
757 416 921 451 confeeoe
950 427 1057 462 penes
1086 413 1247 448 Priorem
1274 416 1310 446 et
1336 415 1554 445 conventum
1583 409 1839 448 Sanctiandree

343 471 506 509 residenti
533 472 687 521 apposita
713 473 792 508 sunt
818 471 928 520 sigilla
956 471 1043 506 disti
1065 469 1277 506 venerabilis
1304 467 1413 516 patris
1441 466 1605 515 Episcopi
1632 473 1669 503 et
1692 469 1838 515 capituli

342 531 504 567 moravie
522 544 602 566 cum
623 529 932 578 subscriptionibus
950 528 1146 564 eorundem
1166 532 1201 561 et
1218 525 1329 573 figilla
1347 525 1443 560 dicte
1464 524 1622 560 Domine
1641 525 1685 561 de
1700 526 1839 563 Rothes

341 594 376 623 et
395 588 482 623 di6fi
501 588 679 636 hospitalis
696 607 704 615 ·
724 587 813 636 parti
830 600 915 622 vero
930 585 1032 621 alteri
1052 597 1159 633 penes
1173 584 1321 619 alteram
1342 587 1478 630 partem
1498 581 1665 618 residenti
1683 583 1838 632 apposita

341 645 420 680 sunt
446 644 555 693 sigilla
579 644 792 681 venerabilis
818 643 926 693 patris
949 642 1112 691 Episcopi
1139 647 1175 677 et
1201 640 1349 689 capituli
1375 640 1633 676 Sanctiandree
1657 654 1739 676 cum
1762 642 1838 678 sub-

340 703 585 750 scriptionibus
620 703 769 737 fratrum
801 721 809 729 ·
854 700 1018 736 Testibus
1054 699 1218 747 capitulis
1253 697 1444 733 antedictis
1477 718 1485 726 ·
1530 698 1610 745 Ego
1643 698 1707 734 -H·
1738 700 1837 748 prior

339 760 596 795 Sanctiandree
627 760 800 795 subscribo
832 778 840 787 ·
887 759 965 805 Ego
997 758 1057 793 ·R·
1089 756 1251 805 supprior
1283 755 1457 791 subscribo
1492 775 1500 783 ·
1548 755 1628 804 Ego
1659 756 1729 791 -W·
1760 757 1836 793 sub-

338 817 449 852 scribo
477 837 484 845 ·
527 818 605 865 Ego
637 817 697 853 ·G·
730 817 856 852 tertius
883 816 982 864 prior
1008 814 1183 850 subscribo
1212 833 1220 841 ·
1262 814 1342 861 Ego
1372 813 1431 850 Jo·
1461 813 1597 861 primus
1627 813 1801 850 subscribo
1825 836 1832 843 ·

339 874 417 920 Ego
437 874 596 910 Thomas
614 875 786 910 subscribo
807 894 814 902 ·
846 874 924 922 Ego
942 873 1051 908 frater
1072 872 1192 907 Adam
1211 870 1387 907 subscribo
1407 891 1415 899 ·
1449 870 1528 919 Ego
1546 871 1657 908 frater
1676 871 1834 908 Thomas

337 932 510 969 subscribo
531 952 539 960 ·

335 1104 571 1140 Confirmatio
593 1104 667 1139 Eve
687 1103 730 1139 de
749 1103 937 1141 (northach
957 1122 965 1130 ·
986 1102 1031 1138 de
1049 1100 1192 1138 ecclefia
1210 1102 1254 1138 de
1275 1101 1413 1138 Rothes
1432 1122 1440 1129 ·

333 1218 511 1254 Omnibus
530 1219 597 1254 hoc
616 1219 781 1267 scriptum
801 1218 925 1253 visuris
943 1218 1000 1254 vel
1019 1217 1194 1253 audituris
1213 1217 1359 1253 domina
1377 1217 1455 1254 Eva
1473 1217 1662 1254 morthach
1686 1218 1831 1253 domina

331 1277 374 1312 de
395 1277 533 1312 Rothes
551 1277 697 1312 salutem
717 1296 725 1304 ·
755 1277 876 1312 Sciant
893 1276 1071 1324 presentes
1089 1281 1125 1311 et
1142 1275 1255 1311 futuri
1277 1289 1334 1311 me
1356 1276 1485 1311 dedisse
1509 1281 1546 1312 et
1569 1274 1767 1312 concessifl'e
1794 1282 1829 1312 et

330 1334 395 1370 hac
419 1339 515 1369 carta
540 1348 619 1370 mea
639 1334 860 1370 confirmasse
879 1334 962 1370 Deo
981 1339 1017 1369 et
1035 1334 1137 1369 beate
1156 1334 1270 1370 (Darie
1289 1339 1325 1369 et
1342 1333 1446 1369 beato
1466 1333 1643 1370 Nicholao
1662 1339 1698 1369 et
1716 1334 1828 1382 hospi-

328 1392 389 1426 tali
405 1392 527 1428 Sanc-‘ci
542 1392 707 1428 Nicholai
722 1392 841 1440 pontis
856 1392 899 1428 de
915 1392 983 1440 Spe
996 1411 1004 1419 ·
1020 1392 1065 1427 ad
1080 1390 1367 1427 sustentationem
1383 1404 1581 1439 pauperum
1596 1391 1727 1427 ibidem
1742 1405 1827 1427 con-

328 1449 514 1485 fluentium
535 1469 542 1477 ·
571 1448 749 1485 ecclesiam
769 1450 813 1485 de
834 1450 972 1485 Rothes
995 1454 1031 1485 et
1053 1449 1222 1497 quicquid
1240 1449 1333 1498 juris
1355 1449 1392 1484 in
1418 1449 1529 1498 ipsam
1548 1448 1678 1485 habere
1695 1450 1796 1498 potui
1817 1469 1824 1477 ·

328 1520 432 1553 quam
460 1507 581 1543 inclite
608 1508 866 1543 recordationis
892 1507 1025 1544 (Duriel
1052 1508 1096 1543 de
1122 1507 1251 1543 Pollok
1278 1513 1392 1543 mater
1418 1520 1496 1543 mea
1523 1507 1639 1543 eidem
1663 1506 1825 1555 hospitali

328 1565 425 1599 dedit
443 1570 478 1600 et
496 1564 661 1601 concessit
674 1585 681 1593 ·
706 1565 828 1608 Quare
846 1566 930 1601 volo
949 1571 985 1601 et
1002 1565 1162 1601 concedo
1181 1571 1223 1601 ut
1239 1565 1443 1614 predictum
1462 1564 1632 1613 hospitale
1650 1570 1825 1613 perpetuo

328 1622 454 1657 habeat
480 1628 515 1658 et
542 1621 711 1671 possideat
736 1623 935 1671 predictam
962 1622 1142 1659 ecclesiam
1167 1623 1257 1658 adeo
1282 1622 1393 1658 libere
1412 1642 1421 1651 ·
1443 1623 1563 1670 quiete
1581 1642 1590 1651 ·
1612 1622 1771 1671 plenarie
1789 1628 1824 1658 et

326 1679 521 1715 honorifice
540 1681 576 1715 in
597 1693 721 1728 puram
736 1679 959 1716 elemosinam
975 1679 1062 1717 sieut
1079 1681 1198 1728 aliqua
1216 1679 1359 1717 ecclesia
1372 1681 1429 1716 vel
1448 1679 1638 1716 elemosina
1654 1680 1799 1716 liberius
1814 1700 1822 1708 ·

326 1737 477 1783 quietius
497 1757 505 1764 ·
526 1737 663 1785 plenius
681 1743 717 1773 et
735 1738 1028 1774 honorificentius
1046 1738 1089 1774 ab
1107 1739 1227 1786 aliquo
1245 1739 1336 1774 laico
1354 1743 1508 1787 patrono
1526 1737 1678 1775 habetur
1696 1743 1732 1774 et
1748 1738 1823 1787 pos-

325 1793 455 1830 sidetur
475 1814 483 1822 ·
517 1795 561 1829 In
588 1795 688 1843 cujus
714 1796 765 1831 rei
792 1795 1030 1832 testimonium
1057 1797 1141 1832 huic
1168 1797 1296 1845 scripto
1322 1795 1473 1844 sigillum
1499 1809 1621 1832 meum
1648 1796 1793 1845 apposui
1813 1816 1820 1823 ·

326 1851 487 1887 Testibus
506 1852 652 1887 domino
671 1853 848 1888 Willelmo
863 1854 907 1888 de
924 1854 1036 1889 Aston
1051 1854 1225 1890 canonico
1239 1853 1470 1891 moraviensis
1488 1852 1629 1890 ecclesie
1645 1873 1653 1881 ·
1673 1854 1820 1889 domino

326 1909 508 1945 Willelmo
527 1910 658 1945 vicario
677 1910 722 1945 de
742 1911 968 1946 Dundurkus
988 1932 995 1939 ·
1024 1912 1171 1947 domino
1194 1912 1356 1948 Henrico
1381 1911 1566 1960 capellano
1588 1912 1632 1947 de
1653 1911 1791 1948 Rothes
1810 1932 1818 1939 ·

324 1968 470 2004 matheo
490 1968 533 2002 de
556 1968 672 2016 Elgyn
692 1969 864 2004 canonico
884 1969 1113 2005 moraviensis
1132 1969 1273 2006 ecclesie
1288 1990 1296 1999 ·
1319 1970 1481 2006 Roberto
1499 1969 1544 2006 de
1564 1969 1692 2006 Pollok
1707 1989 1714 1997 ·
1736 1969 1820 2006 Ada

324 2025 397 2060 silio
420 2025 569 2060 Roberti
589 2045 597 2053 ·
618 2025 799 2061 willelmo
818 2027 1054 2075 dispensatore
1073 2048 1081 2055 -
1101 2033 1137 2064 et
1154 2028 1231 2063 aliis
1250 2048 1258 2056 ·
