2066 2780
349 157 397 188 32
749 152 1065 190 REGISTRUM
1094 150 1455 188 MORAVIENSE.

350 250 491 288 Olifard
514 253 707 302 justiciario
742 252 929 288 Laudonie
972 271 980 279 ·
1022 251 1143 286 Alano
1169 249 1333 285 hostiario
1371 268 1379 276 ·
1419 247 1580 282 Waltero
1612 247 1656 282 de
1689 247 1803 296 Petyn
1836 268 1844 276 ·

352 308 508 346 Ricardo
527 311 571 347 de
589 311 753 348 moravia
779 329 787 337 ·
817 310 928 358 Apud
952 307 1161 356 Dillingtun
1185 307 1222 342 in
1246 304 1491 342 Norhumbria
1518 304 1576 339 ·xi·
1606 304 1663 340 die
1690 305 1848 354 Septem-

350 366 419 402 bris
437 381 532 404 anno
552 369 687 404 domini
708 368 817 416 Regis
836 365 997 402 vicesuno
1017 365 1170 400 secundo
1189 384 1197 392 ·

351 544 408 580 De
427 543 615 591 Tulychen
634 547 669 577 et
690 540 881 576 Rotheuan
901 558 909 566 ·

272 660 319 692 88
348 658 557 694 Alexander
584 657 655 691 Dei
680 655 795 703 gratia
822 654 902 689 Rex
929 653 1134 688 Scottorum
1163 649 1328 685 omnibus
1355 649 1476 698 probis
1502 649 1706 686 hominibus
1730 651 1845 687 tocius

346 722 440 751 terre
467 716 525 751 sue
552 714 696 749 salutem
725 732 732 740 ·
761 712 880 747 Sciant
898 710 1074 759 presentes
1093 713 1129 743 et
1146 707 1258 743 futuri
1276 720 1342 742 nos
1361 707 1490 742 dediffe
1509 706 1706 744 concessisse
1725 714 1761 744 et
1778 709 1843 745 hac

345 773 496 821 presenti
511 778 607 808 carta
619 770 733 806 nostra
747 768 965 805 confirmasse
979 766 1127 802 Andree
1142 765 1303 813 episcopo
1319 763 1533 801 (Doravienfi
1547 770 1582 800 et
1597 765 1845 802 suceefforibus

346 830 421 878 ejus
447 829 614 878 episcopis
640 827 801 864 moravie
824 832 936 861 terras
962 823 1095 859 nostras
1123 823 1167 858 de
1195 822 1410 870 Thulychen
1438 822 1475 857 in
1500 823 1678 871 Strathspe
1706 843 1714 851 ·
1743 829 1778 859 et
1800 824 1844 860 de

349 887 519 923 Rothuan
538 887 573 921 iu
593 885 799 921 Stratheren
817 884 853 918 in
873 882 1035 919 (Doravia
1054 900 1062 908 ·
1082 894 1145 929 per
1168 881 1285 915 mistas
1306 880 1432 915 diuisas
1459 880 1535 915 suas
1562 886 1597 915 et
1624 894 1704 915 cum
1732 883 1844 917 omni-

345 944 409 980 bus
429 944 529 992 justis
554 942 779 991 pertinenciis
801 941 867 976 suis
894 960 902 967 ·
930 940 967 974 in
994 939 1140 974 liberam
1162 951 1289 986 puram
1308 942 1343 973 et
1361 943 1570 985 perpetuam
1589 937 1814 974 elemosinam
1834 959 1842 967 ·

344 1015 409 1049 pro
436 1002 553 1049 quieta
579 1000 788 1036 clamatione
816 998 936 1033 ·xlviii-
965 997 1157 1031 solidorum
1181 1008 1270 1042 quos
1293 995 1411 1030 di&us
1438 995 1632 1043 Episcopus
1658 997 1844 1032 annuatim

344 1059 524 1107 percipere
551 1057 731 1093 consuevit
759 1057 801 1091 sle
829 1055 931 1091 terris
957 1054 1082 1089 nostris
1107 1054 1150 1088 de
1173 1053 1363 1088 Fernauan
1383 1072 1391 1080 ·
1411 1052 1650 1101 Thulyduuin
1678 1073 1686 1081 ·
1714 1067 1845 1102 magna

347 1116 558 1151 Kentcfl'och
577 1121 612 1150 ct
630 1115 708 1162 Kep
724 1134 732 1142 ·
747 1127 832 1161 quas
847 1119 958 1148 terras
976 1111 1159 1146 monachis
1174 1111 1218 1147 de
1234 1110 1451 1159 Pluscardyn
1470 1111 1632 1146 dedimus
1650 1111 1687 1146 in
1706 1125 1843 1147 excam-

343 1174 436 1208 bium
458 1173 754 1220 vigintiquatuor
779 1171 948 1206 librarum
972 1183 1057 1216 quas
1081 1168 1259 1204 habebant
1284 1169 1322 1203 in
1350 1168 1504 1216 piscariis
1530 1168 1655 1203 nostris
1682 1169 1725 1204 de
1751 1169 1844 1218 Fyn-

341 1231 452 1277 daryn
477 1235 514 1265 et
540 1243 605 1277 pro
632 1229 751 1276 quieta
775 1228 986 1263 clamatione
1012 1227 1133 1262 decem
1160 1226 1354 1261 solidorum
1374 1231 1409 1261 et
1428 1227 1512 1261 οᾶὶο
1532 1226 1760 1262 denariorum
1782 1228 1842 1274 qui

341 1287 560 1322 debebantur
587 1286 756 1334 prodiistis
784 1285 954 1333 episcopis
982 1283 1126 1332 singulis
1152 1284 1254 1319 annis
1280 1284 1323 1319 de
1352 1284 1495 1319 redditu
1521 1283 1640 1318 nostro
1672 1284 1715 1319 de
1744 1285 1841 1320 (1ὶὸὶο

341 1344 497 1379 Tuliken
525 1363 532 1371 ·
562 1344 690 1378 scilicet
712 1344 864 1378 duarum
884 1355 1085 1377 marcarum
1113 1361 1121 1369 ·
1151 1342 1274 1383 Quare
1293 1341 1459 1376 volumus
1485 1347 1520 1376 et
1547 1342 1776 1377 concedimus
1802 1348 1841 1378 ut

340 1402 519 1449 predictus
532 1401 724 1449 Episcopus
738 1406 773 1435 et
788 1400 994 1435 successores
1013 1399 1063 1434 sui
1079 1399 1230 1447 episcopi
1245 1399 1407 1435 <Duravie
1421 1398 1575 1434 habeant
1593 1404 1628 1434 et
1646 1398 1841 1447 pollideant

340 1460 516 1506 predi&as
530 1464 641 1494 terras
660 1459 704 1493 de
723 1457 936 1505 Thulechyn
956 1462 991 1492 et
1009 1457 1053 1492 de
1074 1457 1246 1492 Rothuan
1261 1470 1324 1504 per
1338 1457 1455 1491 retffizs
1473 1457 1597 1491 divisas
1615 1457 1691 1492 suas
1709 1463 1839 1493 etcum

341 1517 503 1551 omnibus
516 1515 615 1563 justis
633 1516 859 1563 pertinenciis
877 1515 944 1550 suis
971 1534 979 1542 ·
1008 1515 1045 1549 in
1063 1514 1167 1550 bosco
1187 1520 1221 1550 et
1240 1514 1347 1562 plano
1375 1534 1383 1542 ·
1412 1514 1449 1549 in
1467 1515 1570 1549 terris
1589 1519 1624 1550 et
1641 1515 1740 1562 aquis
1768 1535 1776 1542 ·
1803 1515 1841 1551 iu

340 1574 448 1621 pratis
462 1579 497 1608 et
511 1573 643 1620 pascuis
658 1593 665 1600 -
686 1573 722 1607 in
741 1573 848 1607 moris
867 1578 902 1608 et
921 1571 1072 1608 mareliis
1091 1592 1099 1600 ·
1119 1573 1157 1607 in
1171 1572 1299 1619 stagnis
1313 1577 1349 1607 et
1363 1572 1578 1607 molendinis
1597 1592 1605 1600 ·
1626 1578 1660 1608 et
1675 1573 1839 1608 omnibus

340 1630 416 1665 aliis
439 1631 483 1665 ad
507 1630 684 1678 predictas
710 1635 821 1665 terras
837 1630 929 1678 juste
955 1630 1216 1678 pcrtinentibus
1243 1649 1251 1657 ·
1281 1629 1386 1666 Salva
1413 1629 1604 1678 Gyllecrist
1631 1630 1838 1667 Gartanach

342 1687 511 1722 heremite
538 1693 665 1722 tenura
693 1687 752 1722 sua
777 1693 871 1723 terre
900 1688 944 1723 de
976 1688 1148 1723 Rothuan
1178 1688 1215 1722 in
1241 1688 1316 1723 vita
1344 1687 1403 1722 sua
1431 1706 1439 1714 ·
1467 1688 1557 1723 adeo
1584 1687 1693 1723 libere
1719 1689 1838 1735 quiete

341 1744 497 1792 plenarie
522 1751 557 1780 et
582 1745 778 1780 honorifice
803 1743 887 1780 ficut
911 1745 1027 1792 aliqua
1051 1744 1239 1781 elemosina
1257 1746 1293 1780 in
1313 1757 1425 1792 regno
1443 1745 1562 1780 nostro
1581 1745 1725 1780 liberius
1742 1746 1838 1793 quie-

340 1802 409 1837 tius
436 1802 574 1850 plenius
601 1808 636 1837 ct
663 1802 958 1838 honorificencius
982 1809 1124 1839 tenetur
1152 1809 1187 1839 et
1213 1802 1406 1851 possidetur
1434 1822 1442 1830 ·
1472 1803 1712 1838 Concedimus
1730 1804 1836 1839 etiam

341 1860 502 1907 predi&o
522 1859 581 1894 ·A·
603 1859 763 1907 episcopo
782 1859 993 1896 moraviensi
1012 1867 1047 1896 et
1065 1861 1313 1897 successoribus
1335 1861 1401 1895 suis
1423 1860 1592 1909 episcopis
1610 1860 1838 1897 moraviensi-

340 1916 404 1951 bus
422 1923 461 1952 ut
481 1917 516 1951 in
534 1917 702 1964 predictis
720 1918 822 1952 terris
840 1918 985 1953 liberam
1004 1919 1138 1954 curiam
1156 1919 1252 1954 suam
1271 1918 1425 1954 habeant
1452 1938 1460 1946 ·
1493 1917 1655 1954 Testibus
1673 1918 1742 1953 -w-
1763 1919 1836 1954 filio

342 1974 450 2009 Alani
469 1974 653 2009 senescallo
666 1974 858 2022 justiciario
879 1976 999 2011 Scocie
1031 1996 1038 2004 -
1071 1977 1127 2011 W·
1150 1976 1293 2024 Cumyn
1312 1976 1442 2012 comite
1461 1976 1505 2011 de
1520 1976 1705 2012 meneteth
1736 1995 1745 2004 ·
1778 1976 1834 2011 W·

340 2031 480 2067 Olisard
493 2032 685 2080 justiciario
701 2032 886 2068 Laudonie
914 2052 921 2060 ·
950 2033 1005 2067 W·
1027 2033 1155 2082 Byseth
1174 2054 1182 2062 ·
1205 2035 1351 2082 Rogero
1372 2033 1516 2069 Auenel
1543 2053 1551 2061 ·
1581 2034 1702 2069 David
1720 2036 1835 2070 mare-

340 2089 442 2124 scallo
468 2108 476 2116 ·
504 2089 615 2137 Apud
635 2089 822 2137 Edinburg
843 2090 971 2126 octavo
996 2091 1051 2126 die
1078 2091 1260 2127 Februarii
1288 2105 1384 2127 anno
1411 2091 1511 2139 regni
1539 2090 1646 2127 nostri
1670 2089 1834 2126 vicesimo

339 2153 449 2182 tercio
466 2166 473 2174 ·
