2060 2660
61 849 129 880 104

549 165 865 202 REGISTRUM
892 164 1256 202 MORAVIENSE.
1578 174 1648 211 117

155 270 275 317 aliquo
302 267 381 304 casu
407 266 640 313 contingente
665 264 762 300 idem
785 263 981 311 capitulum
999 263 1057 298 vel
1073 268 1286 310 procurator
1308 263 1463 311 ejusdem
1489 266 1532 301 de
1559 267 1650 303 deci-

154 328 220 363 mis
247 324 456 374 supradifitis
483 336 547 371 per
573 335 700 358 manus
726 321 1045 370 prebendariorum
1071 320 1129 355 vel
1154 325 1428 367 procuratorum
1455 324 1650 360 eorundem

154 384 317 433 optinere
334 395 409 417 non
427 381 560 429 poterit
578 400 587 408 ·
612 380 680 415 hoc
706 392 773 427 pro
798 378 901 413 nobis
927 382 963 413 et
988 376 1237 412 succefforibus
1258 377 1384 412 nostris
1410 380 1507 414 omni
1530 394 1652 429 excep-

154 442 251 477 tione
269 445 306 475 et
318 439 410 488 juris
428 438 587 474 remedio
605 437 718 473 civilis
735 436 793 472 vel
812 435 975 471 canonici
992 434 1139 470 remotis
1153 434 1306 469 fideliter
1319 435 1559 482 promittimus
1578 457 1586 465 ·
1607 438 1651 474 In

154 498 256 547 cujus
266 497 319 533 rei
330 496 567 532 testimonium
580 508 655 530 una
665 507 747 530 cum
758 492 871 541 sigillo
882 492 1001 528 nostro
1011 492 1094 527 huic
1105 491 1234 540 scripto
1244 491 1434 539 appensum
1446 492 1494 528 est
1504 492 1652 541 sigillum

155 555 242 591 dieti
258 554 431 590 Willelmi
448 573 457 581 ·
486 553 625 589 Afitum
643 564 739 587 anno
757 551 871 599 gratie
891 550 1092 587 ·co⁰·cc⁰·liii·
1113 553 1174 584 ·x⁰·
1195 548 1377 585 Kalendas
1395 549 1605 586 Decembris
1620 571 1627 579 -

157 726 395 765 Confirmatio
413 726 516 774 super
534 723 726 779 refidencia
743 723 906 759 facienda
924 742 933 750 ·

158 843 203 879 In
231 842 377 878 nomine
406 841 517 877 Patris
540 845 576 876 et
602 839 684 875 Filii
707 844 743 875 et
769 838 921 887 Spiritus
945 837 1068 874 saneti
1089 850 1195 873 amen
1217 856 1226 865 ·
1255 836 1368 872 Anno
1385 837 1499 885 gratie
1518 842 1654 875 ·‹o⁰·cc⁰·

158 906 222 937 etc·
249 900 311 936 ubi
334 900 465 935 dicitur
488 900 529 933 in
549 898 690 945 primis
713 901 903 944 receptum
927 900 982 931 est
1004 900 1070 931 etc·
1099 894 1309 931 Alexander
1335 895 1516 943 episcopus
1539 896 1657 932 servus

159 959 340 994 servorum
369 957 442 992 Dei
469 955 665 992 venerabili
690 954 792 990 fratri
821 953 1052 989 Archebaldo
1080 952 1243 1001 episcopo
1272 951 1485 990 moravienfi
1511 953 1658 990 salutem

160 1021 195 1051 et
222 1014 446 1063 apostolicam
473 1013 763 1049 benedietionem
782 1031 790 1039 ·
820 1012 914 1048 Cum
940 1025 962 1046 a
986 1010 1089 1046 nobis
1114 1011 1249 1058 petitur
1272 1011 1370 1058 quod
1390 1010 1525 1059 justum
1552 1011 1600 1047 est
1626 1018 1662 1048 et

159 1072 343 1108 honestum
362 1077 432 1108 tam
455 1071 555 1119 vigor
573 1069 738 1117 equitatis
755 1082 862 1116 quam
881 1069 971 1104 ordo
990 1068 1138 1104 rationis
1160 1068 1271 1116 exigit
1293 1074 1334 1104 ut
1354 1068 1391 1104 id
1414 1082 1477 1117 per
1495 1069 1661 1105 sollicitu-

159 1131 279 1166 dinem
307 1129 413 1165 officii
440 1126 590 1177 [nostri]
618 1127 664 1162 ad
687 1126 846 1162 debitum
869 1126 1087 1174 perducatur
1108 1126 1276 1162 effefifflm
1295 1146 1303 1154 ·
1332 1127 1424 1163 Sane
1450 1127 1575 1175 petitio
1599 1134 1660 1163 tua

159 1188 260 1223 nobis
287 1185 441 1235 exposita
463 1184 670 1221 continebat
693 1185 790 1232 quod
813 1185 907 1220 bone
930 1185 1103 1220 memorie
1123 1184 1290 1220 Andreas
1308 1184 1488 1233 episcopus
1507 1187 1661 1222 (Doravi-

159 1244 246 1281 enfis
267 1244 487 1293 predecefl'or
510 1248 594 1279 tuus
620 1248 656 1278 et
682 1242 878 1290 capitulum
897 1241 1127 1279 moravienfis
1146 1241 1287 1278 ecclefie
1306 1242 1562 1279 deliberatione
1579 1256 1660 1291 pro-

160 1303 242 1338 vida
255 1302 453 1337 statuerunt
470 1301 567 1348 quod
581 1301 736 1336 decanus
750 1306 786 1335 et
799 1300 858 1335 alii
872 1300 1020 1348 persone
1039 1305 1145 1348 atque
1164 1300 1326 1336 canonici
1345 1300 1499 1349 ejusdem
1518 1300 1659 1337 ecclesie

160 1373 223 1408 per
241 1364 373 1395 certam
392 1364 530 1407 partem
549 1359 633 1394 anni
652 1357 875 1394 residentiam
894 1358 1051 1393 facerent
1068 1358 1106 1393 in
1124 1358 1249 1393 eadem
1268 1377 1276 1385 ·
1296 1357 1455 1406 alioquin
1478 1358 1660 1406 septimam

160 1423 295 1466 partem
309 1417 599 1465 provenientium
613 1416 758 1451 suorum
771 1416 937 1451 amittant
956 1435 964 1443 ·
984 1429 1053 1462 que
1068 1416 1144 1451 dari
1158 1415 1289 1451 debent
1302 1414 1533 1452 residentibus
1547 1422 1583 1452 et
1596 1416 1662 1452 ser-

160 1475 338 1510 vientibus
355 1474 393 1509 in
411 1473 554 1510 ecclefia
570 1474 734 1522 poedksta
752 1493 760 1501 ·
787 1473 894 1510 Justis
918 1479 1039 1509 autem
1056 1474 1127 1509 tuis
1145 1473 1309 1521 precibus
1325 1473 1485 1509 inclinati
1503 1474 1601 1521 quod
1618 1474 1661 1509 ab

161 1532 289 1568 eisdem
305 1531 479 1580 Episcopo
498 1537 534 1567 et
551 1531 708 1580 capitulo
726 1531 764 1566 in
782 1532 848 1567 hac
865 1536 966 1579 parte
984 1531 1135 1579 proinde
1149 1531 1285 1566 fafitum
1300 1530 1348 1566 est
1361 1536 1479 1566 ratum
1492 1531 1663 1567 habentes

162 1596 197 1626 et
226 1596 370 1638 gratum
400 1589 490 1624 illud
521 1590 735 1625 au&oritate
766 1588 955 1637 apostolica
985 1588 1238 1624 confirmamus
1272 1593 1308 1624 et
1341 1588 1511 1636 presentis
1545 1589 1663 1637 scripti

161 1647 359 1696 patrocinio
383 1647 646 1682 communimus
665 1666 674 1675 ·
701 1646 805 1682 Nulli
828 1660 914 1694 ergo
939 1646 1087 1681 omnino
1111 1646 1299 1681 hominum
1319 1646 1425 1682 liceat
1449 1646 1541 1682 hanc
1567 1648 1662 1695 pagi-

162 1718 243 1740 nam
271 1704 387 1740 nostre
414 1704 697 1740 confirmationis
718 1703 913 1753 infringere
937 1704 995 1740 vel
1019 1705 1052 1740 ei
1074 1704 1159 1739 ausu
1176 1704 1367 1739 temerario
1386 1705 1634 1740 contravenire
1654 1725 1662 1732 ·

164 1762 199 1798 Si
220 1763 297 1810 quis
315 1767 434 1798 autem
453 1763 518 1798 hec
537 1767 749 1811 attemptare
763 1762 1012 1810 presumpserit
1025 1762 1311 1810 indignationem
1325 1762 1579 1810 omnipotentis
1593 1762 1664 1798 Dei

121 1837 123 1839 ·
166 1826 201 1856 et
214 1820 402 1856 beatorum
418 1820 514 1855 Petri
529 1825 564 1855 et
579 1820 681 1856 Pauli
694 1820 934 1868 apostolorum
953 1820 1028 1868 ejus
1046 1820 1079 1856 se
1097 1819 1240 1855 noverit
1256 1819 1481 1855 incursurum
1496 1839 1505 1848 ·
1528 1820 1664 1856 Datum

71 2171 136 2202 105

165 1877 386 1914 Lateranens
391 1879 399 1891 ⁹
419 1878 477 1912 ·xi·
500 1877 681 1913 Kalendas
698 1878 861 1915 Januarii
880 1898 888 1906 ·
908 1878 1136 1926 pontificatus
1154 1876 1264 1913 nostri
1281 1890 1376 1913 anno
1394 1878 1548 1914 secundo
1564 1898 1572 1906 ·

167 2051 276 2093 Quod
295 2051 472 2099 pertineat
491 2050 665 2098 Episcopo
684 2049 834 2085 visitatio
854 2050 979 2086 decani
997 2056 1033 2086 et
1051 2050 1213 2086 omnium
1231 2050 1487 2086 canonicorum
1507 2069 1514 2077 ·

167 2163 344 2201 Omnibus
363 2164 492 2201 Christi
510 2165 674 2201 fidelibus
692 2165 761 2200 hoc
779 2165 946 2213 scriptum
965 2165 1089 2201 visuris
1107 2165 1165 2201 vel
1189 2165 1364 2201 audituris
1382 2164 1443 2200 ·A·
1462 2165 1534 2200 Dei
1551 2165 1664 2212 gratia

168 2221 411 2258 Brechinenfis
423 2223 605 2271 episcopus
620 2236 661 2258 ac
673 2222 829 2271 ejusdem
843 2222 912 2258 loci
928 2222 1214 2258 Archidiaconus
1222 2223 1362 2271 judices
1375 2236 1397 2258 a
1410 2222 1555 2257 domino
1570 2221 1664 2268 Papa

168 2279 319 2327 delegati
333 2280 479 2316 salutem
492 2281 529 2315 in
542 2280 703 2316 Domino
717 2300 725 2308 ·
747 2280 895 2322 Quanto
907 2280 997 2316 salus
1008 2281 1207 2316 animarum
1220 2293 1264 2316 ex
1276 2285 1372 2316 mote
1383 2278 1569 2327 questionis
1580 2291 1663 2314 con-
