1912 2660
143 1970 191 2004 22

716 83 896 121 CARTE
922 85 1261 123 ORIGINALES.
1659 95 1731 133 473

238 180 387 218 firmafl'e
413 179 585 217 cariffimo
609 181 684 217 filio
707 182 827 218 nostro
850 182 1057 219 Alexandro
1083 184 1269 220 Senescalli
1293 186 1395 221 militi
1419 200 1484 233 pro
1511 188 1676 235 homagio
1696 195 1730 224 et

240 240 388 276 seruicio
414 238 475 273 suo
503 251 626 274 omnes
650 244 687 274 et
711 238 864 287 singulas
888 245 1000 276 terras
1025 240 1159 276 nostras
1182 241 1226 276 de
1245 242 1433 279 Badenach
1452 245 1616 280 videlicet
1640 246 1732 281 sexa-

239 298 339 345 ginta
369 297 515 331 dauatas
545 301 640 331 terre
672 297 716 332 de
749 296 940 332 Badenach
970 311 1052 333 cum
1081 298 1309 346 pertinenciis
1339 314 1409 335 vna
1436 314 1517 337 cum
1546 302 1656 338 castro
1687 303 1730 338 de

238 352 501 401 Lochyndorbe
528 358 564 388 et
587 354 692 389 terris
716 367 756 389 ac
776 354 911 390 forestis
929 354 1054 390 nostris
1072 355 1187 390 eidem
1207 355 1316 391 castro
1340 357 1458 393 nostro
1480 360 1626 394 annexis
1650 373 1730 395 cum

235 410 463 459 pertinenciis
475 410 568 445 infra
578 410 868 447 vicecomitatum
881 412 925 447 de
939 412 1129 460 Innernyss
1142 431 1150 440 ·
1170 412 1362 448 Tenendas
1378 419 1414 448 et
1424 414 1602 450 habendas
1616 417 1730 452 eidem

235 467 446 503 Alexandro
464 468 655 504 heredibus
672 468 740 503 suis
755 474 791 504 et
808 469 876 504 suis
893 468 1069 517 affignatis
1094 470 1137 505 de
1156 470 1259 505 nobis
1284 476 1319 505 et
1344 471 1532 506 heredibus
1550 472 1674 507 nostris
1693 474 1728 507 in

233 525 339 561 feodo
358 531 394 561 et
411 526 609 561 hereditate
635 526 674 561 in
701 526 849 562 liberam
872 527 1042 575 regaliam
1061 540 1143 563 cum
1161 527 1273 563 feodis
1292 533 1327 563 et
1344 528 1577 564 forisfacturis
1595 535 1667 564 tam
1687 531 1729 565 de

233 596 319 631 pace
338 596 444 630 quarn
459 583 503 619 de
517 597 649 631 guerra
660 603 669 611 ·
689 597 771 619 cum
790 585 986 620 tenandriis
1003 591 1039 621 et
1056 585 1209 620 serviciis
1227 585 1336 621 libere
1355 586 1555 621 tenentium
1570 599 1609 621 ac
1624 587 1730 622 aduo-

234 641 434 676 cationibus
458 640 681 677 ecclefiarum
700 655 843 678 necnon
861 656 941 678 cum
964 643 1178 678 omnimodis
1196 643 1272 678 aliis
1291 648 1327 678 et
1347 642 1489 690 singulis
1510 644 1730 680 libertatibus

233 698 546 734 commoditatibus
575 698 795 747 ayfiamentis
822 705 857 736 et
879 700 980 748 justis
1006 701 1235 749 pertinenciis
1261 700 1526 748 quibuscunque
1550 702 1593 736 ad
1621 702 1730 738 dictas

228 760 340 791 terras
359 756 508 792 castrum
536 762 571 792 et
597 757 739 793 forestas
766 771 848 793 cum
874 758 1104 806 pertinenciis
1128 758 1365 805 spectantibus
1383 758 1443 793 seu
1463 758 1554 806 juste
1573 759 1727 806 spectare

231 813 432 849 valentibus
451 814 487 849 in
505 814 667 850 futurum
694 821 768 850 tam
794 828 870 850 non
895 816 1088 851 nominatis
1112 829 1218 863 quam
1243 816 1434 851 nominatis
1458 821 1530 851 tam
1553 816 1614 851 sub
1636 821 1730 851 terra

231 884 337 918 quam
362 871 466 918 supra
490 877 622 908 terram
647 873 737 908 adeo
763 873 873 909 libere
901 878 936 908 et
960 873 1077 920 quiete
1104 873 1140 908 in
1168 873 1332 908 omnibus
1360 878 1396 908 et
1420 886 1483 921 per
1507 874 1627 909 omnia
1644 873 1730 909 ficut

230 929 412 976 quondam
442 929 601 965 Thomas
632 930 817 978 Ranulphi
845 943 964 966 comes
990 931 1154 967 (Dorauie
1185 931 1242 966 vel
1270 930 1472 977 quicunque
1499 931 1588 966 alius
1619 931 1729 967 dictas

230 991 343 1021 terras
361 986 511 1022 castrum
531 993 566 1022 et
580 987 723 1023 forestas
741 1000 824 1023 cum
841 988 1071 1036 pertinenciis
1088 988 1207 1035 aliquo
1225 993 1387 1036 tempore
1409 988 1553 1023 liberius
1571 989 1728 1035 quiecius

229 1043 370 1091 plenius
384 1044 559 1091 integrius
573 1049 609 1080 et
623 1045 922 1080 honorificencius
931 1045 1023 1093 juste
1037 1046 1153 1081 tenuit
1167 1046 1225 1081 seu
1239 1046 1386 1093 pofi'edit
1401 1065 1410 1073 ·
1429 1045 1608 1081 Faciendo
1626 1046 1728 1081 nobis

230 1106 265 1136 et
283 1100 472 1136 heredibus
490 1100 616 1136 nostris
634 1102 749 1138 dictus
768 1102 978 1138 Alexander
996 1103 1144 1138 heredes
1162 1102 1213 1138 sui
1227 1108 1262 1138 et
1276 1103 1327 1138 sui
1340 1101 1499 1150 affignati
1517 1103 1663 1139 seruicia
1681 1104 1724 1139 de

228 1158 396 1206 predictis
414 1159 518 1194 terris
537 1158 655 1194 castris
673 1165 709 1195 et
726 1159 861 1195 forestis
880 1160 999 1195 debita
1016 1165 1051 1196 et
1069 1160 1236 1196 consueta
1255 1179 1263 1188 ·
1301 1160 1346 1195 In
1372 1160 1472 1195 cuius
1498 1160 1550 1196 rei
1575 1160 1727 1197 testimo-

228 1217 328 1252 nium
347 1216 499 1264 presenti
516 1221 613 1253 carte
631 1216 784 1265 sigillum
801 1216 961 1253 nostrum
979 1218 1201 1266 precepimus
1219 1217 1350 1266 apponi
1366 1237 1374 1245 ·
1402 1217 1565 1253 Testibus
1582 1231 1727 1254 venera-

228 1273 356 1309 bilibus
382 1273 421 1309 in
445 1274 585 1310 Christo
611 1275 771 1323 patribus
795 1275 978 1310 Willelmo
1002 1275 1163 1311 VValtero
1190 1281 1226 1311 et
1253 1274 1407 1310 Patricio
1433 1275 1552 1310 Sancti
1577 1275 1725 1312 Andree

229 1330 456 1379 Glasguenfis
483 1338 519 1368 et
546 1331 793 1368 Brechinenfis
819 1331 1044 1368 ecclesiarum
1068 1333 1236 1381 episcopis
1254 1352 1263 1360 ·
1294 1332 1461 1369 Johanne
1487 1333 1725 1381 primogenito

227 1388 347 1424 nostro
372 1389 502 1425 comite
532 1390 576 1426 de
601 1389 799 1438 Carrykjet
822 1390 1009 1426 senescallo
1029 1390 1147 1426 Scotie
1167 1409 1175 1418 ·
1205 1390 1347 1425 Thoma
1364 1390 1492 1425 comite
1511 1391 1554 1426 de
1573 1390 1696 1427 Marre
1715 1410 1724 1418 ·

227 1446 410 1482 Willelmo
441 1447 572 1483 comite
601 1448 645 1483 de
673 1447 840 1496 Douglas
862 1448 1132 1495 consanguineis
1161 1447 1287 1483 nostris
1305 1467 1314 1475 ·
1346 1447 1507 1483 Roberto
1538 1447 1724 1483 Senescalli

227 1505 358 1540 comite
382 1505 427 1540 de
451 1505 621 1541 Menteth
642 1505 717 1541 filio
741 1505 860 1541 nostro
880 1524 889 1533 ·
918 1505 1147 1541 Archebaldo
1166 1505 1212 1541 de
1230 1504 1395 1552 Douglas
1413 1524 1422 1532 ·
1450 1504 1661 1540 Alexandro
1680 1505 1724 1540 de

225 1561 415 1611 Lyndesay
441 1582 450 1591 ·
487 1563 651 1598 Roberto
682 1563 726 1599 de
758 1562 919 1611 Erskyne
946 1582 955 1591 ·
991 1563 1163 1598 militibus
1191 1562 1459 1609 consanguineis
1488 1561 1613 1597 nostris
1643 1581 1650 1589 ·
1689 1567 1724 1597 et

225 1619 393 1656 ,Iohanne
410 1620 455 1656 de
475 1619 597 1669 Caryk
615 1621 788 1656 canonico
808 1619 1018 1668 Glasguenfi
1035 1620 1248 1656 cancellario
1274 1619 1394 1656 nostro
1412 1638 1421 1648 ο
1450 1619 1545 1668 apud
1571 1619 1723 1655 Sconam

225 1677 425 1725 penultimo
444 1678 502 1714 die
520 1676 645 1714 mensis
660 1678 785 1727 marcij
805 1691 901 1714 anno
920 1678 1023 1727 regni
1040 1677 1149 1714 nostri
1166 1678 1282 1726 primo
1300 1696 1308 1706 ·

228 1850 338 1887 Carta
355 1851 497 1888 Thome
514 1852 548 1888 le
567 1852 713 1889 Graunt
725 1872 734 1881 ·

227 1966 410 2002 Robertus
424 1966 496 2003 Dei
513 1967 629 2015 gratia
645 1968 727 2004 Rex
741 1968 948 2005 Scottorum
965 1967 1130 2004 omnibus
1146 1967 1267 2017 probis
1279 1968 1481 2004 hominibus
1498 1968 1606 2004 totius
1624 1972 1717 2003 terre

225 2024 283 2060 sue
302 2024 439 2060 clericis
456 2030 493 2061 et
509 2025 608 2061 laicis
625 2026 772 2062 salutem
787 2046 797 2055 ·
822 2026 948 2063 Sciatis
965 2027 1048 2075 quia
1064 2039 1132 2062 nos
1149 2025 1368 2062 considerato
1385 2026 1482 2062 fideli
1499 2031 1535 2062 et
1551 2024 1717 2061 laudabili

223 2082 371 2119 seruicio
398 2082 581 2130 quondam
606 2083 783 2121 Johannis
799 2084 833 2121 le
852 2084 999 2120 Graunt
1024 2084 1134 2133 patris
1152 2084 1293 2120 Thome
1316 2085 1350 2120 le
1369 2084 1513 2121 Graunt
1538 2083 1656 2118 dilecti
1680 2087 1716 2117 et

223 2139 337 2177 fidelis
357 2139 468 2176 nostri
487 2141 620 2178 solicite
647 2147 684 2179 et
708 2142 862 2180 fideliter
889 2142 976 2179 olim
1001 2142 1159 2192 impenso
1181 2142 1275 2179 bone
1297 2142 1467 2178 memorie
1485 2140 1624 2178 Thome
1642 2139 1715 2176 Ra-

918 2205 940 2237 3
959 2211 983 2236 o
