2060 2660
82 1965 149 1996 148

579 185 897 223 REGISTRUM
925 187 1289 225 MORAVIENSE.
1619 192 1686 227 165

190 287 292 335 cipue
310 298 391 322 cum
414 285 635 333 temporibus
658 285 812 322 absentie
836 285 953 321 nostre
977 276 1079 321 extra
1100 299 1252 333 regnum
1271 291 1347 321 tum
1366 300 1430 335 per
1448 288 1685 337 expulsionem

189 344 412 392 quorundam
430 343 656 379 tirannorum
674 343 735 391 qui
752 349 840 379 tunc
858 343 1057 391 regnabant
1071 362 1079 370 ·
1099 348 1175 378 tum
1195 349 1343 391 propter
1358 344 1536 380 defec'tum
1550 346 1687 394 justicie

188 402 287 450 cujus
313 401 522 437 exercitium
548 415 614 450 pro
640 408 727 438 tunc
753 415 828 437 non
851 401 1047 437 habebatur
1075 421 1083 429 -
1109 401 1194 436 talia
1219 400 1392 436 maleficia
1418 401 1505 437 dieti
1524 402 1687 451 Episcopi

188 459 348 494 homines
365 457 509 494 forsitan
528 460 782 496 commiserunt
801 479 809 487 ·
829 459 926 507 quod
949 457 974 494 fi
997 472 1063 507 pro
1086 459 1215 495 eisdem
1239 458 1432 494 secundum
1451 459 1606 505 rigorem
1625 475 1687 508 per

185 516 321 552 nostros
333 516 545 564 justiciarios
564 518 673 553 effent
691 518 807 566 puniti
824 518 862 552 in
881 516 1157 553 devastationem
1179 522 1357 552 terrarum
1383 514 1686 553 ecclesiasticarum

185 574 303 610 dictus
322 575 517 624 Episcopus
535 581 571 611 et
589 574 732 611 ecclefia
749 575 809 611 sua
826 575 976 611 nimium
995 575 1204 611 lederentur
1223 594 1231 602 ·
1254 574 1351 622 quod
1375 587 1439 622 per
1465 574 1565 609 suum
1590 575 1688 610 balli-

184 645 268 667 vum
287 632 332 668 ad
351 633 419 669 hoc
437 646 501 681 per
519 634 630 682 ipsum
649 633 846 682 specialiter
863 633 1074 681 deputatum
1093 638 1128 668 et
1146 632 1377 668 constitutum
1398 632 1562 679 cognosci
1586 632 1688 668 faciat

184 690 228 725 de
247 690 513 739 quibuscunque
532 689 860 739 transgreflionibus
878 691 938 727 seu
957 690 1097 727 delictis
1115 703 1178 739 per
1192 689 1419 737 quoscunque
1434 690 1595 725 homines
1609 690 1687 725 suos

183 748 322 784 nativos
348 754 383 784 et
407 748 495 785 alios
518 755 697 785 terrarum
722 747 1029 784 ecclefiasticarum
1052 748 1145 783 infra
1161 752 1279 796 partes
1298 748 1342 783 de
1362 747 1563 795 Strathspee
1586 754 1621 783 et
1644 749 1687 783 de

184 806 398 854 Baydcnach
422 806 631 843 constitutos
653 807 948 854 qualitercunque
970 806 1182 855 perpetratis
1199 805 1308 853 usque
1326 805 1363 840 in
1382 805 1476 841 diem
1495 806 1687 841 confeCffio-

183 864 236 899 nis
262 864 477 912 presentium
498 865 682 901 literarum
702 885 710 893 ·
736 878 776 900 ac
795 865 885 913 ipsos
903 865 1066 900 homines
1084 864 1212 913 punire
1230 863 1347 899 facere
1366 863 1403 898 in
1421 863 1631 909 corporibus
1649 870 1683 899 et

183 922 284 958 bonis
303 942 311 950 ·
332 922 376 958 fic
394 923 491 970 quod
509 937 628 959 coram
643 922 845 972 justiciariis
868 922 994 959 nostris
1011 922 1070 959 vel
1088 922 1164 958 aliis
1183 922 1361 958 officiariis
1379 922 1438 957 seu
1456 922 1594 957 ballivis
1613 923 1688 957 nos-

182 980 245 1014 tris
264 980 530 1029 quibuscunque
548 994 754 1030 comparere
773 986 835 1017 aut
856 981 1069 1030 respondere
1089 994 1163 1016 non
1181 980 1401 1016 tenebuntur
1419 980 1463 1016 de
1482 986 1602 1016 cetero
1621 994 1685 1029 pro

182 1037 259 1086 ipfis
287 1037 615 1086 transgreffionibus
641 1039 699 1075 vel
728 1039 868 1075 delictis
896 1039 1192 1086 qualitercunque
1221 1038 1464 1074 criminalibus
1493 1058 1501 1066 ·
1532 1039 1636 1074 etiam
1662 1037 1686 1073 fi

183 1102 329 1144 propter
356 1096 442 1145 ipsas
469 1097 630 1132 indictam
654 1097 712 1133 vel
733 1096 891 1133 arrestati
908 1096 985 1145 jam
1003 1095 1070 1132 fint
1087 1096 1145 1133 vel
1162 1096 1297 1132 fuerint
1314 1110 1380 1145 pro
1399 1096 1526 1143 quibus
1545 1102 1580 1132 et
1598 1096 1686 1145 post-

183 1167 289 1201 quam
307 1160 347 1190 ut
365 1155 584 1203 premittitur
602 1155 718 1203 puniti
736 1154 870 1190 suerint
890 1168 955 1203 per
973 1155 1111 1190 dictum
1130 1154 1332 1203 episcopum
1351 1154 1610 1191 moraviensem
1631 1154 1687 1190 vel

182 1212 352 1248 ballivum
379 1213 480 1248 suum
505 1212 708 1261 predictum
736 1232 744 1240 ·
772 1212 821 1248 ita
843 1218 965 1248 tamen
988 1213 1085 1260 quod
1106 1212 1270 1247 fidelibus
1290 1211 1416 1247 nostris
1434 1212 1494 1259 qui
1512 1212 1602 1258 ipsos
1620 1226 1686 1261 pro

183 1270 288 1305 dictis
314 1269 641 1318 transgressionibus
665 1270 702 1305 in
728 1270 843 1306 forma
854 1270 947 1319 juris
964 1270 1127 1318 prosequi
1145 1269 1326 1305 voluerint
1341 1269 1471 1318 justam
1499 1271 1686 1305 emendam

182 1328 298 1364 facere
326 1334 362 1364 et
388 1329 438 1364 eis
464 1328 677 1377 respondere
705 1328 823 1364 debite
849 1333 1041 1364 teneantur
1069 1347 1077 1355 ·
1115 1328 1238 1370 Quare
1267 1328 1432 1363 omnibus
1456 1327 1657 1376 justiciariis
1678 1348 1685 1356 ·

182 1386 455 1422 coronatoribus
484 1393 519 1422 et
546 1386 672 1422 ceteris
704 1386 868 1422 ministris
896 1385 1022 1422 nostris
1049 1386 1200 1421 firmiter
1227 1385 1429 1421 inhibemus
1457 1398 1503 1421 ne
1530 1386 1685 1434 prefatos

181 1444 343 1481 homines
359 1445 512 1493 predicti
528 1444 690 1493 Episcopi
706 1449 831 1480 contra
845 1444 936 1480 hanc
949 1443 1104 1480 nostram
1119 1442 1377 1479 conceffionem
1395 1443 1592 1491 inquietare
1609 1458 1686 1492 per-

182 1502 327 1538 turbare
343 1522 350 1530 ·
370 1516 520 1550 gravare
534 1503 591 1538 vel
606 1503 734 1551 punire
752 1502 955 1551 presumant
973 1502 1034 1538 sub
1053 1515 1145 1550 pena
1162 1515 1231 1549 que
1245 1502 1416 1550 competit
1429 1502 1466 1536 in
1481 1502 1546 1537 hac
1561 1508 1660 1550 parte
1676 1522 1684 1529 ·

184 1560 228 1595 In
256 1560 357 1608 eujus
383 1561 435 1596 rei
460 1560 700 1596 testimonium
727 1559 878 1608 figillum
905 1560 1063 1596 nostrum
1084 1559 1304 1608 presentibus
1325 1572 1391 1607 pro
1410 1560 1483 1594 vita
1504 1559 1684 1595 dietorum

182 1618 369 1653 hominum
397 1618 523 1666 prefati
550 1618 715 1667 Episcopi
741 1617 971 1655 moraviensis
999 1617 1179 1653 duraturis
1205 1617 1352 1652 fecimus
1375 1617 1534 1665 apponi·
1572 1616 1684 1666 Apud

185 1676 398 1724 Kyndromy
417 1689 515 1712 nono
534 1676 591 1712 die
609 1675 734 1712 mensis
753 1676 969 1724 Septembris
988 1696 996 1704 ·
1011 1689 1106 1711 anno
1126 1675 1228 1723 regni
1246 1674 1354 1710 nostri
1373 1673 1546 1710 tricefimo
1565 1675 1661 1711 sexto
1676 1695 1683 1703 ·

181 1850 417 1886 Confirmatio
436 1871 444 1878 ·

181 1966 300 2002 David
320 1966 391 2002 Dei
413 1967 528 2014 gratia
554 1967 635 2002 Rex
660 1967 865 2002 Scottorum
878 1965 1079 2015 justiciariis
1097 1966 1267 2002 realitatis
1285 1965 1343 2001 seu
1362 1966 1557 2014 regalitatis
1575 1967 1682 2003 comi-

178 2029 271 2060 tatus
290 2025 452 2061 moravie
470 2025 530 2072 qui
548 2038 614 2073 pro
633 2030 794 2073 tempore
818 2024 953 2060 fuerint
975 2029 1011 2060 et
1031 2023 1108 2059 aliis
1123 2023 1325 2073 justiciariis
1347 2024 1613 2072 quibuscunque
1636 2025 1681 2060 ad
1704 2052 1712 2057 .

177 2095 264 2130 quos
288 2083 466 2131 presentes
496 2083 597 2118 litere
625 2083 854 2131 pervenerint
883 2082 1030 2118 salutem
1059 2102 1067 2110 ·
1102 2082 1198 2126 Quia
1215 2082 1300 2118 alias
1319 2082 1452 2118 intuitu
1471 2082 1626 2118 caritatis
1645 2088 1679 2118 et

176 2140 297 2176 favore
316 2139 457 2177 ecclefie
476 2139 707 2177 moraviensis
734 2146 770 2176 et
795 2141 833 2176 in
857 2141 1165 2189 recuperationem
1190 2146 1367 2177 terrarum
1393 2140 1569 2176 vastarum
1594 2140 1679 2189 ejus-

177 2198 256 2233 dem
275 2197 505 2235 conceffimus
519 2198 714 2235 venerabili
732 2199 770 2234 in
790 2198 929 2235 Christo
947 2199 1038 2247 patri
1059 2199 1270 2235 Alexandro
1289 2199 1451 2247 episcopo
1467 2197 1678 2235 moraviensi

176 2257 270 2302 quod
288 2270 351 2305 per
368 2257 467 2292 suum
488 2257 659 2292 ballivum
679 2256 892 2305 cognoscere
910 2255 1014 2306 poffit
1031 2263 1067 2293 et
1085 2257 1251 2305 cognosci
1269 2257 1373 2292 faciat
1398 2256 1442 2291 de
1468 2255 1676 2303 quibuscun-

175 2327 242 2360 que
260 2313 587 2363 transgreflionibus
604 2315 663 2351 seu
683 2315 822 2352 delictis
844 2328 909 2364 per
934 2315 1163 2363 quoscunque
1190 2315 1352 2351 homines
1378 2314 1457 2349 suos
1480 2313 1619 2350 nativos
1641 2319 1675 2348 et
