2060 2660
239 1230 308 1267 175

331 143 404 180 206
723 142 1040 180 REGISTRUM
1069 141 1433 179 MORAVIENSE.

332 243 501 279 liericiam
518 242 614 279 suam
633 262 642 271 ·
670 248 706 278 et
727 249 782 279 tei·
803 256 944 278 carrum
967 242 1067 277 suum
1088 261 1097 270 ·
1125 246 1160 277 et
1178 241 1282 277 semel
1302 242 1340 275 in
1358 244 1559 287 autumpno
1577 239 1636 275 sex
1653 240 1745 276 bene
1763 253 1835 276 nie-

332 306 448 337 tentes
467 320 475 329 ·
505 306 542 337 et
567 301 730 337 faciendo
756 301 970 336 forinsecum
994 300 1176 335 servitium
1199 299 1383 346 pertinens
1400 298 1445 332 ad
1464 297 1647 333 dimidiam
1668 299 1835 334 dauatam

332 364 428 395 terre
443 379 451 387 ·
471 365 507 395 et
524 359 702 407 sequendo
720 359 969 395 molendinum
989 358 1077 393 dieti
1096 356 1232 392 domini
1248 355 1412 403 Episcopi
1427 374 1435 382 ·
1455 361 1490 390 et
1508 356 1605 403 quod
1624 356 1722 392 dicta
1740 363 1836 392 terra

332 417 438 453 debet
455 417 621 465 predi&o
640 417 787 452 domino
807 416 981 464 Episcopo
1000 415 1158 450 wardan]
1178 419 1213 448 et
1231 413 1405 448 relevium
1425 432 1748 443 ············
1764 415 1835 450 evi-

332 475 470 511 dentias
496 488 565 523 que
591 475 708 510 adhuc
735 474 970 509 ostenduntur
989 491 998 500 ·
1026 478 1062 507 et
1084 471 1181 519 quod
1200 471 1238 505 in
1256 470 1358 506 nullo
1377 470 1526 518 deliquit
1545 485 1631 520 erga
1648 472 1835 508 dominum

333 533 548 581 Episcopum
567 533 625 569 vel
643 531 822 569 ecclesiam
841 529 1103 568 moraviensem
1122 534 1269 576 propter
1287 529 1385 576 quod
1407 529 1641 566 hereditatem
1668 530 1763 567 suam
1790 531 1835 566 de

325 590 410 639 jure
428 604 640 640 recuperare
659 604 732 625 non
751 589 878 625 debeat
896 607 905 616 ·
935 588 979 623 In
995 586 1097 635 cujus
1114 586 1166 621 rei
1186 585 1426 621 testimonium
1444 586 1596 635 sigillum
1616 607 1771 617 ······
1792 589 1836 625 de

333 648 499 685 Urchard
525 655 612 684 tunc
637 648 757 684 ballivi
787 646 874 682 dieti
900 645 1036 681 domini
1066 644 1231 692 Episcopi
1253 644 1485 681 moraviensis
1511 659 1584 681 una
1611 659 1693 682 cuni
1718 645 1837 694 sigillis

332 707 468 743 domini
488 707 640 742 Roberti
665 706 708 742 de
728 704 916 742 Chessielm
940 722 948 731 ·
975 702 1152 739 Johannis
1180 702 1224 737 de
1252 702 1367 738 Doles
1385 722 1394 731 ·
1423 702 1625 739 Alexandri
1653 704 1697 740 de
1724 705 1808 740 Ines
1827 724 1835 732 ·

333 764 526 812 Reginaldi
551 765 595 800 de
621 763 853 810 Innerlochty
873 781 881 789 ·
910 760 1082 796 Willelmi
1101 759 1202 795 Vaus
1222 779 1230 787 ·
1259 759 1432 796 Willelmi
1453 761 1516 796 filii
1535 762 1721 798 michaelis
1740 782 1748 790 ·
1776 763 1836 810 qui

331 823 427 859 ἀὶὁὶθ
446 821 661 870 inquisitioni
676 822 769 857 ΐῑιὲὶθ
783 819 1028 855 interfuerunt
1043 837 1052 846 ·
1070 818 1154 854 huic
1173 817 1327 866 presenti
1341 818 1469 868 scripto
1484 819 1532 855 est
1546 820 1737 868 appensum
1754 820 1836 857 loco

331 880 388 916 die
411 881 530 916 mense
549 886 585 916 et
602 893 697 915 anno
716 878 843 926 quibus
859 877 964 925 supra
982 895 990 904 ·

330 1053 389 1089 De
416 1053 561 1089 decimis
588 1053 631 1088 de
659 1051 765 1087 curiis
793 1050 883 1086 datis
910 1049 956 1085 ad
982 1048 1225 1084 exhibendum
1252 1049 1414 1086 ,Iohanni
1442 1049 1486 1085 de
1515 1049 1625 1086 Iniies
1657 1051 1692 1086 in
1723 1051 1837 1088 studio

332 1110 511 1147 Parisienli
530 1131 538 1138 ·

331 1225 511 1262 Universis
539 1226 657 1261 sancte
683 1223 804 1262 matris
831 1221 973 1259 ecclesie
1000 1221 1083 1257 filiis
1110 1224 1155 1259 ad
1182 1235 1337 1271 quorum
1354 1223 1520 1259 notitiam
1540 1224 1717 1272 presentes
1736 1225 1838 1262 litere

330 1284 445 1320 nostre
460 1283 692 1333 pervenerint
705 1282 916 1318 Alexander
930 1279 1157 1330 permiffione
1173 1282 1295 1317 divina
1308 1281 1490 1330 episcopus
1503 1282 1734 1319 moraviensis
1748 1289 1838 1321 eter-

329 1356 411 1378 nam
439 1343 476 1377 in
505 1342 667 1377 Domino
694 1341 843 1376 salutem
869 1360 878 1368 ·
914 1338 1075 1375 Noverit
1102 1338 1311 1375 universitas
1337 1339 1451 1375 vestra
1480 1353 1546 1375 nos
1577 1340 1838 1378 considerantes

328 1401 511 1437 ardentem
532 1399 744 1435 affexionem
765 1398 885 1434 dilecti
904 1397 969 1433 filii
986 1397 1010 1434 J
1012 1397 1164 1434 ohannis
1183 1398 1227 1434 dc
1248 1398 1357 1433 Innes
1375 1398 1617 1434 archidiaconi
1633 1399 1838 1436 Catanenfis

329 1458 447 1494 clerici
474 1457 590 1493 nostre
618 1455 761 1492 diocesis
789 1456 935 1492 oriundi
958 1456 1004 1491 ad
1027 1455 1241 1492 studendum
1264 1456 1302 1490 in
1324 1456 1493 1492 facultate
1506 1456 1600 1504 juris
1618 1458 1782 1494 canonici
1801 1459 1838 1494 in

329 1516 443 1551 studio
464 1513 642 1550 Parilicnsi
661 1534 669 1543 ·
698 1520 734 1550 et
760 1514 858 1562 quod
884 1514 1027 1550 {ruditus
1049 1513 1154 1563 ipsius
1176 1514 1486 1549 archidiaconatus
1504 1527 1579 1549 non
1598 1515 1776 1552 sufficiunt
1793 1517 1838 1552 ad

331 1573 431 1609 suum
459 1572 669 1608 desiderium
696 1572 988 1621 perimplendum
1014 1570 1085 1608 fine
1113 1571 1260 1608 subsidio
1287 1572 1474 1608 sufficienti
1492 1591 1501 1600 ·
1528 1573 1626 1608 unde
1647 1586 1714 1609 nos
1735 1573 1839 1622 ipfius

331 1630 458 1666 statum
474 1629 734 1666 considerantes
749 1636 785 1666 et
799 1635 942 1666 maturo
957 1629 1101 1666 consilio
1115 1630 1218 1678 super
1231 1630 1297 1665 liiis
1310 1630 1499 1678 prehabito
1512 1649 1520 1658 ·
1537 1630 1691 1666 decimas
1704 1631 1839 1668 nostras

333 1689 376 1724 de
403 1688 589 1724 itineribus
616 1694 651 1723 et
677 1688 784 1723 curiis
809 1688 921 1724 totius
945 1687 1092 1724 diocesis
1116 1687 1234 1723 nostre
1255 1701 1321 1736 pro
1343 1693 1518 1736 perpetuo
1542 1688 1658 1724 eidem
1679 1688 1838 1726 Johanni

333 1747 561 1782 concedimus
579 1751 614 1781 et
632 1759 695 1794 per
713 1746 892 1792 presentes
914 1746 1132 1782 conferimus
1151 1766 1160 1774 ·
1188 1746 1372 1795 ipsumque
1392 1747 1436 1782 de
1455 1747 1585 1782 eisdem
1604 1747 1641 1782 in
1659 1747 1837 1796 posterum

335 1804 568 1840 defendemus
595 1823 604 1831 ·
642 1804 822 1840 Noverint
848 1805 955 1840 etiam
982 1804 1137 1841 universi
1163 1805 1224 1853 qui
1251 1804 1367 1840 eidem
1393 1804 1554 1841 Johanni
1578 1805 1622 1841 de
1647 1806 1753 1841 dic‘cis
1776 1819 1840 1855 per

337 1876 402 1898 nos
428 1861 488 1897 fibi
515 1859 683 1898 concessis
707 1862 872 1910 injuriam
898 1863 957 1898 seu
983 1876 1180 1910 gravamen
1205 1862 1337 1898 inferre
1361 1862 1635 1911 presumpserint
1656 1863 1716 1899 seu
1733 1864 1777 1900 ab
1795 1878 1838 1900 eo

338 1933 396 1956 eas
422 1919 667 1956 fraudulenter
694 1920 914 1956 detinuerint
939 1921 972 1956 se
998 1921 1072 1969 ipso
1100 1921 1197 1957 fafito
1222 1921 1604 1957 excommunicationis
1627 1921 1837 1958 sententiam

337 1992 359 2014 a
383 1991 521 2014 canone
547 1978 654 2013 latam
682 1978 863 2014 incurriffe
891 1998 899 2007 ·
938 1979 983 2014 In
1014 1979 1116 2028 cujus
1147 1979 1200 2015 rei
1230 1978 1471 2015 testimonium
1498 1978 1651 2026 sigillum
1678 1979 1837 2016 nostrum

337 2037 559 2073 autenticum
586 2035 805 2084 presentibus
830 2036 878 2073 est
903 2037 1096 2086 appensum
1123 2051 1220 2074 anno
1244 2037 1396 2073 Domini
1422 2036 1603 2075 millesimo
1626 2041 1724 2074 ·ccc⁰·
1747 2050 1838 2074 non-

338 2093 490 2143 agesimo
508 2094 605 2130 sexto
625 2113 633 2121 ·
