1998 2820
215 507 416 543 Willelmus
433 506 600 542 dominus
617 506 661 543 de
680 505 898 543 Sutherland
914 506 1103 542 confirmat
1120 512 1254 543 cartam
1271 508 1382 556 patris
1399 527 1407 535 -

95 620 179 661 ,111.
212 622 389 660 Omnibus
406 622 475 657 hoc
492 621 658 670 scriptum
672 621 798 657 visuris
815 621 873 657 vel
890 621 1076 663 audituris,
1094 621 1298 658 Willelmus
1314 622 1481 658 dominus
1498 622 1542 657 de
1561 621 1708 670 Suthyr-

210 680 331 717 landia
347 679 442 715 filius
460 684 496 714 et
512 679 615 715 heres
633 678 814 726 quondam
834 679 1003 726 Hugonis
1020 679 1052 715 F
1052 678 1191 728 reikyn,
1209 685 1370 716 eternam
1393 679 1432 715 in
1454 679 1602 715 domino
1623 679 1709 715 salu-

209 744 282 774 tem
301 757 310 766 ·
336 737 494 773 Nouerit
510 735 717 772 vniuerfitas
735 735 849 772 vestra
869 749 927 772 me
951 736 1183 779 confirmaffe,
1204 742 1322 773 ratum
1341 742 1378 773 et
1394 742 1538 785 gratum
1554 736 1709 772 habuiffe

208 808 275 844 pro
293 808 350 831 me
369 800 405 830 et
422 794 612 830 heredibus
630 794 729 837 meis,
743 794 843 829 illam
858 794 1091 830 donationem
1105 807 1211 842 quam
1226 796 1338 843 Hugo
1352 793 1510 843 Freikyn
1528 794 1709 842 quondam

208 859 311 902 pater
336 865 437 888 meus
461 852 560 888 dedit
587 857 623 888 et
649 849 816 888 conceflit
836 851 1000 899 magistro
1018 851 1188 888 Gilberto
1205 851 1482 900 Archydiacano
1499 852 1657 890 morauie
1674 856 1711 888 et

208 910 278 946 illis
305 909 494 946 heredibus
521 910 566 945 de
593 909 777 958 parentela
799 909 860 946 sua
885 909 1013 957 quibus
1034 909 1107 957 ipse
1128 910 1215 945 dare
1232 914 1269 945 et
1285 909 1484 945 concedere
1501 909 1657 945 voluerit
1674 914 1710 945 et

210 967 399 1003 heredibus
422 980 559 1009 eorum,
584 972 698 1002 totam
721 971 855 1002 terram
879 979 996 1002 meam
1020 966 1065 1002 de
1087 966 1246 1003 sceibotil
1268 967 1307 1002 in
1329 966 1595 1015 Suthyrlandia,
1611 971 1648 1002 et
1665 966 1710 1002 de

209 1024 466 1072 sernebuchlyn
484 1029 520 1059 et
538 1024 583 1059 de
598 1024 803 1059 Innerchen
818 1043 826 1052 ·
847 1024 895 1059 Et
912 1029 1077 1072 preterea
1093 1029 1207 1059 totam
1225 1029 1357 1060 terram
1372 1036 1489 1060 meam
1503 1024 1548 1060 de
1561 1024 1710 1071 Suthyr-

210 1082 330 1118 landia
346 1081 465 1117 versus
483 1081 706 1117 occidentem
725 1094 794 1129 que
812 1081 904 1117 iacet
920 1081 1016 1117 inter
1032 1081 1097 1117 has
1113 1086 1227 1117 terras
1247 1081 1513 1130 prenominatas
1530 1086 1567 1117 et
1584 1081 1711 1117 diuisas

210 1140 255 1175 de
274 1140 351 1175 Ros
369 1159 378 1167 ·
410 1138 603 1175 Tenendas
620 1143 657 1174 et
674 1138 854 1175 habendas
877 1137 939 1174 fibi
956 1144 993 1174 et
1010 1138 1200 1174 heredibus
1217 1139 1286 1175 suis
1303 1139 1560 1187 prenominatis
1576 1139 1615 1175 in
1632 1152 1710 1187 per-

209 1203 369 1245 petuum,
384 1196 428 1232 de
442 1209 499 1232 me
514 1201 550 1231 et
562 1196 753 1232 heredibus
766 1196 865 1238 meis,
882 1209 947 1244 per
959 1197 1077 1232 rastas
1091 1196 1218 1232 diuisas
1231 1197 1322 1239 suas,
1333 1209 1416 1232 cum
1430 1196 1594 1233 omnibus
1606 1197 1712 1233 liber-

210 1254 352 1295 tatibus,
367 1253 692 1296 commoditatibus,
705 1258 742 1289 et
759 1252 958 1289 afiamentis
971 1254 1080 1290 dictis
1096 1254 1201 1290 terris
1217 1254 1457 1302 speEtantibus
1474 1254 1534 1291 seu
1550 1254 1709 1303 spefftare

208 1311 422 1353 valentibus,
445 1309 532 1347 ficut
551 1315 648 1346 carta
665 1310 754 1346 dieti
772 1311 941 1359 Hbgonis
957 1310 1100 1360 freikyn
1116 1312 1155 1347 in
1173 1312 1207 1348 se
1223 1311 1371 1348 testatur
1389 1331 1398 1340 ·
1423 1311 1504 1360 Ego
1520 1324 1608 1347 vero
1622 1311 1710 1347 Wil-

209 1368 338 1404 lelmus
356 1374 392 1404 et
410 1368 559 1404 heredes
575 1368 646 1404 mei
667 1368 784 1404 dicitas
804 1373 917 1404 terras
942 1369 1208 1417 prenominatas
1232 1374 1272 1405 vt
1293 1369 1527 1418 prescriptum
1544 1368 1593 1405 est
1609 1369 1709 1406 difflzo

208 1426 372 1474 magistro
387 1426 556 1462 Gilberto
575 1426 828 1462 archidiacono
845 1426 1014 1468 morauie,
1041 1431 1077 1463 et
1094 1426 1163 1462 illis
1179 1427 1371 1463 heredibus
1388 1427 1433 1463 de
1450 1426 1635 1475 parentela.
1650 1427 1711 1463 sua

209 1484 337 1531 quibus
362 1484 431 1530 ipse
456 1484 654 1520 concedere
678 1490 715 1519 et
740 1484 826 1520 dare
844 1484 1009 1527 voluerit,
1027 1484 1270 1520 et-heredibus
1287 1497 1426 1527 eorum,
1441 1489 1574 1521 contra
1586 1497 1711 1521 omnes

208 1542 372 1578 homines
390 1546 427 1577 et
443 1541 593 1577 feminas
610 1541 930 1585 warantizabimus,
948 1541 1226 1590 acquietabimus
1244 1547 1280 1578 et
1296 1542 1334 1578 in
1351 1546 1566 1591 perpetuum
1590 1541 1711 1578 defen-

210 1599 335 1634 demus
350 1618 358 1627 ·
379 1599 425 1634 In
443 1599 543 1635 cuius
562 1600 620 1635 Rei
637 1598 877 1635 testimonium
896 1598 1048 1647 figillum
1065 1612 1187 1635 meum
1205 1599 1254 1635 est
1270 1599 1463 1648 appensum
1481 1618 1491 1628 ·
1520 1598 1603 1635 Hiis
1619 1598 1711 1635 testi-

208 1656 274 1691 bus
293 1675 301 1684 ·
333 1656 495 1692 Henrico
522 1656 659 1692 decano
685 1657 729 1692 de
758 1657 834 1692 Ros
852 1676 861 1685 ·
891 1657 1069 1694 mauricio
1094 1657 1308 1693 cancellario
1327 1677 1336 1685 ·
1362 1659 1522 1705 Hugone
1540 1657 1682 1705 Duglas
1700 1675 1708 1685 ·

137 1721 140 1724 '
210 1713 392 1762 Freikyno
412 1714 456 1750 de
471 1714 612 1762 Duglas
625 1733 634 1742 ·
654 1714 860 1762 Reginaldo
877 1714 1041 1752 Janitore
1055 1734 1064 1743 ·
1083 1714 1107 1752 J
1109 1714 1251 1751 ohanne
1268 1715 1375 1763 nigro
1390 1734 1399 1743 ·
1418 1720 1455 1751 et
1473 1714 1594 1751 multis
1611 1714 1688 1750 aliis
1700 1733 1708 1742 ·
