2060 2660
264 452 333 488 190

265 2071 329 2106 191

358 180 430 211 <2⁴20
750 175 1067 213 REGISTRUM
1096 176 1210 213 MOR
1221 175 1413 212 AVIENS
1420 177 1459 212 E.

362 334 484 369 Litera
505 334 614 381 Regis
633 334 771 370 directa
790 334 963 383 Episcopo
980 354 987 361 ·

360 450 515 487 Jacobus
543 450 613 485 Dei
641 450 756 497 gratia
783 449 864 484 Rex
894 449 1082 483 Scotorum
1113 445 1311 480 reverendo
1337 445 1373 479 in
1399 445 1538 481 Christo
1566 447 1656 493 patri
1686 447 1860 495 Episcopo

361 506 574 544 moravienfi
588 508 733 543 salutem
748 527 756 535 ·
777 507 873 549 Quia
887 505 1125 553 comperimus
1143 503 1239 550 quod
1259 516 1383 538 omnes
1401 507 1437 538 et
1453 502 1588 551 singule
1607 510 1701 540 terre
1720 504 1860 540 ecclefie

360 565 471 601 vestre
490 566 708 614 pertinentes
727 565 770 599 de
789 564 891 598 nobis
914 563 1088 597 duntaxat
1115 566 1284 596 tenentur
1310 561 1348 595 in
1374 561 1488 609 capite
1516 567 1551 597 et
1576 568 1764 610 propterea
1787 576 1860 598 non

360 623 471 659 solum
485 623 570 671 jura
585 621 727 658 ecclesie
742 621 852 657 vestre
867 621 1001 668 prefate
1015 632 1136 666 ymmo
1149 618 1209 666 jus
1228 618 1386 654 nostrum
1405 619 1544 666 regium
1563 621 1659 667 quod
1676 621 1714 655 in
1733 621 1859 656 eisdem

360 682 464 717 terris
488 688 524 716 et
551 680 789 716 habitantibus
816 679 852 713 iu
879 678 1006 714 eisdem
1035 677 1238 712 obtinemus
1261 676 1442 712 defensare
1467 683 1655 713 teneamur
1673 698 1681 706 ·
1706 679 1806 714 vobis
1825 680 1860 714 in

361 739 430 774 fide
449 745 484 774 et
502 739 673 774 fidelitate
687 751 756 785 qua
771 737 872 772 nobis
887 742 921 771 et
938 733 1104 783 majestati
1120 734 1236 769 nostre
1251 735 1422 770 tenemini
1437 736 1651 784 precipimus
1665 742 1701 772 et
1718 738 1861 773 manda-

362 811 439 832 mus
455 802 629 844 quatenus
647 796 690 831 ad
710 795 843 830 nullius
855 791 1044 842 jussionem
1062 792 1118 827 vel
1138 792 1344 828 mandatum
1364 793 1526 829 homines
1539 793 1671 829 vestros
1684 800 1859 831 terrarum

360 855 602 904 predictarum
617 854 660 888 ab
675 852 848 900 aliquibus
863 856 1034 898 quantum
1056 850 1092 884 in
1107 849 1208 885 vobis
1225 851 1333 886 fuerit
1346 850 1482 886 turbari
1498 851 1557 887 seu
1577 852 1751 888 molestari
1767 873 1775 881 ·
1795 867 1860 889 nec

360 913 403 948 ad
428 913 542 948 curias
569 922 864 959 quorumcunque
886 909 1062 943 baronum
1080 908 1139 943 seu
1157 908 1354 956 burgorum
1375 909 1573 944 eorundem
1592 911 1785 947 camerarie
1803 911 1860 947 seu

355 970 545 1019 justiciarie
564 970 621 1004 seu
637 969 785 1003 aliarum
801 967 979 1002 curiarum
995 979 1290 1014 quarumcunque
1305 966 1451 1014 perduci
1466 972 1528 1002 aut
1536 967 1690 1015 judicari
1705 968 1862 1016 aliquali-

360 1035 415 1063 ter
429 1027 641 1076 permittatis
660 1046 668 1053 ·
689 1026 745 1061 sed
760 1024 975 1060 au6'writate
994 1023 1112 1059 nostra
1130 1024 1219 1072 ipsos
1237 1037 1258 1059 a
1275 1024 1541 1071 quibuscunque
1560 1026 1666 1060 curiis
1684 1027 1729 1061 ad
1748 1027 1862 1062 curias

359 1085 488 1121 vestras
512 1084 679 1133 repetatis
698 1103 706 1111 ·
735 1096 815 1118 cum
842 1083 953 1118 solum
974 1082 1019 1117 ad
1038 1082 1154 1118 curias
1171 1082 1306 1118 nostras
1325 1088 1395 1118 tam
1409 1082 1601 1130 justiciarie
1619 1097 1725 1130 quam
1750 1097 1862 1120 came—

359 1144 449 1178 rarie
468 1155 674 1190 comparere
702 1147 738 1176 et
759 1141 914 1189 judicari
936 1140 1090 1176 habeant
1115 1146 1150 1176 et
1177 1140 1330 1176 debeant
1354 1140 1492 1175 ratione
1514 1140 1773 1188 jurisdifi'cionis
1794 1156 1862 1190 que

359 1208 398 1236 ut
422 1200 641 1248 premittitur
667 1199 769 1234 nobis
799 1199 969 1247 competit
998 1198 1035 1233 in
1065 1198 1193 1234 eisdem
1217 1218 1224 1226 ·
1264 1197 1433 1234 Preterea
1460 1211 1506 1233 ne
1534 1199 1636 1234 causa
1664 1201 1862 1235 communis

358 1256 567 1294 defenfionis
594 1254 706 1305 patrie
728 1262 918 1305 propterea
937 1256 1118 1292 deseratur
1136 1256 1303 1292 volumus
1325 1263 1361 1291 et
1387 1256 1601 1304 precipimus
1624 1263 1664 1292 ut
1686 1271 1810 1294 omnes
1828 1266 1863 1294 et

357 1315 480 1363 singuli
500 1315 737 1350 inhabitantes
756 1320 868 1350 terras
887 1314 1105 1363 supradi&as
1127 1315 1292 1362 quotiens
1315 1319 1351 1350 et
1376 1315 1519 1361 quando
1547 1315 1722 1362 ingruerit
1749 1317 1863 1352 neces—

358 1373 433 1409 litas
453 1393 460 1401 ·
487 1373 583 1421 quod
609 1372 810 1408 discretioni
829 1372 941 1408 vestre
966 1372 1222 1408 committimus
1246 1386 1310 1420 per
1334 1372 1512 1420 presentes
1532 1392 1539 1399 ·
1565 1373 1610 1408 ad
1635 1386 1861 1409 communem

358 1430 594 1467 defensionem
615 1431 729 1479 patrie
748 1430 926 1479 affurgere
945 1436 982 1466 et
996 1444 1076 1466 cum
1096 1430 1235 1465 ballivis
1253 1430 1374 1466 vestris
1392 1431 1452 1477 qui
1471 1443 1536 1478 pro
1555 1436 1716 1479 tempore
1730 1431 1862 1467 suerint

358 1490 401 1525 ad
421 1489 620 1537 hujusmodi
646 1488 885 1525 defensionem
913 1488 1070 1537 expediti
1095 1487 1182 1524 ficut
1208 1488 1359 1523 aliorum
1382 1488 1558 1524 baronum
1583 1488 1782 1524 nostrorum
1802 1490 1863 1525 ho-

359 1548 471 1582 mines
490 1547 665 1594 assurgere
685 1552 720 1582 et
739 1547 790 1582 ire
808 1553 1001 1583 teneantur
1020 1567 1028 1575 ·
1052 1552 1161 1595 prout
1178 1547 1215 1582 in
1230 1546 1306 1582 aliis
1324 1546 1435 1582 literis
1454 1546 1579 1582 nostris
1597 1546 1697 1582 vobis
1716 1547 1863 1595 desuper

359 1605 531 1640 consectis
560 1605 699 1653 plenius
728 1605 935 1641 continetur
965 1605 1066 1641 vobis
1098 1611 1133 1641 et
1163 1604 1412 1640 successoribus
1443 1604 1563 1640 vestris
1594 1618 1659 1653 pro
1689 1611 1862 1653 perpetuo

360 1663 540 1698 duraturis
559 1682 566 1690 ·
587 1668 622 1698 et
646 1663 712 1698 hoc
731 1663 792 1698 sub
811 1676 903 1709 pena
921 1677 990 1711 que
1009 1663 1182 1712 competit
1203 1663 1240 1697 in
1262 1663 1326 1698 hac
1350 1668 1451 1710 parte
1471 1682 1479 1690 ·
1509 1663 1646 1698 Datum
1666 1663 1726 1698 sub
1745 1662 1862 1698 nostro

362 1721 493 1755 secreto
518 1719 629 1767 sigillo
653 1721 748 1769 apud
773 1721 1015 1769 Edynburght
1041 1722 1138 1757 sexto
1164 1721 1220 1756 die
1245 1719 1370 1756 mensis
1396 1720 1485 1757 Julii
1507 1734 1603 1756 anno
1623 1721 1773 1756 Domini
1794 1726 1861 1757 «0⁰-

362 1777 706 1826 quadringentelimo
725 1778 990 1827 quadragesimo
1009 1779 1135 1827 quinto
1155 1785 1190 1815 et
1209 1779 1309 1826 regni
1329 1778 1437 1814 nostri
1456 1792 1553 1813 nono
1570 1798 1576 1805 ·

365 1951 474 1986 Carta
492 1951 668 1999 privilegii
689 1951 850 2000 Episcopi
869 1953 986 1999 quoad
1005 1966 1232 1988 communem
1253 1952 1354 2000 regni
1374 1950 1611 1987 defensionem
1628 1972 1635 1979 ·

364 2065 519 2102 Jacobus
539 2066 608 2101 Dei
627 2067 742 2114 gratia
762 2067 841 2102 Rex
861 2068 1048 2103 Scotorum
1069 2068 1209 2104 dilectis
1227 2068 1497 2116 consanguineis
1521 2067 1646 2102 nostris
1665 2067 1863 2103 Comitibus

367 2121 485 2158 Rossie
505 2129 540 2159 et
559 2125 720 2160 moravie
740 2124 885 2160 salutem
906 2145 914 2152 ·
938 2125 1034 2167 Quia
1051 2127 1290 2173 comperimus
1308 2127 1403 2174 quod
1423 2138 1546 2161 omnes
1565 2130 1600 2160 et
1617 2124 1750 2172 singule
1769 2130 1863 2159 terre

363 2181 408 2216 ad
436 2182 674 2217 reverendum
703 2183 739 2217 in
765 2182 904 2218 Christo
926 2188 1062 2230 patrem
1086 2183 1290 2219 ,Iohannem
1315 2184 1515 2232 episcopum
1543 2182 1802 2219 moraviensem
1829 2188 1862 2217 et

365 2237 544 2275 ecclesiam
563 2239 658 2275 suam
677 2240 895 2288 pertinentes
914 2241 957 2275 de
976 2240 1077 2276 nobis
1095 2241 1269 2277 duntaxat
1295 2243 1331 2277 in
1359 2242 1472 2290 capite
1495 2245 1664 2276 tenentur
1681 2259 1688 2267 ·
1708 2245 1743 2275 et
1761 2253 1863 2287 prop-
