2066 2780
122 1666 167 1698 41

590 132 905 169 REGISTRUM
933 131 1295 170 MORAVIENSE.
1634 141 1682 172 35

198 233 306 269 drech
325 251 333 260 ·
359 232 403 267 de
421 229 640 279 prepofitura
657 230 784 266 castelli
804 230 847 265 de
864 230 979 277 burgo
998 230 1042 265 de
1060 230 1179 277 Elgyn
1198 249 1206 257 ·
1230 231 1273 266 de
1294 231 1589 278 Kyndelaneman
1608 253 1617 262 ·
1638 235 1682 270 de

198 288 427 336 Dunkenedy
446 307 454 316 ·
478 288 521 323 de
541 288 726 323 Rathenec
746 307 754 315 ·
778 288 821 322 de
841 287 966 323 molen
985 306 993 314 ·
1017 287 1061 321 de
1080 287 1268 334 Fochobyr
1287 307 1295 315 ·
1319 288 1362 322 de
1383 288 1591 325 Inuerathin
1610 311 1618 319 -
1638 292 1682 327 de

198 346 333 393 Alueys
352 365 361 373 ·
389 346 433 380 de
453 345 604 392 Argayn
623 364 631 372 ·
661 351 696 380 et
718 345 761 380 de
785 344 949 392 Kyntray
971 363 979 371 ·
1017 343 1139 385 Quare
1157 344 1323 379 volumus
1342 350 1376 379 et
1395 347 1622 382 concedimus
1642 354 1684 383 ut

196 403 313 438 ἀίἇὶυε
340 422 348 430 -
379 402 427 437 A·
446 401 676 439 moraviensis
700 402 881 450 episcopus
905 407 941 437 et
963 401 1170 436 successores
1193 401 1243 436 sui
1268 401 1418 449 episcopi
1447 404 1684 439 moravienses

195 459 348 495 habeant
373 465 409 495 et
434 465 581 495 teneant
607 465 719 494 totam
746 464 878 494 terram
905 459 949 494 de
977 458 1205 506 Kyldrumyn
1232 457 1319 493 ficut
1346 459 1547 505 predifihim
1575 460 1622 495 est
1646 461 1684 495 in

194 516 341 552 liberam
372 522 408 552 et
438 522 646 564 perpetuam
681 515 905 551 elemofinam
936 529 1001 563 per
1031 516 1167 551 easdem
1199 516 1315 551 Υθὸὶειε
1351 516 1474 550 divisas
1507 529 1570 563 per
1600 530 1685 563 quas

194 574 340 609 firmarii
364 574 471 609 nostri
496 579 657 621 tempore
681 573 787 622 hujus
808 573 1007 608 collationis
1026 586 1103 608 eam
1122 573 1166 608 de
1184 573 1286 608 nobis
1305 578 1499 607 tenuerunt
1518 593 1526 600 ·
1552 579 1587 608 et
1605 587 1685 609 cum

194 631 358 666 omnibus
373 631 474 678 justis
492 631 715 679 pertinentiis
734 631 802 666 suis
824 650 832 658 -
860 631 898 665 in
915 630 1019 665 bosco
1042 636 1078 665 et
1094 630 1202 678 plano
1225 649 1234 657 ·
1261 630 1299 665 in
1318 630 1420 665 terris
1439 635 1474 665 et
1492 631 1590 676 aquis
1614 650 1622 658 ·
1649 631 1686 665 in

193 688 301 736 pratis
319 693 355 723 et
373 689 505 736 pascuis
519 708 527 716 ·
548 689 585 723 in
603 689 713 723 moris
731 693 767 723 et
785 687 936 723 marefiis
951 707 959 715 ·
979 688 1016 722 in
1034 687 1162 734 stagnis
1180 692 1215 722 et
1233 687 1448 722 molendinis
1463 706 1471 714 ·
1487 700 1567 722 cum
1586 687 1686 723 socco

193 751 229 781 et
245 746 342 781 sacca
360 765 369 773 ·
395 759 477 782 cum
496 746 596 780 furca
614 751 649 780 et
666 745 752 780 soffa
773 765 782 772 ·
810 758 891 780 cum
911 745 962 780 tol
981 750 1016 780 et
1034 745 1131 780 them
1155 764 1164 772 ·
1192 750 1229 780 et
1246 744 1499 791 infanganthef
1516 763 1524 772 ·
1552 750 1588 779 et
1606 758 1687 780 cum

193 803 357 838 omnibus
375 803 451 838 aliis
469 804 513 838 ad
533 803 731 850 predi6him
750 808 881 838 terrani
895 802 987 850 juste
1005 802 1266 851 pertinentibus
1281 821 1289 829 ·
1304 802 1467 837 faciendo
1485 802 1568 837 inde
1586 802 1688 837 nobis

193 860 401 896 forinsecum
426 860 607 896 servitium
631 860 728 907 quod
752 861 908 908 pertinet
935 860 979 895 ad
1003 860 1202 908 predifimm
1228 865 1359 895 terram
1381 878 1389 886 ·
1414 859 1508 895 salva
1525 859 1688 895 firmariis

193 917 318 952 nostris
341 923 469 953 tenura
491 918 550 952 sua
568 918 612 952 de
632 917 729 952 άίἇὶθ,
748 923 843 953 terra
860 918 967 965 usque
986 918 1029 952 ad
1048 918 1242 953 terminum
1261 917 1361 952 suum
1381 917 1599 964 completum
1619 936 1627 944 ·
1653 923 1688 953 et

193 975 289 1021 quod
313 975 465 1022 predifi'ci
489 974 731 1010 feodifirmarii
755 975 863 1010 nostri
888 975 932 1010 de
955 975 1122 1023 moythas
1147 980 1183 1010 et
1205 976 1248 1010 de
1270 974 1376 1022 Dyke
1400 980 1436 1009 et
1461 974 1504 1009 de
1526 974 1688 1022 Brothyn

193 1032 372 1079 predifitas
390 1032 625 1079 quadraginta
643 1045 779 1067 marcas
796 1031 867 1067 fine
885 1032 1002 1079 aliqua
1020 1032 1307 1067 contradictione
1325 1032 1489 1079 predicto
1509 1051 1517 1059 ·
1538 1031 1586 1067 A·
1606 1032 1689 1080 epis-

193 1102 284 1137 copo
302 1095 338 1124 et
356 1089 602 1124 suecefforibus
621 1089 689 1124 suis
707 1089 875 1137 episcopis
893 1090 1055 1125 moravie
1073 1089 1210 1124 solvant
1227 1087 1370 1136 singulis
1391 1088 1493 1123 annis
1513 1089 1546 1124 in
1566 1103 1689 1138 perpe-

193 1152 294 1181 tuum
314 1146 358 1180 ad
377 1146 548 1181 terminos
566 1146 645 1181 suos
662 1144 721 1181 fibi
740 1146 886 1181 statutos
904 1165 912 1174 ·
942 1146 1104 1181 Testibus
1118 1146 1279 1182 lValtero
1293 1147 1367 1181 filio
1384 1146 1493 1181 Alani
1513 1147 1687 1183 senescalli

187 1203 380 1251 justiciario
401 1203 518 1239 Scotie
538 1222 545 1231 ·
576 1203 633 1237 W·
654 1203 796 1250 Cumyn
815 1203 945 1238 comite
963 1203 1007 1238 de
1025 1204 1211 1239 CDenethet
1230 1223 1238 1231 ·
1263 1204 1320 1238 W·
1341 1204 1482 1239 Olifard
1495 1204 1687 1251 justiciario

193 1260 379 1296 Laodonie
400 1280 408 1288 ·
440 1261 469 1295 B
489 1280 497 1288 ·
525 1260 648 1296 Fraser
667 1279 676 1288 ·
707 1260 827 1295 Alano
845 1260 1009 1295 hostiario
1029 1280 1037 1288 ·
1063 1261 1120 1295 W·
1141 1262 1184 1296 de
1204 1261 1379 1309 Lyndesai
1398 1281 1406 1288 ·
1437 1262 1548 1309 Apud
1568 1263 1686 1299 Roxe-

192 1318 304 1353 burch
320 1337 328 1345 ·
347 1324 476 1365 quarto
496 1318 552 1353 die
570 1317 684 1355 martii
704 1337 712 1345 ·
732 1330 827 1353 anno
845 1318 947 1365 regni
966 1318 1101 1353 domini
1121 1318 1232 1366 Regis
1250 1317 1412 1354 vicefimo
1430 1325 1558 1366 quarto
1578 1339 1586 1347 ·

192 1489 252 1525 De
281 1489 431 1525 ecclefiis
458 1490 501 1526 de
526 1490 734 1538 Ferneway,
763 1491 994 1537 Abirihacyn,
1023 1491 1284 1539 Logynkenny‚
1315 1490 1546 1538 Kyncardyn,
1570 1491 1685 1538 Abyr-

191 1547 303 1594 nithy,
323 1547 439 1589 Altre,
461 1547 599 1589 Ewain,
621 1548 816 1590 Brennath‚
836 1554 871 1584 et
888 1548 1058 1590 Artildol,
1079 1548 1258 1584 canonicis
1276 1546 1442 1583 concessis
1456 1567 1465 1575 ·

191 1659 369 1696 Omnibus
395 1660 525 1696 Christi
551 1661 716 1696 fidelibus
742 1662 787 1696 ad
813 1674 901 1709 quos
928 1661 1069 1709 presens
1095 1661 1263 1709 scriptum
1289 1662 1493 1709 pervenerit
1518 1662 1684 1699 Andreas

189 1717 413 1766 permiffione
443 1718 565 1753 divina
593 1717 823 1755 (Doravienfis
851 1719 1032 1767 episcopus
1062 1724 1221 1755 eternam
1253 1719 1291 1754 in
1318 1719 1480 1755 Domino
1508 1720 1654 1756 salutem
1673 1741 1682 1749 ·

189 1775 373 1811 Noveritis
399 1775 553 1811 univerfi
577 1789 642 1811 nos
667 1776 786 1812 divine
811 1777 949 1824 pietatis
972 1777 1105 1812 intuitu
1127 1781 1163 1812 et
1183 1789 1249 1824 pro
1267 1776 1384 1813 cultus
1402 1777 1522 1812 divine
1539 1778 1684 1826 amplia-

189 1832 287 1868 tione
306 1852 314 1860 ·
342 1833 386 1868 de
412 1833 582 1868 consensu
606 1834 692 1869 cleri
717 1833 826 1868 nostri
850 1834 979 1869 dediffe
1001 1839 1037 1869 et
1058 1832 1253 1869 concessiss'e
1275 1839 1311 1869 et
1333 1834 1398 1870 hac
1416 1835 1568 1882 presenti
1586 1840 1684 1870 carta

189 1889 307 1925 nostra
329 1890 550 1925 confirmafl'e
576 1889 719 1926 ecclefie
738 1890 869 1926 Samfflz
888 1891 1074 1926 Trinitatis
1093 1891 1137 1926 de
1156 1891 1275 1938 Elgyn
1297 1896 1333 1926 et
1354 1892 1533 1927 canonicis
1551 1892 1681 1928 ibidem

190 1945 272 1982 Deo
290 1947 522 1982 servientibus
542 1953 577 1982 et
595 1948 776 1983 servituris
792 1948 830 1983 in
847 1961 972 1996 puram
988 1954 1024 1984 et
1036 1954 1244 1997 perpetuam
1264 1948 1488 1984 elemosinam
1502 1968 1511 1977 ·
1526 1950 1571 1984 ad
1588 1963 1682 1985 com-

189 2017 334 2039 munam
359 2005 607 2051 predifi'wrum
632 2005 885 2040 canonicorum
905 2024 914 2033 ·
941 2004 1119 2042 ecclefiam
1139 2006 1182 2041 de
1201 2006 1231 2041 F
1232 2019 1398 2054 erneway
1416 2019 1497 2042 cum
1517 2007 1680 2042 omnibus

188 2061 412 2109 pertinentiis
435 2062 503 2096 suis
522 2081 530 2089 ·
555 2060 733 2097 ecclesiam
752 2062 796 2097 de
815 2062 1038 2111 Abirihacyn
1055 2076 1137 2098 cum
1159 2063 1323 2098 omnibus
1343 2063 1567 2111 pertinentiis
1584 2064 1652 2100 suis
1670 2084 1678 2091 -

189 2123 337 2166 excepta
354 2131 426 2154 una
444 2119 589 2154 dimidia
608 2119 766 2154 dauacha
782 2124 877 2155 terre
898 2120 1099 2168 pertinente
1122 2121 1167 2156 ad
1193 2121 1347 2156 mensam
1371 2120 1524 2156 nostram
1549 2126 1584 2156 et
1607 2121 1679 2156 suc-

190 2175 360 2210 cefl'orum
379 2175 580 2211 nostrorum
605 2195 613 2204 ·
641 2175 819 2212 ecclesiam
842 2177 886 2213 de
905 2177 1157 2226 Logynkenny
1174 2191 1255 2213 cum
1274 2178 1439 2213 omnibus
1455 2178 1678 2226 pertinentiis

190 2231 257 2267 suis
279 2251 288 2260 ·
316 2238 465 2281 excepta
487 2246 560 2269 una
586 2233 745 2269 dauacha
769 2239 865 2270 terre
890 2235 1092 2282 pertinente
1118 2235 1163 2270 ad
1187 2235 1341 2271 mensam
1366 2235 1520 2271 nostram
1543 2240 1579 2271 et
1604 2234 1677 2271 suc-
