2066 2780
351 167 399 199 4⁶2
742 166 1055 203 REGISTRUM
1084 164 1444 202 MORAVIENSE.

352 268 388 299 et
404 264 546 300 tertiam
564 265 878 301 commonitionem
896 278 960 314 per
978 265 1152 300 decanum
1170 263 1227 299 vel
1246 261 1321 310 ejus
1338 261 1433 296 vices
1450 264 1633 307 gerentem
1654 280 1662 288 ·
1692 262 1843 297 canonia

350 319 551 368 supradi6h³
574 327 609 358 et
635 322 807 358 fructibus
831 322 906 370 ejus
935 321 958 356 fi
982 321 1220 357 commonitus
1250 317 1473 365 adquiescere
1501 317 1660 353 noluerit
1688 319 1840 355 eundem

350 377 638 415 archidiaconum
657 380 869 428 privandum
891 379 957 414 effe
981 378 1202 413 decernimus
1227 395 1234 403 ·
1255 374 1486 423 proventibus
1505 375 1719 411 omnimodis
1738 389 1841 412 cano-

351 434 409 470 nie
427 435 626 484 supradi&e
644 437 680 472 in
698 449 904 472 communes
922 435 1002 470 usus
1020 434 1271 469 canonicorum
1293 430 1433 467 ecclefie
1449 431 1580 467 Sancte
1595 432 1783 469 Trinitatis
1797 434 1841 469 de

350 492 471 541 Spyny
489 495 738 529 convertendis
768 514 776 522 -
809 493 921 528 donec
939 492 976 527 in
994 491 1149 539 capitulo
1169 489 1365 525 eorundem
1385 489 1639 524 canonicorum
1663 490 1766 539 super
1784 504 1840 527 ex-

350 550 441 585 ceffu
460 551 521 587 suo
539 551 743 587 satisfecerit
757 555 999 598 competenter
1026 567 1034 575 ·
1063 548 1119 583 Sic
1137 547 1243 582 etiam
1262 545 1429 581 volumus
1448 551 1484 581 et
1501 546 1709 582 ordinamus
1726 553 1763 583 et
1778 547 1841 584 sta·

350 608 482 643 tuimus
508 614 549 644 ut
576 609 620 644 de
647 608 810 643 omnibus
833 606 908 642 aliis
931 611 966 641 et
987 604 1129 652 singulis
1148 603 1327 639 canonicis
1346 602 1551 638 observetur
1587 624 1595 631 -
1629 604 1841 642 Investietur

348 671 467 700 autem
502 666 769 701 archidiaconus
800 669 835 700 et
870 662 1099 698 installabitur
1133 662 1171 696 in
1205 660 1368 709 predicta
1399 661 1550 696 canonia
1579 659 1666 697 ficut
1695 661 1840 711 fimplex

348 723 538 758 canonicus
556 723 592 757 in
610 722 751 759 ecclelia
769 719 1007 757 Lincolnienfi
1038 740 1046 747 ·
1079 724 1114 754 et
1138 719 1277 754 ratione
1304 719 1454 754 canonic
1476 718 1676 767 supradifite
1703 720 1839 757 decano

347 785 382 814 et
406 780 560 827 capitulo
587 780 654 816 erit
680 780 854 815 obnoxius
878 779 913 813 in
939 777 1103 813 omnibus
1126 782 1296 823 tanquam
1318 774 1463 824 fimplex
1488 777 1680 812 canonicus
1698 777 1839 814 ecclesie

347 835 602 873 Lincolniensis
628 837 752 885 majori
780 837 914 872 decano
942 840 977 870 et
1003 834 1157 882 capitulo
1185 833 1361 868 obnoxius
1388 833 1454 869 effe
1481 839 1624 870 tenetur
1649 854 1657 862 ·
1682 835 1839 883 Septima

346 895 495 929 canonia
521 893 662 930 ecclelia
688 894 731 929 de
759 894 878 942 Spyny
905 906 985 928 cum
1011 892 1175 927 omnibus
1195 890 1296 939 justis
1320 891 1544 939 pertinentiis
1568 891 1635 927 suis
1660 912 1667 920 ·
1696 892 1838 929 Oezava

345 952 495 987 canonia
513 950 652 987 ecclesie
677 952 720 987 de
744 951 915 986 Rothuan
941 955 977 985 et
1004 947 1146 985 ecclefia
1172 949 1216 984 de
1242 948 1393 997 Duppol
1420 962 1502 984 cum
1529 950 1694 985 omnibus
1715 964 1835 987 earum

339 1007 439 1055 justis
455 1009 677 1057 pertinentiis
696 1028 703 1036 ·
725 1008 884 1051 Quilibet
902 1007 1147 1056 predi6torum
1166 1007 1420 1042 canonicorum
1439 1006 1571 1042 habens
1589 1007 1742 1055 aliquam
1761 1021 1837 1057 pre-

344 1065 521 1101 dictarum
547 1067 778 1102 canoniarum
805 1066 902 1101 omni
928 1071 1089 1113 tempore
1111 1077 1225 1100 unum
1249 1064 1467 1100 sacerdotem
1485 1064 1523 1099 in
1541 1064 1611 1113 ipsa
1629 1064 1772 1101 ecclesia
1793 1066 1836 1102 de

343 1122 463 1171 Spyny
480 1137 544 1171 pro
563 1123 595 1159 se
614 1124 783 1159 vicarium
808 1123 948 1159 habebit
969 1123 1029 1170 qui
1047 1123 1084 1157 in
1102 1122 1227 1158 eadem
1246 1120 1388 1158 ecclefia
1410 1121 1620 1157 ministrabit
1642 1121 1710 1158 five
1732 1136 1837 1159 cano-

340 1180 439 1215 nicus
458 1181 557 1228 cujus
575 1181 725 1216 vicarius
743 1181 791 1216 est
807 1181 948 1229 presens
972 1179 1012 1215 fit
1033 1179 1102 1216 five
1123 1180 1247 1216 absens
1278 1199 1286 1208 ·
1319 1178 1381 1214 nifi
1402 1180 1595 1215 canonicus
1615 1180 1683 1228 ipse
1702 1181 1738 1215 in
1756 1195 1836 1229 pro-

339 1238 415 1284 pria
440 1238 587 1285 persona
610 1238 726 1274 officio
753 1238 960 1274 sacerdotali
987 1237 1186 1274 ministrans
1212 1235 1436 1273 refidentiam
1459 1238 1496 1272 in
1515 1238 1676 1285 predi&a
1694 1238 1836 1274 eeclesia

337 1295 451 1330 facere
470 1295 616 1343 elegerit
643 1315 651 1324 ·
680 1302 720 1331 ut
746 1296 910 1331 omnibus
933 1296 970 1331 in
993 1301 1208 1345 perpetuum
1232 1295 1453 1344 temporibus
1472 1296 1557 1331 οὸὶο
1576 1295 1774 1332 sacerdotes
1797 1298 1834 1332 in

337 1353 583 1400 prenominata
599 1354 792 1389 cathedrali
806 1353 948 1390 ecclelia
960 1355 1038 1390 vice
1053 1354 1300 1402 predi&orum
1320 1354 1404 1389 οὸὶο
1423 1353 1679 1388 canonicorum
1698 1354 1833 1390 inveni·

337 1415 442 1445 antur
460 1411 504 1446 ad
522 1411 695 1447 honorem
709 1412 850 1448 laudem
869 1418 904 1447 et
921 1412 1073 1460 gloriam
1093 1412 1224 1448 Sancite
1239 1411 1428 1447 Trinitatis
1447 1416 1483 1446 et
1499 1409 1740 1458 gloriolissime
1751 1411 1833 1447 Vir-

336 1468 427 1514 ginis
445 1469 557 1504 <Dario
572 1474 643 1504 tam
663 1468 851 1505 residentes
865 1483 969 1518 quam
986 1469 1223 1505 ministrantes
1243 1488 1251 1497 ·
1271 1469 1315 1505 de
1329 1468 1457 1517 quibus
1471 1474 1543 1504 tres
1556 1468 1713 1515 qualibet
1728 1469 1833 1505 ebdo-

338 1525 439 1559 mada
457 1525 724 1562 ebdomadarios
742 1527 808 1563 effe
831 1528 876 1563 ad
899 1527 1012 1563 miffas
1030 1527 1160 1563 cotidie
1178 1540 1260 1563 cum
1279 1532 1387 1562 cantu
1406 1531 1442 1562 e't
1459 1531 1546 1561 nota
1564 1526 1731 1562 dicendas
1750 1540 1832 1562 con-

337 1581 509 1617 stituimus
538 1601 546 1610 ·
575 1584 729 1619 Primam
755 1584 888 1619 miffam
910 1598 1014 1621 mane
1037 1585 1136 1620 omni
1154 1585 1212 1620 die
1231 1585 1275 1619 de
1293 1582 1534 1632 glorioliffima
1553 1583 1623 1619 Dei
1649 1585 1831 1632 genetrice

338 1639 540 1687 semperque
557 1641 695 1688 virgine
713 1642 828 1678 maria
849 1642 969 1678 festive
987 1655 1069 1678 cum
1087 1647 1196 1678 cantu
1219 1642 1406 1678 dicendam
1431 1641 1497 1677 effe
1521 1640 1704 1676 statuimus
1733 1662 1741 1669 ·
1772 1643 1830 1678 Se-

338 1697 489 1731 cundam
508 1711 575 1745 que
595 1698 723 1733 dicitur
746 1699 841 1734 miffa
865 1700 1021 1747 capitalis
1044 1699 1112 1736 five
1135 1699 1353 1735 matutinalis
1371 1712 1436 1747 pro
1456 1699 1634 1734 defunctis
1652 1699 1709 1734 vel
1727 1700 1829 1735 aliter

338 1754 527 1789 secundum
547 1755 642 1802 quod
661 1761 799 1803 tempus
819 1757 976 1804 exegerit
994 1758 1037 1792 ad
1056 1758 1196 1793 libitum
1211 1770 1292 1792 cum
1307 1762 1414 1792 cantu
1429 1756 1484 1792 vel
1501 1755 1570 1792 fine
1585 1762 1692 1792 cantu
1713 1777 1721 1785 ·
1741 1757 1829 1793 Ter-

337 1812 420 1846 tiam
438 1825 505 1858 que
524 1812 652 1847 (licitur
672 1812 784 1860 major
807 1814 903 1849 miffa
929 1814 996 1850 five
1015 1815 1111 1851 missa
1129 1815 1173 1851 de
1192 1816 1249 1850 die
1268 1815 1362 1850 circa
1379 1815 1504 1850 horam
1524 1814 1593 1849 diei
1612 1814 1753 1849 tertiam
1771 1815 1828 1850 vel

337 1868 439 1903 aliam
460 1870 665 1905 canonicam
684 1870 910 1919 solempniter
929 1885 1007 1908 cum
1027 1879 1134 1908 cantu
1159 1872 1330 1909 celebrari
1347 1872 1514 1908 volumus
1533 1892 1541 1900 ·
1562 1871 1724 1914 Quilibet
1742 1886 1828 1908 vero

337 1925 486 1961 aliorum
506 1927 661 1974 quinque
679 1927 898 1964 sacerdotum
917 1931 1013 1965 omni
1032 1931 1087 1966 die
1106 1929 1169 1966 nisi
1187 1929 1387 1966 rationabili
1406 1930 1508 1966 causa
1524 1929 1632 1965 suerit
1645 1929 1828 1965 excusatus

337 1984 467 2019 miss'am
494 1997 559 2032 pro
586 1984 763 2021 ‹lefun6tis
789 1985 964 2022 celebrare
992 1987 1171 2024 tenebitur
1199 2008 1207 2016 ·
1239 1987 1378 2024 Omnes
1401 1993 1521 2023 autem
1545 1986 1644 2022 simul
1664 1987 1827 2022 omnibus

337 2041 432 2076 horis
450 2041 643 2089 divinisque
661 2042 783 2078 officiis
801 2047 873 2078 tam
891 2045 998 2080 nocte
1012 2058 1117 2092 quam
1136 2046 1193 2082 die
1211 2045 1432 2081 celebrandis
1449 2044 1687 2080 communiter
1712 2045 1826 2080 adeffe

336 2104 371 2133 et
401 2099 561 2135 interess'e
590 2098 780 2135 stabilimus
806 2099 868 2135 nisl
893 2114 937 2136 ex
963 2103 1143 2139 manifesta
1168 2109 1204 2139 et
1230 2103 1431 2138 rationabili
1455 2102 1557 2138 causa
1583 2101 1737 2149 aliquem
1765 2102 1826 2137 ali-

335 2157 477 2203 quando
503 2157 548 2191 ad
574 2157 699 2193 horam
725 2157 836 2193 abess'e
862 2159 1052 2206 contigerit
1068 2174 1132 2209 per
1149 2161 1293 2209 majoris
1311 2160 1435 2196 decani
1453 2159 1632 2196 licentiam
1653 2158 1708 2194 vel
1731 2159 1826 2195 illius

335 2215 393 2261 qui
409 2214 502 2249 vices
520 2215 643 2250 decani
662 2215 855 2263 adimplere
874 2216 1068 2253 dinoscitur
1083 2237 1091 2246 ·
1111 2217 1289 2255 Omnibus
1307 2218 1417 2266 igitur
1434 2217 1595 2266 predi&e
1613 2216 1825 2252 cathedralis

335 2271 474 2307 ecclesie
494 2272 624 2308 San&e
643 2272 829 2309 Trinitatis
848 2273 891 2309 de
911 2273 1030 2323 Spyuy
1051 2275 1111 2311 sua
1131 2275 1215 2323 jura
1237 2274 1455 2313 servantibus
1480 2288 1544 2323 per
1570 2274 1826 2322 omnipotentis
