2060 2660
574 187 890 224 REGISTRUM
918 188 1278 228 MORAVIENSE.
1599 200 1673 232 235

184 283 412 322 moravienfis
446 285 490 321 de
521 285 624 321 nobis
655 291 690 321 et
720 286 968 322 successoribus
994 287 1119 322 nostris
1146 289 1184 323 in
1210 302 1343 324 meram
1372 304 1497 338 puram
1528 300 1563 329 et
1593 295 1676 330 libe-

183 356 258 378 ram
278 342 498 387 regalitatem
522 343 579 378 seu
598 343 768 391 regaliam
788 344 824 378 in
848 343 954 379 feodo
983 349 1019 379 et
1047 344 1243 381 hereditate
1270 346 1307 381 in
1329 354 1538 395 perpetuum
1564 370 1572 378 ·
1595 364 1674 386 cum

182 399 350 435 universis
361 400 673 436 commoditatibus
687 406 723 436 et
734 401 901 449 proficuis
919 401 1023 436 dietis
1041 401 1188 438 baronie
1207 408 1242 438 et
1259 403 1374 451 burgo
1394 406 1651 452 pertinentibus
1666 428 1673 435 ·

182 471 262 493 cum
280 458 391 494 libera
412 458 539 494 foresta
557 465 593 494 et
610 472 769 494 varenna
782 479 790 487 ·
809 459 922 495 feodis
940 465 976 495 et
993 460 1229 496 f‹)rissa6turis
1241 481 1249 489 ·
1270 461 1435 498 custumis
1450 483 1457 491 ·
1478 470 1513 499 et
1530 466 1677 501 advoca-

181 515 336 551 tionibus
351 515 574 551 ecclefiarum
594 536 602 544 ·
622 530 702 552 cum
722 517 908 552 itineribus
926 523 962 553 et
980 518 1086 553 curiis
1099 518 1290 566 justiciarie
1314 521 1505 556 camerarie
1529 528 1564 557 et
1588 522 1677 558 vice-

181 574 369 609 comitatus
392 587 433 609 ac
455 574 609 622 ipsorum
640 575 809 610 itinerum
839 580 875 611 et
902 575 1082 611 curiarum
1106 576 1349 624 prediGtarum
1369 577 1497 613 finibus
1514 579 1678 615 amercia-

181 632 308 667 mentis
326 632 478 667 exitibus
497 637 532 667 et
555 632 721 667 eschaetis
740 652 748 660 ·
774 645 854 668 cum
876 633 1051 681 portubus
1069 639 1104 668 et
1122 633 1281 681 passagiis
1300 653 1308 661 ·
1333 647 1374 670 ac
1402 648 1482 670 cum
1514 637 1677 671 omnibus

180 689 256 725 aliis
283 695 319 725 et
346 688 489 738 singulis
516 690 738 725 libertatibus
763 691 1075 726 commoditatibus
1099 696 1135 726 et
1159 690 1367 727 aisiamentis
1391 706 1431 728 ac
1449 693 1548 741 justis
1572 694 1678 741 perti-

180 748 309 784 nentiis
335 748 403 783 suis
430 747 695 795 quibuscunque
722 753 794 783 tam
813 761 887 783 non
906 749 1098 783 nominatis
1116 762 1219 796 quam
1239 750 1431 785 nominatis
1449 751 1493 785 ad
1518 751 1678 798 regalita-

180 813 251 842 tem
270 806 329 842 seu
351 806 519 854 regaliam
539 805 778 853 spectantibus
802 806 859 841 seu
879 806 1110 853 quovismodo
1128 806 1221 854 juste
1239 807 1397 855 spetstare
1416 807 1615 843 valentibus
1640 809 1677 844 in

181 865 342 900 futurum
362 883 370 892 ·
390 869 426 899 et
444 864 533 899 adeo
552 863 661 898 libere
681 883 689 891 ·
709 864 828 911 quiete
847 883 856 891 ·
875 863 1033 911 plenarie
1053 883 1061 891 ·
1087 864 1225 911 integre
1244 871 1279 900 et
1297 865 1492 901 honorifice
1508 885 1515 893 ·
1535 865 1625 901 bene
1644 871 1679 901 et

180 923 217 957 in
245 935 330 970 pace
359 922 395 956 in
422 921 586 956 omnibus
611 927 646 956 et
670 934 733 969 per
757 921 877 956 omnia
907 920 994 956 ficut
1024 921 1142 968 aliqua
1170 922 1335 969 regalitas
1365 922 1424 958 seu
1452 923 1585 970 regalia
1608 924 1679 958 cui-

181 992 321 1027 cunque
340 978 480 1014 ecclesie
495 984 557 1014 aut
574 978 730 1026 personis
745 977 978 1014 ecclesiasticis
996 979 1261 1027 quibuscunque
1275 980 1311 1015 in
1330 993 1443 1027 regno
1458 980 1576 1016 nostro
1595 981 1678 1016 libe-

181 1038 254 1072 rius
271 1037 424 1084 quietius
442 1042 504 1071 aut
522 1036 815 1072 honorificentius
844 1037 1053 1072 conceditur
1082 1037 1139 1072 seu
1169 1037 1323 1072 donatur
1338 1056 1346 1065 ·
1377 1038 1577 1073 Reddendo
1596 1038 1678 1073 inde

181 1094 365 1130 annuatim
384 1094 486 1129 nobis
503 1094 693 1129 heredibus
711 1100 746 1129 et
760 1094 1008 1130 succefforibus
1022 1094 1147 1129 nostris
1166 1095 1283 1130 dietus
1296 1095 1480 1131 Johannes
1498 1095 1678 1143 episcopus

182 1150 411 1189 moraviensis
435 1158 469 1187 et
488 1151 539 1186 sui
557 1151 764 1186 successores
780 1151 1020 1187 moravienses
1044 1152 1194 1199 episcopi
1212 1165 1320 1187 unam
1340 1152 1452 1187 rosam
1472 1152 1617 1188 rubeam
1631 1153 1677 1187 ad

182 1209 304 1245 festum
333 1209 540 1245 Nativitatis
569 1209 661 1244 beati
683 1208 858 1245 Johannis
878 1208 1031 1257 Baptiste
1056 1210 1150 1257 apud
1173 1209 1325 1256 burgum
1349 1209 1392 1244 de
1414 1209 1587 1245 Innernes
1614 1223 1678 1245 no-

185 1268 279 1302 mine
298 1267 376 1302 albe
394 1267 496 1302 firme
513 1265 538 1301 fi
551 1272 693 1314 petatur
708 1285 716 1293 ·
737 1272 772 1301 et
791 1266 991 1301 orationum
1012 1266 1173 1314 suffragia
1191 1267 1400 1301 devotarum
1420 1272 1558 1302 tantum
1579 1286 1586 1294 ·
1611 1280 1676 1314 pro

181 1325 283 1360 sectis
315 1325 412 1359 curie
444 1330 479 1359 et
510 1324 607 1359 omni
639 1323 708 1358 alio
740 1336 849 1359 onere
881 1324 1069 1359 exactione
1103 1323 1282 1371 questione
1314 1324 1488 1359 demanda
1518 1329 1580 1359 aut
1610 1324 1678 1359 ser·

181 1382 269 1417 vitio
293 1381 439 1417 seculari
467 1395 536 1429 que
567 1381 611 1416 de
641 1381 745 1416 ἀίἇὶίε
773 1381 921 1416 baronia
945 1387 980 1416 et
1002 1381 1117 1428 burgo
1140 1394 1220 1416 cum
1244 1381 1468 1429 pertinentiis
1493 1394 1557 1429 per
1580 1382 1679 1429 quos-

181 1453 321 1487 cunque
339 1439 431 1487 juste
454 1439 547 1486 exigi
569 1444 742 1487 poterunt
765 1439 1034 1486 quomodolibet
1052 1439 1108 1474 vel
1130 1438 1262 1486 requiri
1282 1458 1289 1466 -
1319 1438 1363 1473 In
1388 1438 1488 1486 cujus
1510 1439 1560 1474 rei
1588 1438 1677 1474 testi-

181 1498 340 1532 monium
362 1497 513 1544 presenti
528 1503 624 1532 carte
638 1496 754 1531 nostre
769 1509 938 1544 magnum
953 1495 1102 1543 sigillum
1118 1496 1274 1531 nostrum
1289 1496 1419 1544 apponi
1434 1496 1654 1544 precepimus
1666 1516 1674 1524 ·

182 1554 343 1590 Testibus
362 1554 566 1590 reverendis
584 1554 621 1588 in
637 1553 775 1589 Christo
793 1554 952 1602 patribus
968 1553 1104 1590 Jacobo
1119 1559 1155 1589 et
1170 1553 1352 1588 Willelmo
1367 1553 1622 1589 Sanfifiandree
1641 1560 1675 1589 et

183 1611 401 1660 Glesgwensi
425 1612 594 1660 episcopis
613 1631 622 1639 ·
654 1610 825 1646 cariffimo
844 1611 1107 1658 consanguineo
1131 1610 1251 1646 nostro
1269 1610 1432 1658 Georgio
1450 1610 1580 1646 comite
1600 1611 1675 1645 An-

180 1669 275 1718 gufie
295 1689 303 1697 ·
319 1669 500 1704 Willelmo
515 1669 661 1704 domino
677 1669 885 1716 Crychtoun
903 1668 1021 1704 nostro
1040 1668 1251 1704 cancellario
1270 1673 1306 1703 et
1323 1667 1585 1715 consanguineo
1600 1681 1677 1716 pre-

181 1728 315 1763 dileeto
328 1746 335 1754 ·
350 1727 489 1762 dileetis
503 1726 771 1773 consanguineis
789 1725 913 1761 nostris
932 1726 1114 1761 Willelmo
1133 1726 1280 1761 domino
1299 1725 1524 1772 Somyrweill
1536 1744 1544 1752 ·
1565 1725 1676 1761 Patri-

122 1828 124 1831 Α
181 1785 236 1821 cio
252 1784 398 1820 domino
412 1783 613 1831 Glammys·
628 1783 778 1819 Andrea
789 1784 935 1819 domino
949 1783 1065 1831 Gray·
1079 1782 1244 1831 magistro
1257 1782 1423 1819 Johanne
1431 1782 1553 1818 Arous
1566 1783 1676 1818 archi-

183 1843 334 1878 diacono
354 1840 569 1889 Glasgwenfi
581 1861 589 1869 ·
619 1847 655 1876 et
673 1841 836 1889 Georgio
855 1841 899 1876 de
914 1841 1157 1876 Schoriswode
1175 1841 1317 1876 re&ore
1335 1840 1380 1875 de
1399 1839 1528 1887 Cultyr
1546 1840 1674 1876 clerico

181 1899 299 1935 nostro
319 1919 327 1927 ·
355 1899 449 1947 apud
470 1899 680 1946 Edinburgh
700 1899 837 1934 decimo
856 1899 981 1946 quinto
1007 1898 1063 1934 die
1088 1896 1212 1933 menfis
1237 1897 1390 1946 Augusti
1412 1910 1507 1932 anno
1526 1897 1674 1932 Domini

181 1956 364 1993 millesimo
383 1956 727 2004 quadringentesimo
746 1954 1033 2003 quinquagesimo
1051 1955 1204 1991 secundo
1223 1961 1259 1991 et
1277 1955 1378 2003 regni
1402 1953 1509 1990 nostri
1537 1955 1673 1990 decimo

181 2016 278 2051 sexto
298 2034 306 2042 ·
335 2014 454 2056 Quam
472 2014 614 2061 quidem
631 2019 763 2048 cartam
783 2019 818 2049 et
834 2013 1063 2048 donationem
1079 2019 1115 2049 et
1129 2011 1383 2048 concessionem
1400 2012 1436 2047 in
1454 2012 1576 2047 eadem
1592 2025 1673 2047 con-

181 2078 296 2108 tentas
314 2072 351 2107 in
370 2071 534 2107 omnibus
551 2071 619 2106 suis
642 2071 785 2118 pun6fis
816 2077 852 2106 et
879 2071 1036 2106 articulis
1062 2069 1326 2106 conditionibus
1350 2075 1386 2105 et
1409 2069 1523 2104 modis
1545 2082 1585 2104 ac
1609 2070 1672 2105 cir-

182 2129 397 2165 cumstantiis
415 2129 482 2164 suis
499 2128 764 2176 quibuscunque
787 2128 901 2163 forma
923 2128 1056 2176 pariter
1081 2133 1117 2164 et
1141 2128 1270 2163 effeetu
1297 2127 1332 2162 in
1357 2126 1519 2162 omnibus
1547 2132 1582 2162 et
1609 2140 1672 2174 per

182 2187 302 2222 omnia
318 2192 359 2222 ut
377 2186 578 2232 premissum
598 2185 646 2221 est
663 2199 728 2233 pro
746 2185 848 2221 nobis
866 2191 903 2221 et
919 2185 1168 2221 successoribus
1186 2184 1311 2221 nostris
1327 2197 1391 2233 per
1408 2183 1583 2232 presentes
1606 2197 1671 2232 pro

182 2250 354 2293 perpetuo
373 2244 625 2279 confirmamus
640 2263 648 2271 =
677 2243 789 2279 Salvis
807 2242 909 2279 nobis
926 2243 1116 2279 heredibus
1133 2248 1169 2279 et
1185 2241 1432 2278 successoribus
1449 2240 1572 2276 nostris
1583 2241 1671 2289 juri-
