2066 2780
104 1054 147 1084 51

578 137 895 174 REGISTRUM
923 138 1138 176 MORAVI
1144 141 1283 179 ENSE.
1621 154 1668 189 59

182 237 413 273 Inuerhouen
430 248 512 271 cum
530 236 693 284 predicta
716 236 874 271 dauacha
894 241 989 272 terre
1014 242 1050 272 et
1071 250 1152 272 cum
1177 239 1340 275 omnibus
1361 242 1437 278 aliis
1448 243 1548 291 justis
1566 248 1670 294 perti-

180 294 309 330 nentiis
335 293 403 328 suis
429 293 478 329 ita
504 293 614 329 libere
641 294 760 341 quiete
786 294 944 342 plenarie
971 299 1007 329 et
1032 294 1228 331 honorifice
1246 296 1283 331 in
1301 305 1508 346 perpetuam
1525 307 1671 339 teneant

180 349 403 387 elemofinam
421 356 457 386 et
476 350 671 399 possideant
688 350 774 387 ficut
792 351 946 398 aliquam
964 351 1069 386 aliam
1089 351 1266 387 ecclefiam
1284 354 1322 389 in
1340 356 1539 404 episcopatu
1555 361 1671 395 mora-

179 406 285 443 vienfi
302 407 448 443 liberius
465 409 618 455 quietius
632 409 771 457 plenius
789 414 825 444 et
842 409 1136 444 honorificentius
1149 414 1275 445 tenent
1289 416 1324 446 et
1338 411 1511 459 possident
1533 434 1541 442 ·
1568 416 1671 452 Salvo

178 465 319 501 servitio
338 465 474 501 domini
494 465 605 513 Regis
625 479 690 514 pro
709 466 872 514 predicta
895 466 1055 501 dauacha
1076 465 1101 501 fi
1124 467 1209 514 quid
1233 467 1414 504 servitium
1437 470 1520 506 inde
1544 472 1672 508 habere

178 522 304 558 debeat
336 542 344 550 ·
374 523 537 559 Testibus
555 523 736 559 Duncano
756 529 791 559 et
810 523 932 559 David
949 524 1117 559 fratribus
1135 525 1222 560 meis
1253 545 1262 552 ·
1294 526 1437 562 Thoma
1455 527 1499 563 de
1519 528 1674 565 Kenma-

178 593 245 615 ron
264 600 272 607 ·
292 580 474 616 W'illelmo
494 581 538 616 de
552 581 700 629 Vyuilla
719 601 726 609 ·
747 581 942 617 malcolmo
962 581 1005 617 de
1024 582 1206 618 malavilla
1225 602 1233 610 ·
1252 584 1376 620 marco
1396 585 1439 620 de
1458 586 1646 621 mortimer
1666 607 1673 614 ·

178 637 338 673 W⁷altero
356 638 540 686 capellano
554 658 562 666 ·
577 638 760 674 Willelmo
778 639 852 673 filio
865 639 1036 674 Duncani
1048 658 1056 667 ·
1070 639 1281 688 malotheny
1295 642 1542 690 macmadethy
1560 662 1568 670 ·
1588 643 1675 678 Wil-

178 694 285 730 lelmo
304 696 348 731 de
368 695 470 731 Aton
490 715 498 724 ·
519 696 690 744 Elysaunt
708 709 782 733 coac
802 695 1014 744 Gyllebride
1042 716 1050 724 ·
1077 696 1289 733 Alexandro
1308 698 1352 734 de
1371 698 1456 734 Blar
1484 719 1491 727 ·
1514 699 1673 736 Henrico

179 752 222 787 de
242 753 459 801 Abyrnythy
478 773 485 780 ·
506 759 541 789 et
560 753 681 789 multis
698 754 774 789 aliis
794 774 801 781 ·

181 924 397 973 Compofitio
416 926 518 974 super
536 926 808 962 advocationem
827 925 969 963 ecclesie
988 927 1032 962 de
1050 927 1295 963 Dulbathlach
1314 947 1322 955 ·

179 1040 359 1076 Noverint
377 1054 500 1076 omnes
518 1041 586 1076 hoc
604 1041 770 1089 scriptum
790 1041 897 1077 visuri
914 1042 972 1077 vel
990 1042 1147 1077 audituri
1177 1061 1184 1069 -
1214 1043 1311 1089 quod
1333 1056 1414 1078 cum
1438 1044 1677 1080 controverfia

180 1098 262 1133 effet
280 1098 373 1134 inter
392 1099 576 1134 dominum
597 1099 755 1134 Bricium
775 1099 1034 1135 moraviensem
1054 1099 1255 1147 episcopum
1274 1106 1309 1135 et
1327 1100 1529 1137 Johannem
1547 1101 1676 1150 Byseth

179 1156 281 1203 super
305 1156 539 1192 advocatione
558 1155 781 1192 ecclefiarum
800 1157 844 1191 de
863 1156 1027 1203 Cunewy
1046 1162 1081 1192 et
1100 1157 1143 1192 de
1163 1157 1405 1193 Dulbathlach
1431 1178 1439 1186 ·
1465 1164 1501 1193 et
1519 1159 1563 1194 de
1583 1159 1675 1195 deci-

179 1214 244 1248 mis
269 1214 474 1249 reddituum
496 1227 564 1261 que
583 1214 729 1249 domino
749 1214 843 1261 Regi
862 1214 1082 1249 debebantur
1109 1234 1117 1242 ·
1146 1220 1182 1249 et
1201 1215 1244 1250 de
1262 1215 1366 1250 terris
1383 1215 1475 1251 infra
1492 1217 1676 1263 parochias

179 1271 356 1306 dictarum
384 1271 607 1307 ecclesiarum
634 1271 830 1307 constitutis
853 1277 1043 1318 antequam
1070 1272 1231 1319 predicte
1254 1277 1349 1307 terre
1376 1273 1491 1308 eidem
1517 1273 1675 1309 Johanni

178 1329 215 1363 in
233 1329 339 1364 feodo
358 1329 466 1364 effent
485 1330 615 1364 donate
638 1334 673 1364 et
691 1329 849 1364 concefl'e
864 1349 872 1356 ·
892 1329 953 1363 sub
971 1329 1037 1364 hac
1055 1329 1170 1364 forma
1186 1342 1250 1377 per
1268 1330 1488 1365 amicabilem
1507 1330 1676 1378 compofi-

177 1386 313 1422 tionem
332 1387 379 1422 est
396 1387 507 1435 sopita
525 1406 533 1414 ·
557 1386 687 1422 scilicet
705 1387 802 1433 quod
815 1386 998 1434 predictus
1015 1386 1198 1423 Johannes
1217 1386 1344 1434 Byseth
1365 1388 1523 1434 quietum
1549 1388 1675 1423 clama-

177 1444 229 1479 vit
255 1458 320 1492 pro
348 1445 381 1480 se
408 1450 443 1480 et
469 1444 657 1480 heredibus
684 1444 751 1479 suis
777 1444 814 1478 in
840 1449 1054 1491 perpetuum
1072 1443 1155 1479 Deo
1175 1449 1210 1479 et
1228 1444 1442 1492 episcopatui
1459 1446 1621 1481 moravie
1640 1451 1675 1480 et

179 1502 325 1537 domino
344 1502 463 1537 Bricio
482 1500 696 1538 moraviensi
720 1502 880 1549 episcopo
907 1506 944 1536 et
970 1501 1218 1536 succefforibus
1241 1501 1309 1536 suis
1331 1502 1603 1537 advocationem
1622 1515 1676 1538 ec-

178 1558 277 1594 clefie
299 1560 343 1594 de
362 1559 606 1594 Dulbathlach
634 1572 716 1594 cum
745 1559 909 1594 omnibus
938 1559 983 1594 ad
1011 1572 1088 1594 eam
1117 1558 1377 1606 pertinentibus
1406 1578 1414 1586 ·
1444 1559 1573 1594 scilicet
1593 1572 1674 1594 cum

177 1617 343 1652 omnibus
362 1617 506 1652 decimis
525 1636 533 1644 ·
554 1616 792 1652 oblationibus
812 1636 820 1643 ·
840 1616 1114 1652 obventionibus
1132 1621 1167 1651 et
1185 1616 1461 1651 rectitudinibus
1479 1615 1676 1651 ecclefiasti-

177 1674 225 1709 cis
246 1674 539 1722 provenientibus
566 1674 610 1709 de
638 1674 695 1708 ·ix·
725 1674 891 1709 dauachis
917 1674 962 1708 ad
989 1673 1139 1709 eandem
1167 1672 1346 1709 ecclefiam
1369 1674 1412 1709 de
1431 1673 1675 1709 Dulbathlach

106 1770 108 1772 ,
170 1732 253 1780 jure
272 1731 465 1780 parochiali
486 1731 747 1779 pertinentibus
773 1736 809 1766 et
835 1731 1021 1779 episcopali
1047 1731 1261 1766 auctoritate
1288 1730 1465 1778 allignatis
1489 1731 1527 1766 in
1552 1744 1674 1779 perpe-

176 1795 278 1824 tuum
298 1809 306 1817 ·
329 1789 459 1824 scilicet
478 1789 635 1824 dauache
654 1789 698 1824 de
718 1789 891 1836 Fyngaffy
911 1808 918 1816 ·
939 1791 1138 1836 morevayn
1158 1808 1166 1816 ·
1186 1788 1395 1824 Lusnecorn
1414 1808 1422 1816 ·
1442 1789 1644 1837 monychoc
1665 1809 1672 1816 ·

176 1852 211 1882 et
228 1847 339 1882 altera
353 1847 555 1894 monychoc
571 1866 578 1874 ·
596 1851 631 1881 et
645 1846 756 1881 tribus
771 1846 938 1881 dauachis
952 1846 996 1882 de
1011 1846 1101 1881 Ferc
1116 1865 1123 1873 ·
1141 1846 1329 1882 Predictus
1344 1859 1430 1882 vero
1445 1845 1674 1883 moraviensis

176 1904 355 1953 episcopus
372 1917 438 1952 pro
456 1904 489 1939 se
508 1909 543 1939 et
561 1904 810 1939 succefl'oribus
828 1904 895 1938 suis
913 1904 1068 1950 quietam
1086 1903 1252 1939 clamavit
1272 1904 1437 1952 predicto
1454 1903 1613 1940 Johanni
1637 1909 1672 1939 et

175 1962 362 1998 heredibus
388 1962 456 1997 suis
482 1962 519 1996 in
545 1966 759 2009 perpetuum
778 1961 1048 1996 advocationem
1067 1959 1209 1997 ecclefie
1228 1961 1272 1996 de
1295 1961 1452 2009 Conewy
1471 1981 1479 1989 ·
1502 1962 1547 1997 ad
1565 1974 1672 2008 quam

175 2018 341 2067 affignate
371 2019 451 2054 sunt
479 2032 542 2067 per
571 2019 756 2066 dyocesani
784 2018 935 2067 episcopi
965 2019 1218 2054 auctoritatem
1238 2018 1322 2067 jure
1348 2019 1541 2067 parochiali
1566 2019 1672 2067 perti-

175 2083 299 2113 nentes
321 2077 379 2112 ·xi·
399 2077 557 2112 dauache
577 2096 584 2104 ·
605 2076 735 2112 scilicet
754 2076 960 2124 Gulsackyn
985 2096 994 2104 ·
1019 2076 1185 2112 Buntach
1213 2096 1221 2104 ·
1252 2076 1413 2112 Herkele
1444 2096 1451 2104 ·
1484 2077 1642 2112 Cumber
1661 2096 1669 2103 ·

176 2134 352 2183 Coneway
372 2154 380 2162 ·
399 2134 529 2170 scilicet
547 2134 616 2169 due
636 2134 794 2169 dauache
814 2153 822 2161 ·
842 2133 1001 2169 Brutach
1020 2136 1109 2182 muy
1129 2153 1137 2162 ·
1156 2139 1192 2169 et
1209 2134 1321 2170 altera
1338 2136 1427 2182 muy
1446 2154 1454 2161 ·
1474 2134 1612 2181 Dunyn
1635 2138 1670 2168 et

176 2191 352 2228 Fothenes
371 2212 379 2220 ·
399 2205 479 2227 cum
496 2191 661 2227 omnibus
679 2191 902 2240 pertinentiis
920 2191 988 2227 suis
1005 2192 1043 2226 in
1060 2192 1205 2227 decimis
1220 2211 1228 2220 ·
1242 2192 1480 2227 oblationibus
1494 2211 1502 2219 ·
1518 2196 1553 2226 et
1566 2190 1670 2225 recti-

175 2249 354 2285 tudinibus
373 2248 604 2285 ecclesiasticis
623 2249 666 2285 de
686 2249 789 2285 dictis
808 2249 912 2285 terris
930 2249 1225 2297 provenientibus
1245 2269 1252 2277 ·
1282 2249 1455 2292 Quietum
1474 2248 1578 2284 etiam
1602 2246 1670 2282 cla-
