1912 2660
204 824 262 852 349

198 1351 255 1377 350

196 1684 248 1711 351

194 2111 250 2137 352

292 114 367 146 400
692 108 1009 146 REGISTRUM
1038 107 1402 145 MORAVIENSE.

292 207 355 235 talis
370 207 433 236 L.4.
448 210 476 236 6.
490 209 518 236 8.
531 207 560 235 in
575 212 636 236 toto
651 207 735 236 L.l7.
753 209 798 236 17.
813 209 840 236 9.
869 208 1020 236 Prestando
1039 207 1142 235 sectam
1159 206 1192 234 ad
1207 210 1264 233 tres
1279 205 1368 232 curias
1383 204 1514 242 capitales
1529 204 1602 243 apud
1619 204 1713 243 Spyne
1727 211 1755 235 et
1770 207 1798 235 in

292 255 415 292 quolibet
435 255 537 284 itinere
550 254 713 294 justiciariae
727 255 882 293 regalitatis
897 255 930 283 de
947 256 1051 293 Spyne.
1094 253 1210 282 Proviso
1228 252 1312 280 etiam
1328 252 1401 289 quod
1415 251 1629 281 seodifirmarius
1643 253 1732 281 fidelis
1746 254 1800 283 erit

293 302 431 341 Episcopo
453 308 481 331 et
503 303 528 331 ei
550 308 631 340 grata
654 303 766 331 servitia
788 302 890 334 facien
911 311 1021 330 necnon
1043 301 1072 328 in
1094 300 1153 338 ejus
1177 299 1297 327 servitiis
1318 299 1411 326 eundo
1430 298 1478 327 seu
1496 299 1655 337 equitando,
1671 302 1799 339 expensis

292 349 422 388 Episcopi
437 351 540 379 servire
555 356 667 389 paratus
683 350 744 379 erit.
778 350 851 379 Cum
867 349 995 387 pactione
1010 349 1043 375 de
1057 347 1227 375 annullanda
1240 345 1429 374 inseodatione
1444 347 1463 374 fi
1478 347 1691 376 feodifirmarius
1704 349 1798 378 literas

290 398 398 426 servitii
412 403 460 426 aut
475 398 660 436 obligationes
676 399 705 436 ly
719 397 820 426 bandis
834 397 867 425 de
880 400 1015 424 manrent
1029 399 1202 432 nuncupatas
1217 398 1266 421 aut
1281 398 1387 422 mutuae
1401 394 1540 429 amicitiae,
1564 396 1666 434 quhillc
1680 397 1706 425 is
1719 397 1800 425 callit

290 456 346 474 ane
360 446 439 474 band
451 445 657 485 ‘fffrendst‘llfp
671 445 826 482 cuicunque
841 443 965 481 personae
980 447 1029 470 aut
1043 441 1169 480 personis
1191 441 1248 469 fine
1264 440 1394 479 Episcopi
1409 443 1545 471 consensu
1565 443 1662 472 fecerit
1682 444 1729 472 seu
1750 445 1796 472 de-

290 493 372 521 derit.
394 493 524 521 Testibus
539 493 669 531 magistro
681 493 811 521 Johanne
828 491 981 519 Gordoune
995 489 1170 527 penfionario
1184 488 1218 516 de
1230 488 1338 526 Keyth,
1353 489 1473 518 dominis
1486 490 1650 519 Florentino
1662 491 1796 529 Hwyme,

292 540 456 569 Alexandro
472 541 605 573 Sinclare,
620 541 751 568 Johanne
767 539 902 571 Vatsoun,
918 537 1025 566 Jacobo
1041 536 1186 573 Dowglas,
1204 536 1353 574 capellanis
1368 537 1534 566 cathedralis
1548 538 1685 571 ecclefiae;
1706 539 1796 567 Alex-

289 588 376 616 andro
391 588 476 616 Innes
491 588 520 615 in
536 587 669 621 Pethnik,
685 587 830 614 W'illelmo
845 585 985 613 Dunbrek
1000 584 1033 612 de
1049 584 1200 617 VVrcanne,
1217 584 1343 613 Roberto
1358 584 1444 613 Innes
1459 586 1492 613 de
1509 585 1644 623 Monady,
1664 586 1795 616 Johnnne

292 636 479 669 Sandesoune,
495 635 626 672 magistro
643 635 767 671 Hugone
783 634 886 670 Cragy,
903 632 1049 660 Willelmo
1060 631 1207 669 Wysman,
1226 631 1341 660 domino
1356 632 1487 661 Johanne
1502 633 1655 668 Gibsoune,
1670 635 1795 663 notariis.

291 683 377 721 Apud
393 683 505 721 Elgine‚
524 684 558 711 16
571 682 641 711 Maii
660 683 745 710 1545.

289 826 374 855 Carta
393 826 554 855 seodifirmae
573 824 723 853 earundem
744 827 882 851 terrarum
901 822 934 849 ab
951 822 1088 860 Episcopo
1102 822 1166 850 data
1179 822 1261 850 dictis
1274 822 1380 851 ,Iacobo
1396 822 1481 851 Innes
1495 828 1524 851 et
1539 824 1703 852 Katherinae
1718 825 1791 853 Gor-

287 875 361 902 doun
381 874 409 901 in
431 873 579 912 conjuncta
594 871 790 904 infeudatione,
806 880 839 898 eo
854 870 927 907 quod
942 870 1016 898 dicta
1030 870 1189 898 Katherina
1203 871 1416 898 renunciaverat
1430 871 1485 898 suae
1500 871 1656 909 conjunctae
1669 872 1791 901 infeoda-

285 922 357 950 tioni
382 926 519 949 terrarum
541 921 575 948 de
599 920 742 947 Newtoun
767 922 795 947 et
819 918 960 946 Newtoun
982 918 1072 945 landis
1093 928 1124 946 ac
1145 922 1242 956 portus
1264 918 1298 946 de
1324 918 1403 946 Coss‘e
1424 923 1577 956 nuncupat:
1610 919 1739 947 Ernehill
1760 920 1789 947 in

286 969 380 997 eadem
402 968 522 1002 baronia,
545 968 573 995 in
595 967 720 995 favorem
743 966 863 994 Helenae
882 965 941 994 Ros
960 965 1024 993 filiae
1041 965 1174 1003 Hugonis
1190 966 1249 994 Ros
1263 966 1297 994 de
1312 965 1468 999 Kilrawok,
1488 966 1597 994 intuitu
1618 967 1790 995 matrimonii

285 1016 466 1045 contrahendi
487 1016 562 1043 inter
581 1015 657 1043 illam
679 1019 707 1043 et
730 1014 888 1042 Robertum
910 1013 996 1041 Innes
1017 1013 1106 1041 filium
1126 1013 1266 1041 dictorum
1284 1014 1382 1042 Jacobi
1400 1018 1428 1042 et
1447 1014 1621 1042 Katherinae.
1663 1014 1789 1043 Tenend:

284 1064 332 1092 sub
347 1063 448 1092 eisdem
462 1062 668 1091 conditionibus
683 1062 783 1100 quibus
798 1065 881 1089 antea
894 1061 1073 1089 tenebantur.
1114 1061 1148 1088 In
1160 1061 1215 1089 fine
1230 1060 1392 1089 continetur
1402 1066 1565 1099 preceptum
1580 1062 1682 1090 sufinae.
1725 1062 1788 1090 Bal-

282 1112 339 1139 livo
353 1111 458 1139 Jacobo
474 1110 642 1138 Monereiffe
654 1122 660 1143 ;
683 1109 812 1138 Testibus
825 1108 957 1146 magistro
968 1109 1074 1137 Jacobo
1088 1108 1308 1137 Strauthauchin
1322 1114 1430 1137 rectore
1444 1109 1478 1137 de
1494 1109 1657 1147 Balbelvye,
1674 1110 1788 1138 Andrea

283 1158 458 1191 Monereiffe,
485 1157 579 1186 David
604 1158 747 1195 Cumyng,
773 1156 905 1185 Donaldo
927 1157 999 1191 Ard,
1020 1156 1166 1185 Willelmo
1189 1157 1294 1194 Goldy,
1317 1156 1497 1185 servitoribus
1521 1157 1660 1196 Episcopi.
1702 1159 1787 1196 Apud

283 1206 394 1243 Elgine,
413 1207 451 1234 20
467 1205 538 1233 Maii
556 1206 642 1233 1567.

282 1348 462 1377 Affedatioun
483 1349 516 1376 be
538 1348 588 1376 the
612 1348 741 1386 Bischop‚
764 1352 795 1376 to
817 1347 912 1376 Johne
934 1347 1071 1376 Gordoun
1093 1346 1126 1375 of
1143 1347 1335 1376 Carrinborow
1350 1347 1404 1375 and
1419 1347 1568 1376 Elizabeth
1584 1348 1719 1377 Gordoun
1741 1349 1785 1376 his

280 1397 372 1434 spous,
394 1396 436 1424 for
458 1400 600 1434 nynetene
623 1396 706 1434 yeris‚
728 1395 761 1423 of
777 1396 826 1424 the
849 1395 927 1424 teind
949 1395 1062 1423 schaves
1085 1394 1118 1423 of
1132 1396 1182 1424 the
1204 1395 1325 1433 paroche
1347 1395 1381 1423 of
1399 1395 1594 1433 Drumdalgye
1615 1396 1714 1424 within
1736 1396 1785 1425 the

280 1444 368 1472 diocie
389 1444 422 1472 of
440 1444 558 1482 Murray
577 1444 632 1472 and
652 1443 827 1472 {heriffdome
848 1443 881 1471 of
900 1443 1059 1477 Aberdene,
1083 1443 1126 1471 for
1146 1443 1230 1471 L.33.
1245 1444 1272 1471 6.
1286 1445 1316 1471 8.
1336 1443 1441 1481 yerely.
1483 1443 1641 1477 Wstneffiaes,
1659 1444 1783 1472 Androw

283 1492 442 1525 Monereiff,
464 1492 557 1520 David
573 1493 715 1529 Cumyng,
740 1492 847 1520 Robert
864 1492 1029 1530 Hepburne,
1050 1490 1095 1519 Sir
1108 1491 1205 1520 James
1222 1491 1363 1519 Sandeson
1378 1492 1432 1520 und
1447 1491 1493 1520 Sir
1506 1492 1583 1520 John
1600 1491 1706 1521 Gibson
1721 1502 1782 1530 per-

282 1539 329 1567 son
346 1539 378 1566 of
389 1539 538 1568 Unthank.
580 1541 621 1568 At
638 1539 733 1578 Spyne
748 1540 802 1567 and
818 1539 913 1577 Elgin‚
929 1541 967 1568 20
984 1539 1105 1577 Augusti
1124 1539 1208 1567 1569.

281 1682 366 1711 Carta
377 1681 537 1710 feodifirmae
548 1687 686 1711 terrarum
702 1683 735 1711 de
751 1683 945 1711 Drumreocht
958 1682 1032 1711 infra
1045 1683 1204 1721 parochiam
1215 1683 1249 1711 de
1262 1682 1342 1720 Dyik
1354 1687 1382 1711 et
1394 1682 1446 1710 vic:
1461 1682 1495 1710 de
1508 1682 1620 1720 Elgyne
1634 1687 1663 1711 et
1675 1682 1784 1717 Forres,

279 1730 479 1767 refignatarum
500 1740 550 1768 per
570 1731 709 1768 quondam
726 1732 922 1759 Alexandrum
938 1731 1075 1768 Murraye
1089 1731 1123 1759 de
1139 1730 1297 1764 Culbardie,
1319 1731 1352 1758 ab
1368 1730 1507 1768 Episcopo
1521 1730 1644 1758 concessa
1659 1730 1785 1760 Roberto

280 1777 366 1806 Innes
388 1778 422 1806 de
445 1778 648 1806 Innermerkie.
690 1779 842 1807 Reddendo
867 1779 932 1807 L.2.
954 1779 1110 1807 annuatim.
1151 1778 1281 1807 Testibus
1307 1778 1432 1815 Georgio
1456 1779 1554 1807 Schaw
1577 1779 1610 1806 de
1634 1778 1782 1813 Knokhill,

282 1825 446 1853 Alexandro
469 1826 567 1853 Schaw
590 1826 646 1854 filio
669 1831 696 1854 et
718 1832 868 1865 apparente
887 1827 990 1855 herede
1012 1826 1111 1856 Jacobi
1133 1826 1232 1855 Schaw
1253 1827 1287 1854 de
1310 1826 1427 1864 Sawchy
1450 1826 1557 1859 militis,
1577 1826 1683 1854 Jacobo
1698 1827 1783 1855 Innes

279 1875 381 1902 ballivo
403 1885 434 1902 ac
457 1874 658 1902 constabulario
679 1875 758 1902 castri
782 1875 910 1913 Episcopi
933 1875 967 1903 de
989 1875 1125 1913 Spyneto,
1147 1874 1311 1902 Alexandro
1331 1874 1417 1902 Innes
1432 1873 1492 1912 ejus
1505 1884 1649 1911 germano,
1664 1875 1783 1903 dominis

279 1922 374 1950 David
390 1922 590 1959 Fothringame
605 1922 708 1950 vicario
722 1923 755 1951 de
772 1923 945 1961 Rothymay,
963 1923 1088 1951 Thomas
1105 1923 1171 1960 Hay
1186 1927 1213 1951 et
1228 1922 1360 1951 Johanne
1375 1921 1494 1951 Roberti
1508 1922 1612 1950 vicario
1626 1923 1660 1951 de
1672 1923 1781 1951 Arthil·

278 1969 363 2003 dulle,
378 1969 503 1998 notariis.
545 1970 630 2007 Apud
647 1970 767 2007 Elgyne,
782 1972 800 1997 5
817 1971 891 1999 Nov.
909 1972 994 1998 1527.

279 2112 464 2141 Confirmatio
478 2112 511 2140 ab
528 2111 674 2151 Episcopo,
695 2116 778 2140 cartae
800 2112 970 2140 venditionis
990 2113 1140 2141 earundem
1162 2118 1301 2141 terrarum
1323 2123 1339 2141 a
1358 2112 1432 2141 dicto
1448 2112 1574 2140 Roberto
1597 2112 1681 2141 Innes
1702 2113 1780 2142 sactae

280 2160 443 2188 Alexandro
458 2160 603 2197 Urquhart
624 2159 771 2188 mercatori
786 2159 914 2196 burgensi
931 2160 964 2188 de
980 2160 1078 2189 For-res
1094 2167 1122 2189 et
1139 2160 1309 2198 Margaretae
1325 2160 1459 2188 Falconar
1473 2159 1532 2198 ejus
1547 2160 1659 2198 sponsae.
1699 2162 1779 2199 Apud

279 2207 445 2240 l'lewlands,
462 2209 480 2235 6
497 2207 569 2236 Maii
587 2208 670 2242 1570,
692 2217 785 2236 coram
805 2207 930 2242 testibus,
951 2207 1082 2237 Johanne
1104 2208 1190 2237 Innes
1211 2207 1297 2237 fratre
1317 2217 1452 2245 germano
1471 2208 1658 2242 concedentis,
1673 2209 1778 2237 Jacobo
