1912 2660
586 163 903 201 REGISTRUM
930 163 1291 202 MORAVIENSE.
1611 174 1683 208 343

196 270 257 301 tur
281 264 326 299 ad
351 275 448 299 mare
474 261 647 298 orientale
666 281 674 290 ·
702 261 894 298 Tenendas
916 268 951 298 et
974 262 1152 298 habendas
1171 263 1268 298 (11ἃο
1287 263 1427 300 Thome
1445 270 1480 301 et
1497 266 1685 305 heredibus

197 321 265 357 suis
281 319 441 356 masculis
459 319 503 355 de
520 331 671 368 corpore
689 319 750 354 suo
768 319 927 367 legitime
943 320 1136 367 procreatis
1149 320 1208 355 seu
1226 322 1454 367 procreandis
1471 323 1514 358 de
1531 324 1633 361 nobis
1650 331 1686 362 et

197 377 385 414 heredibus
401 376 527 412 nostris
547 377 586 412 in
608 376 714 412 feodo
736 381 772 412 et
794 376 990 412 hereditate
1014 377 1051 412 in
1073 376 1185 412 libero
1207 377 1378 412 comitatu
1395 391 1435 413 ac
1453 379 1490 413 in
1506 380 1617 418 libera
1632 396 1686 418 re-

195 435 339 484 galitate
354 453 363 462 ·
383 446 464 470 cum
482 439 637 482 quatuor
654 433 806 481 querelis
828 434 874 469 ad
897 447 1066 469 coronam
1083 433 1236 469 nostram
1257 434 1408 481 Regiam
1426 434 1662 482 spectantibus
1675 459 1683 467 ·

196 498 232 528 et
245 505 326 528 cum
341 491 505 527 omnibus
522 491 659 539 placitis
677 496 713 527 et
731 491 883 538 querelis
902 496 973 527 tam
991 491 1029 526 in
1047 491 1293 526 communibus
1306 491 1569 528 indictamentis
1582 506 1687 541 quam

196 550 234 585 in
250 549 416 585 brevibus
432 548 691 597 placitabilibus
709 568 718 576 ·
737 553 775 599 et
797 561 877 584 cum
903 548 1067 584 omnibus
1093 548 1169 597 alijs
1193 548 1342 595 loquelis
1363 548 1624 597 quibuscunque
1643 552 1687 587 ad

195 606 343 642 liberam
367 606 589 654 regalitatem
615 606 875 654 pertinentibus
898 606 956 642 vel
982 605 1100 653 aliquo
1125 606 1233 641 modo
1257 606 1436 654 pertinere
1459 606 1659 643 valentibus
1677 627 1685 636 ·

196 663 285 699 adeo
304 663 413 699 libere
431 682 440 691 ·
459 663 578 711 quiete
597 682 605 691 ·
624 663 782 712 plenarie
801 668 837 699 et
854 663 1050 699 honorifice
1067 662 1152 699 ficut
1172 663 1289 710 aliqua
1305 668 1401 698 terra
1421 663 1513 699 infra
1538 677 1688 712 regnum

196 720 353 756 nostrum
380 721 417 756 in
443 720 628 768 regalitate
651 720 796 756 liberius
814 740 823 749 ·
850 721 989 769 plenius
1008 740 1017 749 ·
1044 721 1200 768 quiecius
1219 725 1281 756 aut
1299 720 1595 757 honorificencius
1613 722 1689 758 dari

196 778 328 826 poterit
353 783 415 813 aut
440 778 555 814 teneri
573 797 582 806 ·
608 791 682 813 una
699 790 780 813 cum
798 791 925 825 magna
946 777 1104 814 custuma
1130 777 1247 813 nostra
1267 778 1372 826 burgi
1398 778 1442 813 de
1461 778 1627 815 Inuernis
1652 785 1688 816 et

196 834 326 872 coketo
357 835 512 884 ejusdem
543 840 579 871 et
608 835 829 871 libertatibus
864 835 932 870 suis
963 835 1000 870 in
1030 835 1195 871 omnibus
1222 854 1230 863 ·
1267 840 1414 883 excepta
1439 836 1689 873 tantummodo

197 905 307 941 parva
324 892 479 928 custuma
493 893 579 928 dicti
592 893 718 940 burgi·
737 905 818 928 cum
837 892 995 940 plenaria
1012 892 1181 939 potestate
1195 892 1434 927 atthachiandi
1453 893 1637 928 accusandi
1655 900 1690 930 et

197 950 236 985 in
261 950 426 985 omnibus
452 949 671 985 ministrandi
697 963 738 986 ac
759 949 946 997 judicandi
972 961 1095 984 omnes
1117 948 1196 983 illos
1215 949 1302 984 dicti
1319 949 1584 986 vicecomitatus
1601 950 1691 999 inju-

198 1007 267 1042 rias
285 1007 439 1055 dampna
464 1007 522 1042 seu
548 1007 745 1055 prejudicia
761 1006 930 1042 facientes
947 1006 1104 1041 indebite
1122 1005 1278 1041 custume
1296 1006 1456 1054 predicte
1474 1007 1563 1043 adeo
1581 1007 1691 1044 libere

199 1065 236 1099 in
262 1063 426 1099 omnibus
451 1062 537 1099 ficut
560 1077 626 1099 nos
647 1064 705 1100 vel
731 1063 856 1111 aliquis
880 1063 1119 1098 ministrorum
1147 1062 1350 1098 nostrorum
1380 1063 1469 1112 ipsos
1499 1065 1691 1102 attachiare

200 1121 361 1157 accusare
379 1120 573 1157 ministrare
587 1121 644 1157 seu
658 1121 820 1169 judicare
838 1121 1033 1169 poterimus
1047 1120 1105 1156 seu
1119 1121 1251 1168 poterit
1268 1121 1306 1155 in
1323 1120 1493 1168 premiflis
1504 1140 1513 1149 ·
1533 1121 1581 1157 Et
1594 1123 1690 1170 quod

200 1179 318 1214 dictus
337 1178 467 1214 Comes
493 1183 529 1214 et
553 1178 702 1214 heredes
722 1179 772 1214 sui
796 1179 1070 1214 amerciamenta
1097 1183 1257 1213 excaetas
1284 1183 1319 1213 et
1345 1178 1589 1214 forisfacturas
1607 1179 1690 1216 inde

201 1236 450 1283 contingentes
467 1236 557 1271 adeo
575 1236 685 1272 libere
699 1241 735 1272 et
748 1236 865 1283 quiete
879 1235 1032 1271 habeant
1046 1240 1081 1270 et
1095 1233 1290 1283 poffideant
1304 1235 1340 1270 in
1353 1235 1514 1271 futurum
1527 1235 1613 1272 ficut
1626 1250 1691 1272 nos

201 1293 260 1329 seu
276 1293 401 1340 aliquis
414 1293 696 1341 predecefl'orum
713 1293 914 1328 nostrorum
933 1293 1029 1328 dicta
1046 1292 1320 1327 amerciamenta
1338 1297 1498 1328 excaetas
1515 1293 1574 1328 seu
1595 1293 1692 1330 foris-

201 1350 356 1385 facturas
374 1350 491 1397 aliquo
510 1355 670 1398 tempore
688 1350 874 1386 habuimus
892 1368 901 1378 ·
929 1350 1052 1392 Quare
1074 1349 1289 1385 Vicecomiti
1312 1349 1430 1385 nostro
1449 1350 1492 1385 de
1512 1350 1692 1387 Inuerniss

203 1413 238 1443 et
255 1407 393 1442 ballivis
410 1407 478 1443 suis
495 1420 535 1443 ac
553 1406 741 1455 prepofitio
767 1412 802 1442 et
825 1407 962 1443 ballivis
985 1407 1071 1442 dieti
1095 1406 1197 1454 burgi
1217 1406 1277 1453 qui
1294 1420 1359 1454 pro
1377 1412 1537 1455 tempore
1560 1408 1693 1444 fuerint

203 1477 243 1500 ac
262 1464 388 1500 ceteris
405 1477 559 1512 quorum
576 1464 719 1500 interest
735 1464 884 1500 firmiter
905 1464 1117 1512 precipimus
1140 1469 1176 1499 et
1201 1464 1409 1499 mandamus
1432 1465 1597 1511 quatinus
1614 1478 1692 1514 pre-

202 1522 275 1557 fato
294 1521 428 1557 Comiti
455 1527 492 1558 et
518 1522 706 1557 heredibus
732 1521 800 1557 suis
827 1521 997 1569 predictis
1024 1534 1064 1557 ac
1087 1521 1154 1556 suis
1177 1521 1340 1556 ministris
1367 1522 1405 1556 in
1429 1521 1598 1569 premissis
1625 1521 1691 1558 fint

203 1579 428 1614 intendentes
446 1584 482 1614 et
499 1579 750 1627 respondentes
772 1578 992 1614 consulentes
1019 1584 1055 1614 et
1080 1578 1290 1614 auxiliantes
1313 1578 1415 1627 super
1431 1579 1499 1614 hoc
1516 1577 1541 1613 fi
1557 1580 1692 1616 neceffe

202 1636 310 1671 fuerit
327 1635 445 1671 nostra
468 1637 580 1684 regali
605 1636 766 1684 potentia
791 1636 956 1672 invocata
980 1635 1050 1671 fine
1074 1636 1192 1683 aliquo
1210 1636 1280 1671 alio
1298 1636 1466 1671 mandato
1484 1636 1602 1672 nostro
1620 1637 1692 1685 spe-

203 1692 283 1729 ciali
310 1693 570 1729 interveniente
589 1712 598 1722 ·
624 1693 870 1741 volumusque
896 1698 931 1729 et
955 1693 1181 1729 concedimus
1209 1693 1305 1740 quod
1331 1693 1448 1728 dictus
1471 1693 1629 1729 Thomas
1655 1700 1691 1730 et

202 1750 350 1786 heredes
367 1750 418 1786 sui
435 1751 587 1798 predicti
605 1750 758 1786 habeant
775 1755 921 1786 teneant
939 1756 974 1787 et
992 1749 1186 1797 possideant
1212 1751 1349 1786 dictum
1375 1751 1583 1786 comitatum
1610 1764 1691 1787 cum

203 1808 359 1845 manerio
374 1808 418 1843 de
430 1807 549 1856 Elgyn
561 1827 570 1836 ·
585 1808 681 1855 quod
695 1821 760 1856 pro
776 1808 916 1856 capitali
933 1807 1111 1843 manfione
1129 1808 1316 1844 comitatus
1330 1808 1491 1844 moravie
1510 1808 1554 1844 de
1572 1814 1691 1845 cetero

204 1865 318 1901 teneri
341 1865 506 1901 volumus
532 1870 568 1901 et
590 1866 710 1901 vocari
729 1884 738 1893 ·
766 1870 802 1901 et
819 1878 900 1901 cum
919 1865 1082 1901 omnibus
1099 1865 1176 1913 alijs
1193 1865 1356 1913 manerijs
1375 1884 1383 1893 ·
1403 1865 1523 1913 burgis
1542 1885 1550 1894 ·
1569 1866 1662 1902 villis
1681 1885 1689 1894 ·

203 1922 379 1971 thanagijs
403 1927 439 1958 et
462 1922 625 1958 omnibus
643 1922 746 1958 terris
766 1922 890 1958 nostris
915 1922 1099 1958 dominicis
1125 1923 1235 1958 firmis
1259 1928 1295 1958 et
1318 1922 1468 1958 exitibus
1496 1923 1587 1958 infra
1614 1936 1690 1971 pre-

207 1980 320 2016 difi‘aes
343 1985 454 2016 metas
483 1980 682 2016 contentis·
711 1993 792 2015 cum
819 1980 1109 2015 advocationibus
1136 1979 1357 2016 ecclesiarum
1373 1999 1381 2008 ·
1410 1993 1491 2016 cum
1519 1980 1630 2016 feodis
1657 1987 1692 2015 et

207 2037 441 2073 forisfacturis
459 2056 468 2065 ·
487 2050 569 2073 cum
586 2036 676 2073 silvis
694 2042 730 2072 et
746 2036 880 2073 forestis
899 2056 907 2065 ·
929 2037 1038 2073 moris
1056 2042 1091 2073 et
1108 2036 1260 2073 marefiis
1279 2057 1287 2066 ·
1307 2051 1387 2074 cum
1405 2037 1471 2086 vijs
1489 2043 1524 2073 et
1540 2038 1668 2074 semitis
1683 2057 1690 2065 ·

206 2107 287 2130 cum
303 2095 402 2142 aquis
420 2114 428 2122 ·
447 2094 601 2142 stangnis
620 2114 628 2123 ·
647 2094 793 2130 lacubus
812 2114 819 2123 ·
844 2094 987 2143 vivarijs
1013 2100 1048 2130 et
1072 2095 1284 2131 molendinis
1303 2114 1311 2123 ·
1337 2108 1418 2131 cum
1443 2095 1689 2143 piscationibus

206 2157 278 2187 tam
295 2152 402 2187 maris
419 2165 523 2199 quam
543 2164 632 2199 aque
651 2151 763 2187 dulcis
782 2171 790 2179 ·
810 2165 891 2187 cum
908 2152 1155 2188 venationibus
1174 2171 1182 2180 ·
1208 2152 1501 2201 aucupationibus
1520 2157 1555 2188 et
1572 2152 1688 2188 avium

207 2209 310 2244 aeriis
321 2227 329 2237 ·
345 2222 426 2245 cum
441 2209 605 2245 omnibus
618 2209 694 2258 alijs
708 2209 928 2245 libertatibus
941 2229 949 2237 ·
965 2210 1275 2246 commoditatibus
1288 2229 1296 2238 ·
1308 2208 1525 2259 ayfiamentis
1543 2214 1577 2245 et
1589 2208 1689 2257 justis

208 2265 428 2315 pertinentijs
445 2267 513 2303 suis
530 2267 567 2302 in
586 2267 749 2303 omnibus
774 2272 809 2303 et
835 2280 898 2315 per
920 2267 1041 2303 omnia
1066 2273 1138 2304 tam
1156 2280 1231 2303 non
1249 2268 1439 2304 nominatis
1457 2279 1560 2315 quam
1578 2266 1690 2302 nomi-
