2060 2660
573 186 887 224 REGISTRUM
917 187 1276 226 MORAVIENSE.
1593 195 1662 232 265

179 344 237 380 De
257 341 491 378 mansionibus
508 342 677 377 faciendis
697 362 705 369 ·

180 458 270 493 Item
294 454 477 492 statuimus
497 462 533 492 et
552 456 760 492 ordinamus
778 457 875 504 quod
893 457 1112 493 venerabiles
1130 458 1196 493 viri
1220 458 1372 506 magistri
1390 460 1541 497 Jacobus
1561 463 1667 499 Allir.

177 516 238 551 des
255 514 525 550 archidiaconus
541 513 774 549 Moraviensls
790 534 798 542 ·
817 514 1001 551 Johannes
1021 514 1166 550 Ireland
1186 515 1418 552 Moravienfis
1435 518 1575 555 ecclesie
1593 534 1668 568 pre.

178 573 273 608 dicte
290 572 475 607 succentor
497 591 505 600 ·
536 571 716 607 Robertus
735 572 930 620 Daloquhy
948 573 992 608 de
1013 572 1180 620 Kynnoir
1199 593 1207 600 ·
1230 573 1430 610 Willelmus
1449 575 1604 612 Mowatt
1626 578 1669 613 de

182 630 306 678 Dupill
326 649 334 657 ·
366 629 531 665 Andreas
549 628 651 677 Lessy
670 629 714 665 de
735 629 904 677 Kynguse
924 649 932 657 ·
961 629 1116 666 Jacobus
1136 629 1287 666 Wellem
1314 631 1358 666 de
1383 631 1521 668 Adwee
1541 652 1549 661 ·
1575 633 1670 670 Tho-

177 701 251 723 mas
276 686 375 722 Lesse
395 687 439 722 de
459 687 571 735 Moye
593 705 601 714 ·
630 686 840 722 Alexander
864 687 1080 722 Sutherland
1105 687 1148 722 de
1169 687 1342 723 Abirlour
1361 705 1369 716 =
1395 689 1515 725 David
1541 690 1669 740 Mony-

177 758 292 793 penne
317 745 361 780 de
388 745 492 793 Ryne
512 764 519 772 ·
552 744 760 780 Alexander
781 744 880 779 Kant
902 745 946 780 de
967 744 1213 793 Innerkethny
1232 764 1240 773 ·
1274 745 1392 781 Adam
1421 746 1600 784 Gordoun
1627 750 1670 785 de

178 803 279 838 Pette
299 822 307 830 ·
337 801 524 838 Lanssotus
549 802 592 837 de
613 801 780 837 Moravia
803 802 847 837 de
873 802 1004 837 Botare
1024 821 1032 830 ·
1060 802 1215 839 ,Iacobus
1245 802 1430 852 Lyndesay
1457 805 1500 840 de
1525 804 1641 854 Croye
1661 826 1669 833 ·

177 861 272 896 dicte
288 859 429 896 ecclefie
450 858 684 895 Moravienfis
702 859 863 895 canonici
882 859 1090 908 prebendati
1117 860 1193 895 suas
1219 859 1414 897 mansiones
1440 868 1670 910 ortorumque

177 918 353 954 clausuras
370 918 462 952 infra
480 917 616 953 dictum
635 917 824 964 collegium
847 916 1073 953 Moraviense
1090 916 1231 952 fituatas
1250 918 1340 953 infra
1358 919 1554 966 presentem
1577 924 1668 956 ·xx¹¹¹·

177 976 269 1011 diem
297 973 422 1010 menfis
449 974 538 1009 Maii
565 974 723 1009 instantis
749 980 784 1009 et
810 974 932 1009 festum
965 974 1087 1010 Sancti
1117 974 1267 1010 Martini
1299 975 1336 1010 in
1364 976 1479 1012 hieme
1509 978 1669 1025 proxime

176 1034 336 1069 futurum
363 1032 451 1080 erigi
478 1031 630 1067 construi
659 1032 814 1067 edificari
838 1045 878 1066 ac
904 1032 1021 1067 debite
1047 1032 1231 1067 reformari
1256 1032 1369 1068 facere
1393 1034 1606 1082 principient
1634 1042 1669 1071 et

177 1091 284 1138 usque
302 1090 493 1126 erefifionis
511 1089 784 1125 constructionis
810 1095 846 1124 et
870 1089 1103 1124 edificationis
1127 1090 1320 1126 earundem
1341 1090 1498 1127 debitum
1517 1093 1670 1141 comple-

178 1146 338 1184 mentum
363 1147 575 1183 continuent
600 1152 634 1182 et
658 1147 806 1194 quilibet
830 1159 955 1182 eorum
980 1146 1168 1194 principiet
1186 1152 1221 1182 et
1239 1148 1423 1183 continuet
1441 1162 1521 1184 cum
1541 1150 1668 1186 effectu

176 1206 220 1240 ad
249 1205 360 1240 visum
390 1205 617 1239 dominorum
647 1204 786 1239 Decani
816 1209 851 1239 et
879 1203 1023 1252 capituli
1047 1223 1055 1231 ·
1084 1204 1145 1239 sub
1170 1217 1260 1252 pena
1287 1205 1442 1252 quinque
1470 1219 1668 1243 merc-arum

176 1263 304 1298 usualis
323 1268 466 1297 monete
485 1262 585 1309 regni
605 1261 727 1297 Scocie
746 1280 754 1288 ·
782 1274 852 1308 qua
868 1274 943 1296 non
962 1260 1119 1297 obstante
1137 1275 1228 1309 pena
1245 1262 1340 1309 quod
1366 1269 1552 1310 prenotata
1575 1277 1669 1300 com-

177 1321 266 1369 pleri
291 1320 422 1355 saciant
448 1325 483 1354 et
509 1318 656 1366 quilibet
683 1332 806 1354 eorum
834 1318 939 1354 faciat
964 1319 1054 1353 infra
1079 1331 1192 1354 unum
1217 1332 1350 1354 annum
1376 1320 1497 1355 Samffi
1518 1321 1667 1358 Mertini

177 1377 300 1414 festum
325 1377 499 1425 prefatum
527 1377 688 1424 proxime
715 1376 875 1411 futurum
903 1376 1106 1411 immediate
1130 1376 1330 1423 sequentem
1354 1377 1414 1413 sub
1435 1391 1527 1425 pena
1545 1379 1667 1415 decem

176 1448 376 1471 mercarum
402 1440 544 1469 monete
569 1434 697 1469 usualis
723 1433 857 1481 prefate
877 1453 885 1461 ·
913 1438 948 1469 et
966 1432 1122 1469 fimiliter
1147 1446 1275 1481 penam
1299 1434 1499 1482 hujusmodi
1525 1434 1667 1484 lingulis

177 1493 278 1528 annis
302 1492 517 1540 duplicando
541 1492 653 1526 donec
681 1497 716 1526 et
742 1490 922 1538 quousque
948 1491 1067 1525 omnia
1093 1496 1128 1526 et
1154 1489 1288 1538 fingula
1307 1498 1494 1539 prenotata
1512 1493 1590 1529 suos
1608 1495 1666 1530 de-

176 1551 247 1585 bite
277 1550 467 1585 sortiantur
495 1549 641 1585 effectus
661 1567 669 1576 ·
697 1553 733 1584 et
759 1548 854 1595 quod
882 1548 979 1583 dieta
1008 1561 1100 1596 pena
1127 1547 1197 1583 fine
1228 1547 1425 1585 remiffione
1456 1563 1666 1599 quacunque

177 1608 315 1644 levetur
330 1627 338 1635 ·
369 1612 404 1642 et
428 1607 530 1653 super
555 1605 795 1641 erectionibus
817 1605 1001 1640 structuris
1023 1605 1303 1641 edificationibus
1327 1612 1362 1642 et
1385 1606 1552 1642 clausuris
1570 1621 1666 1644 man-

176 1665 311 1700 fionum
343 1670 378 1700 et
406 1671 568 1699 ortorum
600 1663 818 1711 prefatorum
849 1676 913 1709 per
940 1663 1051 1698 visum
1082 1663 1310 1698 dominorum
1340 1663 1478 1699 Decani
1510 1671 1546 1700 et
1575 1667 1666 1714 capi-

175 1723 240 1758 tuli
261 1729 461 1768 exponatur
480 1741 488 1749 ·
514 1721 561 1756 Et
587 1721 682 1768 quod
707 1733 830 1756 omnes
854 1720 912 1755 alii
937 1720 1098 1755 canonici
1120 1720 1327 1768 prebendati
1345 1721 1505 1768 predicte
1524 1722 1664 1759 ecclefie

176 1778 371 1816 mansiones
397 1779 574 1814 clausuras
600 1778 691 1813 infra
716 1778 853 1813 dictum
878 1777 1067 1825 collegium
1088 1777 1306 1813 defectuosas
1323 1778 1492 1814 habentes
1509 1778 1665 1816 fimiliter

126 1837 128 1840 ⁴
174 1837 266 1873 infra
292 1841 498 1885 prenotatos
524 1836 695 1871 terminos
722 1835 856 1871 easdem
884 1835 1078 1870 reformare
1099 1835 1314 1883 principient
1337 1841 1373 1871 et
1396 1836 1607 1873 continuent
1629 1844 1664 1873 et

175 1894 322 1943 quilibet
339 1907 465 1929 eorum
483 1893 671 1941 principiet
697 1898 733 1928 et
758 1892 944 1928 continuet
970 1892 1031 1927 sub
1054 1892 1154 1940 penis
1179 1893 1375 1940 prenotatis
1393 1912 1401 1921 ·
1430 1893 1477 1928 Et
1498 1895 1593 1941 quod
1619 1896 1663 1930 ad

174 1952 389 1988 solucionem
421 1951 637 2000 prefatarum
669 1963 842 1998 penarum
876 1963 939 1998 per
970 1948 1277 1996 sequestrationem
1308 1950 1492 1986 fructuum
1523 1951 1661 1987 suarum

173 2009 434 2059 prebendarum
459 2022 545 2056 quas
570 2008 606 2043 in
631 2008 727 2043 dicta
748 2006 889 2043 ecclefia
909 2005 1124 2042 Moravienfi
1148 2007 1312 2043 obtinent
1337 2007 1374 2043 in
1396 2008 1461 2044 hac
1485 2014 1584 2056 parte
1603 2022 1660 2045 ne-

172 2068 347 2116 gligentes
373 2066 588 2112 procedatur
617 2065 804 2101 effectuose
823 2084 832 2092 ·
862 2070 897 2100 et
924 2064 1020 2112 quod
1049 2070 1261 2112 procurator
1287 2065 1432 2114 capituli
1461 2066 1659 2114 hujusmodi

174 2138 281 2174 penas
312 2125 458 2173 recipiat
487 2129 522 2159 et
552 2137 615 2171 per
643 2123 754 2158 visum
784 2122 923 2158 Decani
954 2128 989 2157 et
1019 2122 1163 2170 capituli
1194 2122 1296 2171 super
1325 2121 1494 2171 premissis
1524 2123 1658 2159 easdem

174 2188 328 2229 exponat
343 2202 351 2210 ·
371 2182 472 2230 super
491 2187 526 2217 et
545 2181 589 2216 de
607 2180 734 2228 quibus
752 2185 957 2228 compotum
976 2179 1151 2215 calculum
1170 2186 1206 2216 et
1223 2180 1397 2216 rationem
1416 2181 1531 2216 di&us
1549 2180 1659 2216 domi-

174 2253 240 2276 nus
258 2240 426 2276 Decanus
445 2245 479 2275 et
498 2238 654 2287 prefatus
671 2243 882 2286 procurator
898 2236 1042 2285 fingulis
1058 2238 1159 2273 annis
1177 2237 1303 2273 reddat
1320 2250 1401 2273 cum
1420 2237 1547 2273 effectu
1565 2256 1573 2264 ·

862 2298 884 2330 2
902 2307 924 2330 L
