2060 2660
606 178 920 215 REGISTRUM
950 180 1310 218 MORAVIENSE.
1629 189 1694 221 181

207 278 336 314 naliter
361 276 558 314 constitutis
587 289 667 312 cum
699 276 854 312 clausula
883 278 924 312 in
955 278 1117 313 solidum
1147 280 1334 315 reverendi
1363 281 1400 315 in
1427 281 1563 318 Christo
1591 285 1699 331 patris

206 349 248 371 ac
265 334 400 371 domini
419 334 555 370 domini
576 333 776 370 Alexandri
795 334 868 370 Dei
886 334 1001 381 gratia
1018 335 1169 383 episcopi
1187 335 1415 372 moraviensis
1433 343 1468 373 et
1485 339 1623 376 ecclefie
1641 341 1699 375 sue

206 390 435 430 moravienfis
453 411 461 419 ·
482 399 595 427 terras
621 397 657 427 et
682 391 787 427 blada
810 392 870 427 sua
894 391 1047 440 ejusdem
1067 392 1151 428 ville
1174 405 1239 440 pro
1261 393 1371 428 firmis
1393 393 1495 440 ipsius
1520 396 1602 432 ville
1628 404 1699 433 tam

205 450 375 498 temporis
392 450 553 498 preteriti
572 462 677 497 quam
697 449 867 497 presentis
885 462 948 497 per
966 449 1120 497 prefatos
1141 455 1390 498 procuratores
1414 451 1578 488 arrestata
1602 455 1701 501 petiit

204 505 264 543 fibi
282 507 358 542 dari
376 507 421 543 ad
439 507 596 555 plegium
617 527 625 535 ·
645 507 858 555 promittens
877 507 947 542 fide
964 507 1081 542 media
1096 527 1104 535 ·
1123 520 1228 555 quam
1243 508 1288 543 ad
1302 507 1490 556 subscripta
1503 509 1653 546 fideliter
1667 518 1701 546 et

204 565 485 601 irrevocabiliter
503 564 722 600 observanda
739 565 776 599 in
795 564 958 599 manibus
977 564 1064 600 dicti
1083 564 1218 600 domini
1233 565 1458 601 Thesaurarii
1477 567 1702 603 moraviensis

185 653 188 657 .
203 622 326 671 sponte
344 623 443 658 dedit
460 622 618 671 prefatus
632 622 835 657 &villelmus
851 642 859 650 ·
879 622 973 669 quod
994 635 1074 657 cum
1094 622 1258 670 predicto
1277 623 1423 658 domino
1438 623 1610 672 Episcopo
1626 627 1701 662 (Do-

203 679 351 715 ravienfi
365 686 401 715 et
414 678 558 716 ecclefia
574 680 635 715 sua
653 680 697 715 de
715 679 859 728 prefatis
877 679 962 714 villa
980 685 1015 715 et
1033 679 1144 714 firmis
1161 679 1254 715 infra
1270 679 1393 715 festum
1413 680 1535 716 83116ὶὶ
1555 681 1701 717 Andree

203 737 348 786 apostoli
366 738 531 786 proximo
550 737 680 772 instans
699 738 936 773 concordaret
954 756 963 764 ·
991 742 1028 772 et
1052 736 1077 772 fi
1101 737 1194 772 infra
1218 737 1331 783 ipsum
1357 743 1497 786 tempus
1519 752 1599 774 cum
1627 753 1702 788 pre-

202 795 276 831 fato
300 795 447 831 domino
470 795 645 844 Episcopo
675 800 710 830 et
739 793 883 830 ecclefia
911 795 970 830 sua
998 795 1218 830 concordare
1245 807 1319 830 11011
1345 796 1456 843 posset
1478 796 1522 831 de
1543 797 1704 844 predicta

166 894 169 896 ¹
202 852 287 888 villa
311 859 443 889 extunc
461 853 494 889 se
512 866 586 888 non
604 853 862 888 intromitteret
887 865 954 888 nec
981 852 1025 888 de
1051 865 1093 888 ea
1115 852 1214 888 litem
1237 851 1511 888 controverfiam
1529 854 1587 889 vel
1609 855 1704 902 ques-

203 911 338 946 tionem
365 911 527 959 episcopo
552 910 609 946 vel
637 909 779 946 ecclesie
806 909 1021 947 moraviensi
1046 910 1179 946 faceret
1198 930 1206 938 -
1234 923 1300 946 nec
1326 911 1619 959 impedimentum
1646 913 1703 948 seu

204 967 494 1004 disturbationem
521 969 570 1004 eis
593 968 650 1004 vel
678 968 755 1004 aliis
777 968 904 1016 quibus
922 967 983 1016 ipfi
1000 968 1122 1003 villam
1140 968 1372 1004 affedaverint
1390 969 1426 1004 in
1444 968 1604 1005 futurum
1629 984 1705 1018 pre-

203 1025 303 1061 stabit
316 1026 456 1074 publice
470 1026 528 1062 vel
542 1026 682 1062 occulte
695 1046 703 1054 ·
725 1026 867 1069 Quibus
885 1026 1029 1073 quidem
1048 1026 1251 1062 antedkstus
1265 1026 1427 1074 magister
1441 1026 1642 1063 VVillelmus
1660 1029 1703 1063 de

204 1082 415 1119 Chelholme
433 1097 527 1120 unus
545 1084 590 1120 de
607 1083 901 1132 procuratoribus
926 1084 1097 1132 predictis
1122 1084 1166 1119 de
1190 1083 1358 1119 consensu
1383 1084 1432 1119 sui
1458 1097 1704 1133 comprocura-

201 1141 288 1176 toris
306 1141 477 1189 presentis
495 1142 633 1190 prefato
649 1142 833 1178 Willelmo
852 1142 896 1177 de
916 1141 1010 1190 Clyn
1024 1141 1202 1189 quandam
1221 1142 1409 1177 cirotecam
1429 1142 1509 1177 loco
1526 1148 1702 1178 terrarum

200 1197 303 1246 ipfius
321 1199 405 1235 ville
428 1205 464 1235 et
488 1199 676 1235 bladorum
702 1199 846 1235 suorum
868 1212 932 1247 per
954 1199 1064 1247 ipsum
1084 1199 1197 1247 sepius
1214 1199 1406 1247 petitorum
1435 1205 1471 1235 et
1488 1213 1552 1248 per
1570 1201 1704 1248 predic-

200 1261 256 1291 tos
285 1263 537 1305 procuratores
563 1257 813 1293 arrestatorum
841 1256 902 1292 sub
929 1256 1195 1292 conditionibus
1220 1257 1336 1292 forma
1366 1262 1401 1292 et
1432 1258 1546 1293 modis
1576 1271 1702 1306 preno-

199 1313 281 1349 tatis
307 1315 353 1350 ad
379 1314 536 1363 plegium
564 1315 646 1350 ilico
671 1314 874 1350 retradebat
903 1334 911 1341 ·
942 1319 977 1349 et
1003 1312 1167 1362 sayfinam
1187 1314 1470 1362 recognitionem
1498 1321 1534 1350 et
1558 1328 1700 1351 omnem

199 1371 448 1408 inhibitionem
473 1386 538 1421 per
556 1386 617 1408 eos
635 1377 671 1408 et
689 1385 814 1408 eorum
837 1372 990 1407 alterum
1009 1376 1115 1407 antea
1132 1372 1243 1407 factas
1260 1372 1368 1419 usque
1386 1372 1430 1407 ad
1449 1373 1560 1421 ipsum
1577 1373 1701 1409 festum

199 1429 293 1465 beati
315 1429 463 1465 Andree
482 1429 627 1478 apostoli
646 1430 811 1478 proximo
828 1429 991 1465 futurum
1010 1428 1142 1464 distulit
1160 1434 1195 1465 et
1213 1429 1388 1477 suspendit
1407 1449 1415 1457 ·
1444 1429 1557 1478 Super
1575 1431 1702 1478 quibus

200 1486 365 1522 omnibus
382 1487 535 1535 predicti
555 1493 805 1536 procuratores
823 1501 844 1522 a
861 1500 917 1523 me
936 1493 1103 1534 tanquam
1123 1487 1272 1535 persona
1285 1487 1426 1535 publica
1443 1486 1503 1523 fibi
1521 1488 1702 1536 petierunt

200 1544 277 1579 fieri
299 1543 571 1580 instrumentum
588 1564 596 1572 ·
626 1544 723 1580 Acta
740 1544 887 1580 fuerunt
901 1545 965 1580 hec
979 1544 1039 1580 ubi
1054 1545 1156 1593 supra
1175 1544 1235 1580 sub
1255 1557 1351 1579 anno
1369 1545 1566 1580 indictione
1585 1546 1701 1581 mense

201 1601 258 1637 die
276 1602 365 1637 hora
383 1608 419 1637 et
436 1602 646 1650 pontificatu
671 1602 798 1649 quibus
823 1602 926 1650 supra
953 1622 960 1629 ·
990 1602 1131 1644 Quibus
1157 1602 1398 1638 interfuerunt
1424 1603 1641 1638 reverendus
1665 1604 1700 1639 in

202 1658 341 1694 Christo
359 1665 461 1708 pater
480 1660 646 1695 dominus
665 1659 876 1695 Alexander
895 1659 967 1695 Dei
984 1659 1099 1707 gratia
1116 1659 1298 1708 episcopus
1314 1658 1488 1695 Rofl'enfis
1507 1679 1515 1688 ·
1535 1660 1700 1697 dominus

201 1716 381 1752 Walterus
400 1717 443 1753 de
463 1717 627 1753 Tarbard
652 1737 660 1745 ·
692 1717 801 1753 frater
820 1716 939 1752 Adam
959 1717 1004 1752 de
1022 1717 1108 1765 Nyg
1126 1736 1134 1745 ·
1171 1717 1356 1754 Johannes
1374 1717 1533 1754 marchal
1553 1737 1561 1746 ·
1590 1718 1699 1754 Alex-

199 1774 311 1810 ander
330 1774 473 1823 Comyn
493 1794 500 1802 -
529 1780 565 1810 et
584 1775 686 1810 multi
710 1775 768 1810 alii
792 1774 909 1810 vocati
933 1774 1128 1823 specialiter
1155 1780 1191 1810 et
1216 1774 1333 1822 rogati
1351 1794 1359 1802 ·

200 1832 248 1868 Et
266 1845 333 1880 ego
353 1832 556 1868 Willelmus
574 1832 737 1868 Gerland
756 1832 905 1868 clericus
924 1831 1155 1869 ffloravienfis
1179 1831 1323 1868 diocesis
1344 1831 1506 1880 publicus
1526 1833 1698 1882 imperiali

198 1890 413 1926 aufflmritate
431 1891 592 1926 notarius
611 1891 697 1926 dum
715 1890 878 1939 predicta
894 1895 936 1925 ut
953 1890 1173 1938 premittitur
1195 1895 1388 1938 agerentur
1414 1894 1450 1925 et
1475 1890 1602 1927 fierent
1621 1904 1698 1939 pre-

197 1948 273 1983 sens
291 1948 438 1983 interfui
457 1961 567 1995 eaque
584 1947 629 1983 fic
647 1948 723 1983 fieri
742 1948 816 1983 vidi
836 1953 871 1983 et
889 1947 1009 1983 audivi
1027 1947 1168 1996 ipsaque
1186 1960 1266 1983 mea
1282 1947 1427 1995 propria
1444 1960 1552 1984 manu
1573 1948 1698 1997 scripta

197 2007 234 2041 in
260 2005 352 2041 hanc
382 2005 560 2054 publicam
589 2006 741 2041 sormam
766 2005 889 2053 redegi
916 2010 952 2041 et
976 2003 1075 2052 figno
1098 2018 1180 2041 meo
1203 2005 1373 2041 consueto
1393 2002 1524 2053 fignavi
1551 2012 1696 2041 vocatus

198 2063 393 2111 specialiter
411 2069 447 2099 et
465 2068 611 2111 rogatus
628 2063 666 2099 in
685 2062 923 2099 testimonium
942 2062 1104 2099 omnium
1121 2063 1365 2112 premissorum
1385 2081 1394 2090 ·
