2060 2660
568 172 881 210 REGISTRUM
910 174 1271 213 MORAVIENSE.
1587 186 1658 225 237

170 272 327 320 Cantray
340 291 348 300 ·
368 271 538 306 Willelmi
554 270 639 319 Hay
657 271 701 307 de
721 271 814 307 Park
833 290 841 299 ·
865 271 1007 307 Thome
1024 272 1107 320 Hay
1127 292 1135 300 ·
1163 274 1314 310 Roberti
1332 275 1465 312 Caldor
1479 297 1488 305 ·
1508 279 1655 316 Andree

168 329 373 378 Cummyng
391 348 400 356 ·
429 328 579 364 Andree
603 328 726 364 Frasar
745 348 753 356 ·
782 328 983 364 Alexandri
1002 329 1188 365 Chesslelm
1208 350 1216 358 ·
1251 331 1420 368 willelmi
1443 334 1627 372 Chessielm
1647 358 1655 365 ·

167 386 302 421 domini
330 386 477 423 martini
504 386 626 421 vicarii
650 386 695 421 de
722 386 841 421 Pettin
869 391 905 421 et
934 386 1097 422 Brachlie
1123 406 1131 415 ·
1160 393 1195 423 et
1222 388 1389 436 Hugonis
1416 392 1491 438 ejus
1513 393 1629 429 fratris
1648 414 1656 422 ·

167 443 320 491 magistri
339 442 539 478 Alexandri
564 443 771 479 Suthirland
794 443 916 479 vicarii
940 444 984 479 de
1009 444 1176 480 Inuernis
1200 446 1428 482 moravienfis
1455 448 1629 485 dioceseos
1648 470 1656 478 ·

166 506 201 536 et
215 501 390 537 mureoch
405 503 488 537 (Dor
500 520 508 529 ·
528 507 697 548 tanquam
717 501 933 536 arbitrorum
952 506 988 536 et
1005 502 1243 537 amicabilium
1262 503 1534 551 compositorum
1554 512 1588 541 et
1606 520 1658 542 ar-

164 557 375 593 bitratorum
391 558 428 593 in
442 558 557 593 forma
570 558 830 606 speculatorum
847 559 1086 594 communiter
1100 559 1298 595 electorum
1314 561 1373 596 seu
1392 562 1532 612 majoris
1550 565 1657 611 partis

163 615 360 651 eorundem
380 635 388 643 ·
415 616 461 650 ad
488 616 723 651 decidendum
750 616 969 651 laudandum
997 616 1242 652 arbitrandum
1263 631 1304 653 ac
1329 619 1592 655 terminandum
1617 635 1656 656 ac

163 673 360 708 finiendum
385 673 422 708 in
449 673 614 708 omnibus
640 674 782 709 clameis
809 672 1047 720 questionibus
1070 679 1106 709 et
1127 674 1311 710 demandis
1338 689 1378 711 ac
1407 676 1541 712 debatis
1569 691 1657 713 mar-

162 730 322 766 chiarum
346 735 523 766 terrarum
547 731 591 766 de
610 730 708 778 Croy
727 736 762 766 et
782 730 958 766 Kilravok
983 749 991 758 ·
1023 743 1064 766 ac
1085 730 1314 780 Kildrummy
1333 738 1369 768 et
1389 733 1563 769 Kilravok
1582 755 1590 762 ·
1617 749 1657 770 ac

162 788 263 836 super
281 788 488 835 quibusdam
507 787 753 824 controverfiis
772 789 950 824 dictarum
968 794 1145 824 terrarum
1164 790 1269 825 motis
1292 790 1350 825 seu
1375 792 1558 828 movendis
1577 813 1585 821 ·
1612 793 1655 829 fic

160 846 257 892 quod
271 846 564 893 qualitercunque
583 847 679 882 dicte
698 846 844 894 persone
865 846 924 882 seu
939 846 1052 894 major
1066 860 1146 895 pars
1160 848 1356 883 eorundem
1373 848 1568 886 deciderint
1585 851 1658 886 lau-

161 903 287 939 darent
310 903 369 939 seu
390 905 625 940 terminarent
642 904 699 939 vel
718 904 878 939 arbitrati
895 904 1029 939 fuerint
1055 904 1092 939 in
1119 903 1289 950 premiflis
1318 906 1460 942 clameis
1488 909 1656 944 merchia-

160 973 240 995 rum
259 966 294 996 et
312 960 550 1008 questionibus
568 962 738 1009 predictis
753 981 761 989 ·
777 962 874 997 dicte
888 966 1006 1009 partes
1024 974 1089 1010 pro
1104 962 1136 997 se
1155 962 1344 998 heredibus
1358 969 1394 999 et
1411 964 1657 1001 succefforibus

161 1023 278 1053 ratum
305 1023 342 1053 et
362 1024 503 1065 gratum
527 1032 592 1066 pro
611 1024 784 1067 perpetuo
808 1018 980 1054 haberent
1003 1024 1039 1054 et
1064 1019 1315 1056 inviolabiliter
1338 1021 1564 1058 observarent
1587 1022 1657 1058 sine

160 1088 371 1122 quacunque
395 1076 609 1124 apellatione
635 1076 693 1111 seu
720 1076 974 1124 supplicatione
999 1076 1038 1111 in
1061 1076 1222 1112 futurum
1243 1097 1251 1105 ·
1279 1082 1315 1113 et
1338 1079 1434 1125 quod
1458 1079 1545 1115 dicti
1567 1080 1656 1116 arbi-

159 1138 311 1168 tratores
335 1133 391 1169 die
415 1133 500 1169 lune
524 1134 651 1169 ultimo
674 1133 811 1182 Aprilis
837 1134 932 1181 apud
955 1133 1059 1169 Narn
1084 1134 1173 1169 hora
1198 1147 1340 1170 novena
1362 1142 1445 1172 ante
1471 1138 1654 1173 meridiem

159 1196 389 1238 compareant
413 1204 495 1226 cum
514 1191 783 1226 continuatione
802 1191 939 1226 dierum
963 1191 1007 1226 ad
1032 1191 1298 1227 terminandum
1317 1194 1653 1230 communicandum

159 1247 397 1283 decidendum
421 1248 666 1283 arbitrandum
694 1248 914 1283 laudandum
938 1248 1135 1284 finiendum
1163 1254 1200 1284 et
1227 1250 1493 1285 terminandum
1519 1252 1556 1287 in
1577 1265 1655 1300 pre-

159 1303 263 1340 miffis
290 1310 327 1341 et
352 1306 396 1340 ad
423 1318 549 1341 eorum
577 1305 838 1354 beneplacitum
865 1305 1148 1341 continuandum
1177 1311 1213 1341 et
1238 1306 1340 1342 testes
1370 1307 1495 1343 citatos
1518 1314 1554 1344 et
1579 1322 1654 1345 non

158 1362 284 1398 citatos
304 1363 427 1398 diebus
444 1363 576 1398 feriatis
600 1369 635 1398 et
659 1376 732 1398 non
750 1363 882 1398 seriatis
900 1363 1092 1398 sedendum
1112 1368 1147 1399 et
1164 1364 1406 1411 recipiendum
1428 1384 1436 1392 ·
1465 1366 1512 1401 Et
1530 1372 1571 1401 ut
1588 1367 1653 1402 hec

159 1420 279 1455 omnia
306 1420 455 1456 firmiter
484 1426 520 1456 et
547 1420 799 1456 inviolabiliter
825 1420 1056 1456 observentur
1081 1420 1119 1456 in
1145 1421 1309 1457 omnibus
1327 1427 1363 1457 et
1383 1435 1446 1470 per
1468 1424 1588 1459 omnia
1613 1431 1653 1459 ut

158 1478 377 1524 premittitur
403 1478 498 1514 dicte
525 1483 642 1524 partes
664 1478 747 1513 hinc
770 1478 853 1513 inde
876 1478 909 1512 se
932 1477 1137 1525 obligarunt
1157 1477 1252 1514 bona
1271 1478 1341 1514 fide
1360 1485 1395 1514 et
1413 1492 1543 1527 magno
1554 1480 1653 1529 jura-

160 1540 281 1570 mento
308 1535 568 1571 interveniente
595 1535 699 1571 tactis
728 1535 906 1583 scripturis
933 1535 1159 1571 sacrosanctis
1179 1536 1225 1571 ad
1242 1536 1362 1571 sancta
1380 1536 1451 1572 Dei
1470 1538 1652 1585 evangelia

152 1591 324 1639 jurarunt
342 1612 350 1620 ·
369 1606 410 1628 ac
428 1593 534 1628 etiam
553 1593 640 1628 dieti
658 1592 781 1628 arbitri
796 1598 831 1628 et
845 1592 1044 1628 amicabiles
1062 1591 1312 1641 compositores
1325 1594 1370 1629 ad
1388 1594 1652 1631 terminandum

160 1655 196 1684 et
222 1650 441 1685 laudandum
465 1651 502 1685 in
528 1649 697 1696 premiffis
724 1650 760 1684 in
787 1650 961 1698 presentia
980 1650 1135 1698 partium
1159 1650 1205 1685 ad
1223 1650 1343 1686 sancta
1361 1651 1544 1699 evangelia
1554 1651 1652 1700 jura-

159 1713 245 1742 runt
262 1727 270 1735 ·
290 1714 325 1743 et
342 1707 544 1756 hujusmodi
558 1707 805 1755 compromisso
820 1708 915 1742 dicte
929 1712 1046 1755 partes
1059 1707 1096 1742 in
1109 1707 1224 1743 forma
1237 1707 1496 1755 speculatorum
1510 1709 1652 1745 consen-

159 1764 279 1800 serunt
294 1784 302 1792 ·
331 1765 445 1813 Super
470 1765 597 1812 quibus
621 1764 785 1800 omnibus
813 1770 848 1800 et
873 1762 1016 1812 fingulis
1039 1764 1134 1800 diae
1156 1770 1274 1812 partes
1297 1765 1480 1801 hincinde
1497 1765 1558 1801 fibi
1575 1766 1651 1802 fieri

126 1835 128 1837 ·
159 1822 339 1870 petierunt
366 1822 639 1858 instrumentum
668 1828 703 1858 et
731 1821 962 1857 instrumenta
980 1841 988 1849 ·
1017 1821 1116 1857 Acta
1143 1827 1245 1857 erant
1272 1822 1337 1858 hec
1365 1823 1459 1870 apud
1488 1823 1586 1871 Croy
1615 1824 1650 1858 in

159 1880 335 1915 cimiterio
354 1880 450 1915 dicte
469 1878 609 1915 ecclefie
627 1880 688 1915 sub
706 1892 802 1915 anno
820 1879 938 1914 mense
956 1879 1013 1915 die
1030 1879 1228 1915 indietione
1246 1885 1283 1915 et
1298 1879 1508 1928 pontificatu
1525 1880 1651 1928 quibus

158 1936 261 1985 supra
279 1957 288 1965 ·
312 1938 531 1986 presentibus
554 1937 685 1973 ibidem
711 1936 875 1984 magistro
894 1936 1054 1972 Waltero
1073 1935 1175 1984 Lessy
1193 1955 1202 1964 ·
1233 1936 1399 1973 Johanne
1418 1937 1529 1985 Spens
1548 1937 1652 1973 Dun-

157 1994 314 2031 keldenfi
338 2001 373 2031 et
397 1993 610 2031 moravienfi
627 1994 869 2042 prebendariis
892 2012 901 2021 ·
928 1993 1075 2029 domino
1099 1993 1250 2029 Andrea
1268 1993 1439 2029 Marssiell
1456 1994 1588 2030 vicario
1607 1996 1650 2030 de

157 2051 312 2088 Duffous
326 2058 361 2088 et
376 2052 572 2088 Laurentio
591 2052 782 2099 Kinghorn
801 2064 881 2086 cum
901 2049 1043 2087 diversis
1060 2050 1137 2086 aliis
1154 2050 1296 2087 testibus
1313 2051 1359 2087 ad
1375 2052 1537 2100 premifl'a
1549 2065 1649 2088 voca-

156 2109 200 2145 tis
218 2111 350 2158 pariter
368 2116 404 2146 et
422 2110 555 2157 rogatis
574 2128 582 2137 ·

157 2166 204 2202 Et
222 2180 288 2215 ego
304 2167 507 2203 Willelmus
526 2167 640 2202 Dowe
659 2165 839 2214 presbyter
858 2165 981 2201 saneti
1000 2164 1150 2201 Andree
1168 2165 1346 2202 dioceseos
1363 2165 1524 2214 publicus
1541 2166 1647 2213 impe-

155 2223 233 2259 riali
250 2230 286 2260 et
303 2225 415 2272 regali
432 2224 648 2260 auctoritate
667 2223 828 2259 notarius
845 2220 1015 2271 premiffis
1038 2223 1204 2259 omnibus
1227 2228 1263 2259 et
1284 2222 1427 2271 fingulis
1445 2223 1529 2258 dum
1546 2221 1590 2258 fic
1607 2229 1646 2258 ut

155 2282 373 2328 premittitur
398 2287 591 2330 agerentur
614 2287 650 2317 et
670 2281 798 2317 fierent
815 2293 887 2316 una
905 2293 987 2317 cum
1005 2280 1263 2326 prenominatis
1281 2280 1422 2316 testibus
1439 2279 1578 2327 presens
1596 2281 1646 2314 in-
