1912 2660
193 757 251 784 442

192 996 249 1024 443

277 92 348 125 418
672 88 989 126 REGISTRUM
1016 88 1380 126 MORAVIENSE.

277 185 335 214 dies
349 195 407 214 non
420 186 573 224 paruerint,
589 196 605 214 a
617 186 673 215 suis
687 187 845 225 capellaniis
859 197 909 225 per
922 188 1059 215 decanum
1074 191 1102 216 et
1117 187 1270 225 capitulum
1285 186 1500 219 amovebuntur,
1517 186 1617 224 quibus
1631 186 1735 215 decano
1749 191 1777 216 et

276 233 400 271 capitulo
413 233 442 261 in
457 233 525 262 locis
538 233 652 262 illorum
666 234 702 262 fic
716 239 885 268 amotorum,
907 235 975 263 alios
993 235 1116 272 ydoneos
1136 235 1280 272 imponere
1300 233 1395 261 licebit
1416 238 1444 261 et
1464 232 1620 262 instituere.
1662 234 1778 263 Proviso

276 290 386 319 quoque
406 281 480 319 quod
500 281 580 310 dictae
597 282 757 320 capellaniae
773 282 826 311 fint
840 282 1062 320 incompatibiles
1077 292 1141 310 cum
1156 281 1365 319 quibuscunque
1379 280 1440 308 aliis
1454 280 1596 309 beneficiis
1610 281 1658 310 seu
1671 282 1779 316 officiis,

277 328 402 367 exceptis
417 329 612 357 communibus
631 329 871 358 distributionibus
891 329 969 357 chori
988 339 1051 357 cum
1067 328 1166 357 ceteris
1181 327 1330 365 capellanis
1344 337 1394 365 pro
1409 337 1507 356 eorum
1521 328 1669 357 residentia
1682 334 1711 358 et
1725 329 1779 358 ser-

277 376 365 404 viciis.
405 376 425 404 J
428 386 476 405 ure
497 381 660 415 patronatus
677 377 814 415 Episcopo
832 376 973 404 fundatori
991 376 1131 404 reservato
1146 380 1174 403 et
1187 375 1247 413 post
1262 373 1322 413 ejus
1336 375 1474 403 decessum
1488 376 1592 404 decano
1607 376 1778 405 Moravienfi

276 424 350 457 dato,
373 434 427 461 quo
451 424 607 458 deficiente,
632 424 774 462 capitulo;
803 423 925 461 capitulo
950 423 1035 451 etiam
1059 433 1116 450 non
1139 422 1328 461 presentante,
1352 422 1386 450 ad
1408 422 1578 461 Episcopum
1601 424 1778 453 devolutum.

278 470 406 499 Testibus
430 471 554 508 Georgio
578 472 670 510 priore
694 472 727 499 de
752 471 922 504 Pluscardin,
951 470 1064 498 domino
1090 470 1215 497 Hectore
1240 469 1359 497 Forman
1386 471 1523 499 monacho
1547 471 1581 500 de
1606 472 1778 506 Pluscardin,

276 519 408 556 magistro
436 519 580 547 Willelmo
609 519 731 547 Gibsone
759 519 863 546 decano
890 519 924 546 de
955 517 1103 554 Restalrig,
1132 517 1246 544 domino
1273 517 1380 545 Jacobo
1407 518 1592 552 Carmichael,
1621 519 1778 557 capellanis,

276 566 406 604 magistro
419 567 550 595 Johanne
566 567 720 604 Chapman,
743 566 872 602 magistro
889 566 1020 594 Johanne
1040 563 1218 593 Cheiholme.
1260 564 1346 602 Apud
1368 563 1544 604 Edinburgh,
1565 566 1584 593 2
1607 566 1778 604 Septembris

280 614 363 642 1529.

278 757 448 795 Preceptum
469 767 485 784 a
505 756 578 784 dicto
596 755 731 793 Episcopo
752 755 849 783 datum
866 754 900 782 ad
917 753 1101 782 infeoffandos
1123 753 1287 792 magistrum
1303 754 1458 793 Hugonem
1474 756 1559 793 Cragi
1581 760 1610 785 et
1631 756 1777 785 dominum

277 804 453 833 Willelmum
469 804 542 832 Liell
553 803 708 841 capellanos
722 802 861 840 predictos
872 802 901 829 in
916 812 1011 830 annuo
1025 801 1136 830 redditu
1150 802 1189 830 50
1204 811 1359 830 mercarum
1374 803 1408 831 de
1422 803 1504 832 terris
1519 804 1552 832 de
1567 803 1734 835 Queralwod
1749 811 1777 833 et

279 852 399 890 Lidget;
418 852 479 880 loco
494 851 537 879 die
552 856 581 879 et
595 850 710 879 testibus
725 849 837 878 eisdem.

276 995 361 1023 Carta
379 993 456 1030 regia
469 993 518 1021 sub
533 1002 635 1029 magno
650 991 748 1029 siff'llm
763 992 917 1029 approbans
932 996 960 1020 et
975 992 1008 1019 ad
1023 1001 1139 1019 manum
1158 996 1299 1020 mortuam
1315 993 1483 1022 confirmans
1495 993 1656 1032 praedictam
1673 999 1777 1022 cartam

275 1041 456 1070 fundationis.
497 1039 626 1068 Testibus
641 1039 754 1067 Gavino
768 1039 974 1077 archiepiscopo
990 1039 1166 1077 Glasguenfi,
1181 1040 1354 1074 cancellario,
1366 1041 1491 1078 Georgio
1505 1041 1632 1079 episcopo
1647 1041 1778 1070 Dunkel-

274 1088 358 1122 densi,
383 1087 508 1116 Hem-ico
529 1087 657 1125 episcopo
679 1086 813 1115 Candidae
834 1087 911 1120 casae,
936 1087 1038 1115 Colino
1053 1087 1157 1115 comite
1172 1088 1205 1115 de
1222 1088 1329 1125 Argile,
1353 1088 1485 1126 magistro
1505 1089 1628 1127 hospitii,
1653 1089 1777 1127 Hugone

274 1136 376 1164 comite
390 1135 423 1163 de
434 1135 598 1172 Eglintone,
608 1134 733 1172 Georgio
748 1134 850 1163 comite
865 1135 898 1162 de
914 1134 1034 1169 Rothes,
1050 1134 1205 1163 Malcolmo
1219 1135 1332 1163 domino
1345 1135 1491 1174 Flemyng,
1504 1146 1606 1174 magno
1618 1137 1777 1170 camerario,

274 1183 396 1212 Patricio
410 1183 501 1221 priore
517 1182 613 1211 Sancti
629 1182 762 1216 Andreae,
784 1182 879 1210 David
899 1182 996 1211 abbate
1016 1182 1049 1210 de
1066 1183 1285 1211 Abberbrothok
1304 1183 1402 1212 secreti
1420 1183 1500 1222 sigilli
1515 1185 1636 1219 custode,
1653 1184 1777 1213 Roberto

273 1233 416 1260 Bartoune
435 1231 468 1258 de
484 1230 703 1259 Overberntoun
718 1230 889 1258 thesaurario
903 1240 934 1258 ac
948 1235 1146 1268 computorum
1161 1230 1325 1265 rotulatore,
1340 1231 1472 1269 magistro
1487 1232 1598 1260 Thoma
1613 1232 1729 1261 Erssdne
1744 1234 1777 1261 de

273 1279 403 1307 Haltoun
423 1278 580 1313 secretario,
595 1283 623 1306 et
637 1278 743 1307 Jacobo
759 1278 870 1307 Colvile
884 1278 917 1306 de
932 1278 1063 1307 Uchiltre
1077 1278 1215 1307 directore
1230 1279 1411 1308 cancellariae.
1453 1280 1538 1318 Apud
1560 1280 1736 1318 Edinburgh,
1758 1283 1776 1308 4

276 1326 446 1365 Septembris
466 1326 551 1354 1529.

274 1469 497 1498 lustramentum
518 1469 659 1498 notarium
680 1468 763 1507 super
781 1469 1011 1497 constitutionem
1025 1468 1150 1506 magistri
1166 1469 1323 1498 Alexandri
1337 1469 1458 1498 Dunbar
1475 1470 1571 1499 decani
1592 1470 1777 1499 Moravienfis

274 1522 301 1545 et
316 1517 453 1545 Johannis
470 1517 536 1554 Hay
550 1517 676 1545 canonici
697 1521 726 1545 et
747 1517 864 1545 rectoris
885 1517 919 1545 de
942 1517 1063 1550 Duthol,
1085 1522 1297 1555 procuratorum
1314 1517 1419 1546 Gavini
1436 1518 1555 1556 episcopi
1572 1518 1776 1547 Aberdonenfis

273 1564 307 1592 ad
318 1564 518 1592 instituendum
530 1564 693 1602 magistrum
706 1564 862 1602 Hugonem
869 1565 983 1602 Craugy
995 1569 1023 1593 et
1035 1564 1181 1592 dominum
1193 1564 1370 1593 Willelmum
1386 1565 1459 1593 Liell
1473 1566 1628 1604 capellanos
1642 1566 1675 1594 ad
1690 1566 1776 1595 (lictus

274 1613 341 1640 duas
352 1612 516 1650 capellanias
530 1613 563 1640 ab
576 1612 713 1650 Episcopo
727 1612 856 1641 fundatas
870 1612 900 1640 in
915 1611 1028 1641 ecclefia
1042 1612 1203 1641 cathedrali.
1244 1612 1373 1641 Testibus
1384 1613 1515 1650 magistro
1530 1613 1642 1641 Gavino
1657 1614 1777 1641 Dunbur

274 1659 445 1688 thesaurario
468 1659 601 1693 Rosssnfi,
624 1660 744 1688 dominis
770 1660 881 1688 Thoma
900 1660 1018 1688 Mer-ton
1041 1660 1235 1688 archidiacono
1261 1660 1462 1694 Aberdonenfi‚
1486 1661 1593 1689 Jacobo
1611 1661 1774 1690 Carmechel

274 1707 426 1745 capellano,
446 1707 590 1735 Willelmo
610 1707 676 1745 Hay
695 1707 814 1736 notario.
856 1708 889 1735 In
912 1708 974 1736 loco
996 1707 1154 1737 refidentiae
1176 1707 1244 1736 dicti
1267 1707 1396 1746 Episcopi
1419 1707 1491 1736 iufra
1512 1708 1655 1737 civitatem
1679 1709 1775 1738 Sancti

276 1755 409 1789 Andreae,
427 1756 463 1783 10
479 1755 649 1793 Septembris
666 1756 750 1783 1529.

275 1898 360 1926 Carta
381 1896 544 1925 feodifirmae
566 1897 600 1924 ab
621 1897 758 1936 Episcopo
779 1907 844 1925 cum
868 1897 1002 1926 consensu
1024 1897 1139 1936 capituli
1162 1897 1286 1926 concefl'a
1307 1896 1473 1926 Alexandro
1488 1897 1608 1926 Dunbar
1621 1898 1655 1927 de
1671 1899 1774 1933 Conze,

275 1945 428 1973 Terrarum
441 1945 474 1973 de
490 1944 607 1978 Raffart,
623 1945 832 1979 Barcarilbank,
845 1945 976 1979 Brachot,
990 1945 1197 1979 Netberblarie,
1210 1944 1384 1979 Overblarie,
1397 1945 1604 1984 Granroquhie,
1619 1946 1649 1974 in
1662 1946 1775 1976 baronia

273 1993 307 2021 de
327 1992 435 2021 Raffart
458 1997 486 2020 et
508 1991 582 2020 infra
603 1992 657 2021 vic:
678 1993 711 2021 de
734 1992 820 2030 Elgin
841 1997 869 2021 et
891 1993 985 2021 Fores.
1027 1993 1182 2022 Reddendo
1196 1993 1261 2022 inde
1275 1993 1422 2021 annuatim
1438 1993 1521 2021 L.55.
1535 1994 1562 2021 7.
1576 1993 1623 2033 7⁴}-
1664 1994 1698 2022 In
1719 1995 1775 2023 fine

273 2040 436 2069 continetur
448 2044 612 2078 preceptum
626 2039 728 2074 sannae,
747 2040 853 2068 ,Iacobo
868 2040 953 2069 Innes
968 2041 1001 2069 de
1017 2041 1143 2079 Dranye,
1166 2041 1292 2070 Roberto
1307 2041 1394 2069 Innes
1408 2039 1468 2079 ejus
1483 2041 1549 2075 filio,
1566 2041 1691 2070 Roberto
1707 2042 1775 2070 Tul-

273 2088 359 2121 loeht,
373 2087 491 2116 ballivis.
534 2087 663 2115 Testibus
685 2087 795 2116 Davide
817 2088 952 2125 Cuming,
975 2089 1089 2117 Andrea
1110 2089 1271 2123 Moncreiff,
1292 2089 1407 2117 Andrea
1421 2088 1504 2126 Boyn
1518 2088 1636 2124 notario,
1655 2089 1774 2118 dominis

273 2135 378 2163 Jacobo
393 2134 503 2169 Tan-es,
526 2135 632 2164 Jacobo
646 2135 804 2165 Johnstone
826 2140 854 2165 et
871 2136 982 2165 Joanne
1003 2137 1117 2171 Annan,
1140 2137 1266 2166 notariis.
1306 2136 1392 2175 Apud
1413 2135 1548 2175 palatium
1569 2137 1604 2166 de
1628 2137 1723 2176 Spyne
1746 2142 1774 2166 et

274 2182 370 2221 Elgin,
385 2183 422 2211 20
437 2182 508 2212 Maii
527 2183 612 2212 1567.
