1912 2660
262 135 335 168 812
658 133 976 171 REGISTRUM
1006 133 1370 170 MORAVIENSE.

265 232 350 267 Alia
367 232 613 280 augmentatio
631 233 676 295 ad
695 233 832 269 dietum
851 233 962 269 altare
981 233 1083 269 beate
1099 232 1213 269 (Darie
1234 251 1242 259 ·

263 347 444 384 Noverint
473 348 628 385 univerfi
667 349 764 397 quod
809 362 876 396 ego
913 348 1115 384 Willelmus
1153 348 1228 395 Pop
1259 346 1354 381 filius
1389 351 1425 381 et
1459 346 1562 382 heres
1595 346 1640 381 W
1642 347 1765 383 illelmi

265 406 340 454 Pop
357 405 539 455 burgensis
557 407 602 442 de
622 407 740 455 Elgyn
762 407 820 454 pia
842 406 1035 442 devotione
1063 405 1108 440 ad
1128 405 1196 439 lioc
1215 404 1385 439 inductus
1404 423 1413 431 ·
1433 417 1498 451 pro
1517 404 1628 440 salute
1650 405 1768 440 anime

264 477 342 499 mee
359 464 616 500 antecefforum
636 470 671 500 et
694 463 926 499 successorum
951 475 1113 497 meorum
1138 474 1179 496 ac
1203 461 1365 496 omnium
1393 461 1552 497 fidelium
1581 462 1769 498 defuncto-

264 535 344 557 rum
360 541 368 550 ·
392 522 474 557 dedi
493 528 529 558 et
546 520 696 558 concessi
715 541 724 549 ·
752 521 799 556 do
819 540 828 548 ·
853 520 1013 555 concedo
1033 539 1041 546 ·
1070 525 1106 554 et
1124 519 1189 554 hac
1208 519 1362 567 presenti
1380 526 1479 555 carta
1497 533 1576 555 mea
1594 520 1769 555 confirmo

265 592 373 614 unam
392 580 599 627 perticatam
618 585 713 614 terre
731 591 812 613 cum
831 577 947 613 crofto
960 577 1143 625 jacentem
1157 589 1201 611 ex
1216 582 1316 624 parte
1336 576 1477 612 australi
1492 577 1576 612 ville
1592 578 1635 613 de
1650 578 1769 625 Elgyn

265 638 358 672 inter
370 643 501 672 terram
512 636 662 672 Henrici
676 635 858 684 Scyphard
873 648 918 670 ex
933 640 1033 682 parte
1053 634 1265 669 occidentali
1281 654 1289 662 ·
1310 640 1346 670 et
1364 640 1497 670 terram
1518 634 1661 672 Oiberti
1680 635 1769 671 fabri

265 708 309 730 ex
327 700 427 742 parte
442 694 606 729 orientali
624 693 657 729 se
676 693 928 729 extendentem
944 692 1138 739 inlongum
1156 692 1201 726 ad
1214 691 1418 728 marrefium
1436 698 1601 741 petarum
1618 713 1626 721 ·
1648 698 1684 729 et
1699 699 1771 729 tres

264 753 369 788 rodas
387 758 482 788 terre
489 752 650 801 jacentes
669 751 705 786 in
724 749 943 799 prepositura
961 750 1005 785 de
1026 749 1145 797 Elgyn
1164 750 1256 785 infra
1274 750 1308 786 la
1329 751 1557 798 BgTsaptzmg
1575 771 1583 779 ·
1605 757 1641 787 et
1669 751 1770 787 dimi-

264 810 358 846 diam
382 823 500 846 acram
524 816 619 845 terre
640 810 820 857 jacentem
843 807 936 843 infra
962 807 996 843 le
1020 807 1228 843 Blaremore
1247 827 1256 836 ·
1284 813 1320 844 et
1348 808 1504 856 quinque
1527 809 1657 845 solidos
1687 809 1770 845 ster-

264 868 444 915 lingorum
464 868 574 903 annui
592 867 753 902 redditus
771 879 860 913 quos
879 865 965 900 mihi
984 865 1168 901 annuatim
1188 865 1323 901 solvere
1342 871 1487 902 tenetur
1507 867 1708 903 Willelmus
1727 868 1772 903 de

267 925 373 974 Haya
400 932 435 961 et
463 925 611 961 heredes
640 924 689 959 sui
721 924 765 959 de
800 923 955 971 quadam
987 924 1160 971 perticata
1186 929 1281 959 terre
1308 937 1388 959 cum
1417 924 1533 960 crofto
1554 925 1699 973 jacente
1728 938 1772 961 ex

265 990 364 1031 parte
383 983 524 1019 australi
551 982 635 1018 ville
654 982 698 1017 de
728 981 847 1029 Elgyn
876 982 971 1016 inter
997 987 1129 1017 terram
1161 982 1310 1017 Andree
1329 981 1568 1031 Wytliewyde
1600 997 1644 1018 ex
1672 989 1773 1032 parte

265 1041 476 1077 occidentali
504 1046 539 1076 et
565 1046 697 1076 terram
724 1039 873 1088 Rogerij
902 1039 964 1088 filij
987 1039 1071 1075 Ade
1098 1053 1142 1075 ex
1169 1045 1269 1088 parte
1293 1040 1458 1075 orientali
1478 1060 1486 1068 ·
1516 1047 1551 1077 et
1570 1041 1627 1077 sex
1645 1042 1774 1077 solidos

264 1099 374 1134 annui
393 1099 553 1134 redditus
571 1111 660 1145 quos
676 1097 761 1132 mihi
783 1102 925 1132 tenetur
945 1096 1082 1132 solvere
1100 1097 1285 1134 Johannes
1305 1097 1418 1146 Blayk
1438 1104 1475 1134 et
1493 1099 1642 1134 heredes
1660 1099 1710 1134 siii
1730 1099 1774 1135 de

265 1170 336 1192 una
362 1157 534 1205 perticata
558 1162 652 1191 terre
677 1168 758 1191 cum
788 1155 904 1191 crofto
930 1155 1075 1203 jacente
1103 1168 1148 1191 ex
1174 1161 1275 1204 parte
1307 1155 1441 1191 boreali
1468 1156 1553 1192 ville
1583 1157 1627 1193 de
1655 1157 1773 1206 Elgyn

264 1216 358 1250 inter
376 1221 508 1250 terram
527 1214 614 1249 dicti
632 1213 809 1250 Johannis
829 1213 945 1262 Blayk
965 1226 1009 1249 ex
1035 1218 1136 1261 parte
1155 1213 1321 1249 orientali
1347 1219 1382 1249 et
1407 1227 1636 1250 communem
1655 1215 1772 1251 vicum

264 1286 335 1320 qno
346 1273 507 1321 pergitur
516 1272 560 1307 ad
573 1271 700 1307 fratres
712 1271 954 1320 predicatores
965 1291 974 1299 ·
989 1271 1071 1307 Deo
1083 1277 1119 1307 et
1130 1271 1283 1319 gloriose
1297 1271 1439 1319 Virgini
1453 1273 1568 1309 marie
1580 1273 1684 1308 matri
1699 1273 1774 1309 sue·

264 1331 308 1366 ad
327 1330 615 1366 sustentationem
635 1335 671 1366 et
689 1329 951 1365 sustentationis
974 1334 1112 1378 partem
1139 1329 1314 1377 capellani
1333 1330 1369 1364 in
1389 1336 1601 1378 perpetuum
1622 1331 1776 1366 celebra-

265 1389 336 1424 turi
355 1389 399 1423 ad
418 1388 530 1424 altare
549 1387 705 1436 ejusdem
718 1387 880 1435 Virginis
900 1387 1054 1435 gloriose
1073 1387 1110 1422 in
1129 1386 1273 1423 ecclesia
1291 1387 1415 1423 Sancti
1436 1388 1553 1436 Egidij
1573 1389 1775 1424 confessoris

266 1448 309 1482 (le
331 1446 448 1494 Elgyn
467 1466 475 1474 ·
501 1445 758 1494 recognoscens
777 1445 886 1493 ipsam
907 1445 1089 1493 refugium
1112 1443 1289 1493 fingulare
1314 1445 1474 1481 fidelium
1500 1452 1536 1481 et
1560 1447 1774 1482 cunctorum

267 1510 480 1552 perpetuam
512 1504 722 1552 adjutricem
744 1523 752 1531 ·
791 1503 828 1538 in
857 1509 971 1539 matre
998 1503 1111 1538 filium
1144 1509 1180 1539 et
1211 1503 1248 1538 in
1279 1503 1354 1538 filio
1387 1509 1537 1539 matrem
1569 1511 1776 1540 reverenter

268 1563 413 1610 cupiens
431 1562 608 1597 honorare
628 1581 636 1589 ·
665 1561 842 1597 tenendos
869 1566 905 1597 et
928 1561 1112 1597 habendos
1131 1561 1295 1609 predicto
1323 1562 1426 1597 altari
1446 1562 1577 1598 Sanete
1597 1563 1710 1599 marie
1733 1563 1777 1598 de

268 1633 325 1655 iiie
344 1626 379 1655 et
397 1619 586 1655 heredibus
604 1620 692 1655 meis
710 1619 801 1655 adeo
820 1619 931 1655 libere
951 1625 986 1655 et
1005 1619 1124 1667 quiete
1149 1619 1342 1655 secundum
1363 1620 1459 1667 quod
1478 1620 1605 1667 aliquis
1624 1620 1776 1668 burgen-

269 1677 309 1712 sis
337 1678 422 1713 dare
448 1677 560 1725 potest
587 1677 724 1725 aliquos
754 1677 916 1713 redditus
944 1677 988 1712 ad
1016 1677 1347 1725 augmentationem
1376 1677 1497 1713 cultus
1530 1678 1640 1713 divini
1671 1678 1776 1714 alicui

270 1734 415 1771 ecclesie
430 1735 486 1770 vel
505 1735 608 1770 altari
624 1755 631 1763 ·
661 1735 709 1770 Et
727 1735 900 1783 promitto
919 1748 984 1783 pro
1004 1748 1061 1771 me
1080 1734 1270 1771 heredibus
1291 1735 1378 1770 meis
1396 1741 1432 1770 et
1450 1735 1527 1783 alijs
1545 1736 1631 1770 mihi
1650 1735 1777 1772 succes-

268 1793 355 1829 suris
373 1806 587 1840 quocunque
606 1793 751 1828 nomine
770 1793 981 1829 censeantur
999 1793 1103 1828 firma
1120 1798 1156 1828 et
1174 1798 1251 1828 rata
1268 1798 1442 1841 perpetuo
1462 1793 1592 1829 liabere
1611 1799 1646 1829 et
1664 1793 1778 1830 obser-

270 1864 354 1886 vare
372 1851 534 1899 premiffa
548 1851 668 1886 omnia
681 1856 717 1886 et
730 1864 803 1886 non
822 1857 949 1887 contra
963 1851 1086 1887 venire
1099 1851 1157 1887 vel
1175 1851 1291 1887 facere
1305 1864 1368 1899 per
1383 1864 1439 1886 me
1458 1851 1515 1887 vel
1533 1852 1642 1887 alium
1662 1852 1778 1900 aliqua

269 1909 371 1945 causa
389 1908 446 1944 vel
470 1908 615 1955 ingenio
635 1909 678 1943 de
691 1908 774 1957 jure
792 1909 850 1944 vel
875 1909 918 1945 de
945 1909 1041 1945 sa6t0
1064 1909 1124 1944 sub
1142 1922 1235 1957 pena
1252 1909 1491 1957 quadraginta
1508 1909 1678 1945 librarum
1698 1910 1778 1946 ster-

270 1967 450 2014 lingorum
471 1986 479 1994 -
495 1966 720 2014 stipulatione
739 1967 844 2002 etiam
866 1967 902 2002 in
915 1966 1052 2015 singula
1063 1967 1219 2015 capitula
1230 1967 1336 2015 hujus
1347 1967 1404 2015 pie
1424 1980 1501 2003 mee
1522 1967 1725 2003 donationis
1744 1975 1778 2004 et

269 2023 500 2060 concessionis
519 2024 554 2058 iii
574 2024 724 2059 solidum
742 2025 906 2072 promissa
925 2044 934 2053 ·
965 2039 1035 2073 que
1062 2025 1194 2061 totiens
1220 2025 1466 2061 committetur
1493 2030 1529 2060 et
1557 2025 1651 2074 exigi
1678 2024 1777 2074 possit

270 2088 352 2118 ante
368 2082 438 2117 litis
454 2081 643 2129 ingressum
657 2082 693 2116 in
705 2080 848 2129 singulis
867 2083 1029 2130 capitulis
1043 2083 1208 2130 quotiens
1223 2083 1483 2118 contrafactum
1500 2083 1608 2119 suerit
1626 2103 1634 2111 ·
1648 2084 1779 2119 fabrice

271 2140 484 2177 cathedralis
515 2138 659 2175 ecclesie
696 2139 925 2176 moraviensis
956 2141 1249 2189 applicandarum
1273 2139 1344 2177 fine
1369 2138 1568 2177 remissione
1595 2141 1705 2177 totius
1724 2142 1779 2178 vel
