1912 2660
289 138 362 171 382
683 135 1000 173 REGISTRUM
1029 135 1395 172 MORAVIENSE.

294 234 380 281 Fyfe
400 253 408 262 ·
437 234 666 270 dominorum
685 232 857 270 Willelmi
877 235 920 271 de
942 236 1039 271 Keth
1059 255 1067 263 ·
1097 235 1268 272 macolmi
1293 235 1336 270 de
1364 234 1559 269 Dromond
1586 236 1722 271 domini
1750 237 1793 272 de

293 293 412 328 marre
431 311 440 319 ·
470 298 505 327 et
528 292 665 327 domini
683 292 825 328 Thome
845 293 888 328 de
909 293 1048 341 Erlkyn
1075 298 1110 328 et
1136 293 1334 327 multorum
1362 291 1514 326 aliorum
1533 310 1542 319 ·
1569 293 1664 341 apud
1684 293 1794 329 Perth

291 354 373 384 ante
392 349 485 385 fores
503 348 644 385 ecclesie
662 350 813 385 fratrum
832 351 1097 398 predicatorum
1126 355 1161 384 et
1186 348 1305 396 postea
1332 353 1416 383 ante
1439 361 1609 396 magnum
1636 350 1748 387 altare
1774 365 1794 386 a

291 407 468 442 sentencia
496 407 880 443 excommunicacionis
901 426 908 434 ·
939 407 1000 442 sub
1033 406 1242 442 conditione
1274 405 1371 452 quod
1403 405 1614 443 satisfaceret
1644 408 1793 444 indilate

291 463 432 500 ecclesie
451 463 665 501 moravienfi
684 470 719 500 et
737 465 834 511 quod
853 464 1012 499 mitteret
1030 464 1075 498 ad
1096 463 1228 510 Papam
1246 476 1312 511 pro
1331 462 1555 499 absolucione
1574 464 1769 501 obtinenda
1783 486 1791 493 ·

291 521 394 558 aliter
412 522 625 558 reincideret
643 521 822 570 pristinam
842 511 1227 557 excommunicacionis
1245 520 1459 556 sentenciam
1477 521 1551 569 ipso
1569 522 1665 558 sacto
1683 542 1691 550 ·

291 638 567 674 memorandum
599 637 695 684 quod
725 649 820 671 anno
853 636 1005 671 Domini
1035 634 1216 673 ‹nillefimo
1244 639 1368 671 ·ccc'¹¹⁰·
1400 635 1630 684 nonogesimo
1661 637 1758 673 sexto
1782 658 1791 666 ·

291 695 423 730 ·xxviii·
443 695 499 730 die
518 693 643 730 menfis
663 693 879 742 Septembris
899 713 907 720 ·
927 693 1023 741 apud
1043 692 1153 728 Perth
1172 712 1180 720 ·
1201 706 1321 728 coram
1341 693 1487 728 domino
1508 694 1670 730 Roberto
1690 695 1791 744 Rege

291 753 413 788 Scocie
440 758 475 788 et
502 752 603 800 regni
629 751 836 800 proceribus
863 756 1010 798 propter
1035 751 1105 786 hoc
1130 750 1262 786 ibidem
1288 752 1513 798 congregatis
1536 771 1544 779 ·
1577 753 1659 799 quia
1689 753 1792 789 firma

290 823 359 858 pax
386 810 572 845 reformari
601 822 675 844 non
704 814 844 857 poterat
873 808 967 843 inter
996 808 1084 843 duas
1112 808 1313 856 parentelas
1341 809 1470 844 scilicet
1497 809 1542 845 de
1570 810 1732 859 Clanhay
1756 818 1791 847 et

292 867 537 915 Clanqwhwle
564 867 623 902 sed
649 866 840 901 homicidia
862 866 1139 914 depredaciones
1161 867 1243 902 hinc
1265 867 1348 902 inde
1372 867 1688 903 committebantur
1705 869 1791 904 coti-

289 925 345 961 die
373 945 381 952 ·
413 925 561 972 triginta
589 937 632 959 ex
661 923 818 971 qualibet
845 929 946 971 parte
974 922 1045 959 fine
1074 924 1263 959 armaturis
1294 925 1338 959 de
1366 924 1462 960 ferro
1486 944 1495 952 ·
1525 938 1607 960 cum
1639 926 1791 963 arcubus

290 990 409 1018 tamen
434 981 611 1017 securibus
632 981 758 1028 gladiis
780 986 816 1017 et
840 981 993 1016 cultellis
1018 995 1062 1017 ex
1087 982 1256 1017 οοηᾱίὅὶο
1281 987 1531 1017 convenerunt
1553 988 1594 1017 ut
1617 996 1690 1019 una
1711 997 1791 1032 pars

289 1040 435 1076 alteram
455 1039 598 1074 tolleret
616 1043 652 1073 et
670 1038 806 1074 deleret
818 1058 827 1066 ·
846 1044 884 1075 et
901 1039 1062 1075 inierunt
1080 1040 1287 1075 conflifitum
1302 1059 1311 1068 ·
1331 1045 1367 1075 et
1380 1045 1457 1076 tota
1469 1053 1550 1088 pars
1568 1041 1612 1077 de
1629 1041 1790 1091 Clanhay

288 1097 470 1133 succubuit
497 1102 532 1132 et
558 1102 701 1132 mortua
727 1096 775 1132 est
801 1097 839 1132 in
859 1109 985 1145 campo
1009 1102 1130 1145 preter
1151 1110 1266 1134 unum
1285 1117 1293 1126 ·
1317 1103 1353 1134 et
1379 1098 1423 1134 de
1449 1098 1518 1134 alia
1543 1104 1644 1147 parte
1667 1100 1789 1136 decem

288 1155 484 1205 superstites
502 1155 749 1191 remanserunt
768 1175 776 1183 ·

289 1274 380 1309 Item
409 1272 679 1310 memorandum
708 1272 805 1319 quod
833 1285 928 1307 anno
948 1272 1099 1308 Domini
1125 1270 1307 1310 millefimo
1327 1276 1451 1308 ·ccc'¹¹⁰·
1481 1272 1711 1321 nonogesimo
1734 1287 1791 1310 oc-

287 1338 370 1367 tavo
386 1350 393 1359 ·
410 1330 604 1365 Dominica
618 1329 751 1365 ·xxviii·
767 1330 824 1366 die
839 1329 964 1366 menfis
979 1330 1117 1378 Aprilis
1132 1349 1140 1358 ·
1160 1330 1317 1378 prefatus
1332 1330 1498 1366 dominus
1512 1331 1693 1366 Robertus
1709 1331 1790 1367 Rex

289 1389 411 1425 Scocie
429 1389 465 1423 in
485 1386 628 1423 ecclefia
654 1387 855 1423 monasterii
882 1388 1004 1425 Sancti
1023 1387 1208 1425 (Dichaelis
1238 1388 1282 1423 de
1307 1388 1423 1424 Scona
1451 1388 1584 1424 creavit
1612 1394 1648 1424 et
1675 1389 1790 1425 erexit

287 1447 471 1483 dominum
491 1445 612 1480 David
639 1445 752 1487 filium
779 1445 881 1481 suum
903 1446 1183 1494 primogenitum
1211 1451 1297 1481 tunc
1322 1445 1489 1482 comitem
1509 1446 1553 1482 de
1573 1446 1734 1495 Carryke
1752 1447 1790 1482 in

288 1505 429 1540 Ducem
450 1504 493 1538 de
514 1503 698 1551 Rothiss'ay
716 1522 725 1532 ο
751 1509 787 1539 et
808 1504 996 1539 dominum
1015 1504 1217 1539 Robertum
1236 1504 1383 1539 fratrem
1401 1503 1505 1552 ipfius
1523 1504 1659 1540 domini
1679 1504 1790 1553 Regis

286 1568 373 1598 tunc
392 1561 558 1596 comitem
577 1561 621 1597 de
637 1561 723 1609 Fyfe
737 1561 776 1597 in
791 1561 934 1597 Ducem
952 1562 1108 1598 Albanie
1123 1581 1131 1590 ·
1152 1567 1188 1598 et
1207 1562 1390 1598 decoravit
1408 1575 1470 1598 eos
1487 1567 1524 1598 et
1536 1561 1674 1599 vestivit
1692 1575 1789 1598 man-

288 1619 381 1656 tellis
408 1625 443 1654 et
471 1619 585 1667 pilleis
613 1619 757 1655 surratis
786 1619 1015 1668 solempniter
1043 1625 1079 1656 et
1107 1620 1184 1655 aliis
1207 1618 1366 1668 insigniis
1384 1620 1463 1655 solis
1481 1620 1631 1656 ducibus
1649 1633 1789 1668 compe-

287 1676 444 1713 tentibus
473 1682 508 1712 et
535 1677 628 1712 tradi
657 1677 834 1714 consuetis
862 1697 871 1706 ·
900 1678 995 1713 intra
1020 1677 1200 1713 miffarum
1228 1677 1423 1726 solempnia
1450 1678 1598 1713 domino
1626 1677 1787 1713 W'altero

288 1735 421 1783 Trayle
438 1740 525 1771 tunc
544 1735 707 1784 episcopo
726 1736 849 1772 83ηᾶὶὶ
868 1736 1019 1772 Andree
1037 1735 1171 1771 miffam
1189 1736 1418 1784 solempniter
1435 1735 1637 1772 celebrante
1656 1754 1664 1763 ·

290 1851 333 1886 In
352 1850 475 1886 diebus
501 1849 569 1885 illis
593 1863 668 1885 non
691 1856 767 1886 erat
789 1851 847 1887 lex
871 1852 909 1887 in
928 1851 1052 1887 Scocia
1068 1851 1127 1887 sed
1144 1851 1293 1899 quilibet
1316 1850 1504 1899 potencior
1530 1850 1707 1886 minorem
1727 1863 1787 1898 op-

285 1906 404 1957 preffit
421 1913 457 1944 et
475 1913 593 1943 totum
612 1921 763 1956 regnum
781 1909 849 1945 fuit
866 1923 979 1946 unum
1003 1910 1232 1946 latrocinium
1251 1929 1259 1937 ·
1289 1909 1482 1945 homicidia
1509 1908 1787 1957 depredaciones

287 1971 323 2003 et
349 1966 515 2002 incendia
543 1971 578 2001 et
606 1971 725 2002 cetera
752 1967 926 2003 maleficia
951 1968 1198 2004 remanserunt
1215 1967 1380 2016 inpunita
1406 1972 1442 2003 et
1461 1965 1602 2015 justicia
1627 1966 1787 2013 utlegata

287 2029 388 2060 extra
405 2023 508 2071 regni
526 2024 700 2059 terminos
719 2025 876 2061 exulavit
895 2045 903 2053 ·

286 2138 562 2177 memorandum
581 2139 678 2186 quod
696 2152 778 2174 cum
796 2139 1006 2176 Alexander
1024 2141 1068 2176 de
1088 2140 1215 2176 Infulis
1233 2139 1327 2175 filius
1344 2139 1455 2176 tercio
1472 2139 1614 2187 genitus
1634 2138 1784 2173 Domini

286 2197 330 2233 de
360 2196 487 2232 Insulis
517 2209 600 2232 cum
632 2197 699 2232 suis
730 2197 921 2245 capitaneis
949 2198 1105 2234 intraffet
1133 2198 1310 2234 violenter
1340 2197 1526 2234 canoniam
1558 2196 1601 2231 de
1631 2196 1750 2243 Elgyn
1775 2214 1783 2223 ·

284 2255 396 2293 tercio
415 2255 472 2292 die
489 2253 615 2292 menfis
631 2254 720 2292 Julii
738 2268 833 2291 anno
853 2255 1003 2292 Domini
1026 2260 1231 2293 ·‹o⁰·cccc'¹¹⁰·
1257 2256 1413 2292 secundo
1432 2274 1441 2283 ·
1469 2260 1505 2291 et
1528 2253 1635 2302 ipsam
1663 2253 1785 2302 depre-
