1912 2660
570 177 886 215 REGISTRUM
914 178 1275 215 MORAVIENSE.
1587 187 1658 222 349

174 291 251 314 cem
277 290 389 313 annos
414 290 435 312 a.
461 276 543 312 data
568 276 783 324 presentium
810 277 1068 324 computandos
1092 277 1129 312 in
1155 278 1296 313 civitate
1324 283 1358 313 et
1384 279 1519 326 dyocefi
1538 280 1658 315 San&i

176 335 324 371 Andree
340 334 518 370 vacabunt
536 353 545 361 ·
564 334 671 369 etiam
689 332 714 368 fi
732 333 921 381 dignitates
934 333 1090 381 prelatus
1103 334 1161 369 vel
1179 334 1293 369 officia
1310 335 1442 370 fuerint
1460 342 1495 371 et
1512 338 1617 372 etiam
1635 337 1659 372 fi

174 406 238 440 per
254 390 505 439 refignationes
519 404 563 427 ex
576 391 678 427 causa
695 391 966 439 permutationis
984 391 1027 426 de
1046 390 1122 439 ipfis
1139 391 1298 426 faciende
1312 393 1513 427 vacaverint
1532 412 1540 420 ·
1560 394 1659 429 dum-

173 450 281 485 modo
304 449 443 484 fru&us
460 449 621 484 redditus
639 453 674 484 et
691 453 887 496 proventus
905 461 1043 483 camere
1068 448 1254 496 apostolice
1278 448 1422 483 minime
1441 448 1634 485 debeantur
1651 470 1659 478 ·

171 519 234 555 per
251 506 331 541 illos
349 519 437 553 quos
452 506 499 541 ad
516 506 585 541 hoc
599 506 771 541 duxeritis
789 505 1012 554 deputandos
1029 506 1174 541 nomine
1192 505 1321 541 fabrice
1339 506 1434 541 dicte
1452 506 1591 542 ecclefie
1609 520 1660 542 re-

170 564 351 612 cipiendos
373 569 408 599 et
433 564 539 599 etiam
561 564 755 611 exigendos
781 568 817 599 et
841 564 878 598 in
904 563 1204 599 reedificationem
1229 563 1324 598 di6te
1346 562 1485 598 ecclesie
1509 577 1549 599 ac
1574 564 1660 599 alios

168 621 250 657 usus
268 622 362 657 dicte
380 621 511 657 fabrice
529 621 682 657 fideliter
700 627 735 656 et
752 621 892 668 integre
909 621 1170 656 convertendos
1190 640 1198 648 ·
1226 620 1361 656 servata
1384 627 1502 656 tamen
1522 621 1565 656 de
1583 621 1660 669 ipfis

168 679 345 715 fructibus
369 679 567 714 redditibus
585 684 621 714 et
639 678 870 727 proventibus
887 691 953 726 pro
974 678 1228 713 beneficiorum
1254 678 1409 725 ipsorum
1435 678 1661 714 servitoribus

169 742 205 772 et
222 736 297 772 aliis
315 736 441 772 debitis
460 737 627 772 oneribus
644 735 892 784 supportandis
911 749 1070 783 congrua
1086 736 1252 784 portione
1272 755 1280 763 -
1306 749 1382 770 non
1406 735 1619 772 obstantibus
1637 736 1660 771 li

168 794 284 836 forsan
310 794 449 829 frufiffls
474 794 635 829 redditus
659 799 695 829 et
721 798 916 841 proventus
942 806 1007 841 pro
1034 793 1235 841 hujusmodi
1260 793 1375 841 primo
1394 806 1488 828 anno
1506 794 1662 841 personis

169 851 347 887 defunctis
365 865 434 898 que
452 852 624 887 beneficia.
646 851 718 899 ipsa
741 851 827 886 dum
845 851 1008 886 viverent
1025 850 1234 898 optinebant
1251 850 1335 885 alias
1355 850 1569 886 deberentur
1588 871 1596 880 ·
1621 865 1662 887 ac

167 909 432 956 quibuscunque
457 909 593 944 statutis
611 914 647 944 et
667 908 980 944 consuetudinibus
999 907 1109 944 vestre
1133 921 1174 943 ac
1200 908 1349 943 aliarum
1376 908 1596 944 ecclesiarum
1624 910 1661 944 in

166 966 294 1013 quibus
321 966 522 1014 hujusmodi
545 966 716 1002 beneficia
741 966 857 1001 forsan
879 966 1012 1001 fuerint
1033 984 1041 993 ·
1069 970 1105 1001 et
1131 966 1265 1000 ordinis
1294 966 1417 1001 83116ὶί
1444 966 1658 1013 Augustini·

169 1024 355 1059 contrariis
368 1023 575 1072 juramento
594 1023 864 1059 confirmatione
882 1022 1071 1071 apostolica
1087 1022 1145 1058 vel
1168 1036 1378 1070 quacunque
1399 1023 1567 1059 firmitate
1594 1024 1662 1059 alia

168 1081 343 1116 roboratis
362 1100 370 1109 ·
398 1094 541 1117 necnon
564 1081 759 1129 privilegiis
778 1100 785 1109 ·
813 1081 1045 1128 indulgentiis
1064 1100 1072 1108 ·
1100 1080 1382 1128 exemptionibus
1403 1081 1599 1129 apostolicis
1625 1089 1661 1117 et

168 1138 243 1174 aliis
261 1138 485 1186 generalibus
503 1144 539 1174 et
556 1138 761 1187 specialibus
775 1150 1070 1186 quorumcunque
1084 1144 1251 1173 tenorum
1265 1137 1412 1173 existant
1425 1151 1488 1186 per
1502 1152 1570 1186 que
1584 1152 1661 1186 pre-

168 1195 322 1231 sentibus
333 1209 406 1231 non
419 1196 574 1244 exprefl'a
584 1196 641 1231 vel
653 1195 811 1231 totaliter
821 1208 895 1231 non
907 1195 1035 1230 inserta
1045 1195 1162 1230 nostra
1173 1195 1335 1243 impediri
1347 1196 1457 1243 pofl'et
1470 1194 1642 1231 concessio
1651 1215 1659 1223 ·

167 1258 203 1287 ct
227 1253 271 1288 de
293 1253 419 1300 quibus
437 1266 732 1300 quorumcunque
755 1253 840 1288 totis
863 1252 1045 1288 tenoribus
1064 1253 1108 1288 de
1126 1253 1235 1288 verbo
1253 1253 1298 1287 ad
1315 1252 1462 1288 verbum
1482 1254 1564 1288 effet
1582 1266 1661 1301 pre-

167 1310 321 1345 sentibus
336 1311 470 1346 mentio
485 1311 646 1346 facienda
658 1330 666 1338 ·
681 1311 796 1347 eidem
811 1310 941 1346 fabrice
955 1310 1168 1345 au&oritate
1183 1309 1371 1356 apostolica
1383 1315 1508 1346 tenore
1522 1310 1660 1358 presen-

171 1368 259 1402 tium
279 1368 506 1403 concedimus
525 1368 569 1403 de
586 1368 700 1415 gratia
718 1367 855 1415 speciali
875 1387 883 1395 ·
910 1367 1089 1402 Volumus
1106 1372 1224 1402 autem
1239 1367 1335 1414 quod
1353 1366 1377 1402 fi
1390 1368 1528 1403 frufitus
1545 1369 1660 1404 reddi-

168 1432 226 1459 tus
244 1430 279 1460 et
297 1430 493 1472 proventus
511 1425 663 1473 preditffi
680 1425 837 1473 personis
855 1423 931 1472 ipfis
949 1425 1126 1460 defuncffis
1139 1437 1205 1472 pro
1219 1425 1334 1472 primo
1349 1437 1443 1460 anno
1458 1425 1658 1473 hujusmodi

166 1482 249 1517 alias
278 1482 475 1517 debeantur
494 1502 502 1510 ·
522 1488 558 1518 et
579 1483 718 1518 fru6his
745 1482 905 1518 redditus
932 1487 968 1518 et
991 1487 1186 1530 proventus
1212 1482 1317 1530 primi
1345 1483 1429 1517 anni
1457 1482 1657 1531 hujusmodi

167 1538 343 1586 elegeritis
357 1559 365 1567 ·
380 1540 519 1575 fruetus
532 1540 691 1575 redditus
705 1545 741 1575 et
754 1545 948 1587 proventus
961 1539 1104 1575 secundi
1118 1539 1202 1574 anni
1216 1552 1258 1574 eo
1272 1539 1380 1575 modo
1394 1539 1548 1575 secundo
1563 1553 1658 1576 anno

165 1596 412 1643 relinquantur
442 1597 570 1632 eisdem
600 1610 670 1644 quo
698 1596 775 1645 ipsis
806 1597 966 1632 redditus
993 1597 1131 1632 fruetus
1157 1602 1193 1632 et
1218 1602 1413 1645 proventus
1440 1597 1527 1632 dicti
1553 1598 1658 1645 primi

163 1654 248 1687 anni
266 1652 290 1687 fi
308 1653 508 1701 hujusmodi
526 1667 601 1689 non
620 1653 770 1689 obstaret
786 1652 957 1689 concessio
973 1653 1192 1689 debebantur
1210 1673 1219 1682 ·
1248 1654 1356 1696 Quod
1374 1653 1399 1688 fi
1416 1654 1510 1689 idem
1528 1654 1658 1690 benefi-

164 1710 256 1744 cium
273 1710 404 1757 pluries
423 1711 514 1746 infra
531 1724 644 1747 unum
663 1724 797 1746 annum
815 1724 940 1747 vacare
958 1711 1149 1759 contigerit
1168 1730 1176 1738 ·
1198 1724 1272 1746 non
1302 1716 1492 1759 propterea
1517 1712 1656 1748 fructus

163 1767 322 1802 redditus
336 1773 371 1803 et
385 1773 581 1815 proventus
595 1767 697 1816 ipfius
715 1781 780 1816 pro
799 1768 958 1816 pluribus
972 1769 1073 1804 annis
1091 1782 1156 1817 pro
1175 1769 1272 1804 dieta
1289 1769 1420 1805 fabrica
1437 1770 1546 1817 recipi
1564 1770 1655 1806 vale—

162 1829 224 1859 ant
249 1844 257 1852 ·
283 1825 340 1860 sed
366 1838 432 1873 pro
462 1825 626 1861 omnibus
643 1826 886 1861 vacationibus
903 1826 1103 1874 hujusmodi
1121 1839 1190 1873 que
1207 1826 1299 1861 infra
1315 1839 1428 1862 unum
1448 1840 1581 1863 annum
1600 1841 1657 1864 oc-

164 1882 341 1917 currerint
364 1882 504 1917 fructus
527 1883 688 1918 redditus
716 1888 752 1918 et
777 1888 972 1931 proventus
1000 1883 1154 1931 ejusdem
1180 1896 1246 1931 pro
1272 1896 1346 1919 uno
1370 1897 1465 1919 anno
1484 1885 1656 1920 duntaxat

163 1951 226 1986 per
243 1952 307 1974 vos
331 1945 372 1974 ut
399 1940 619 1987 premittitur
647 1940 812 1988 eligendo
841 1953 906 1987 pro
934 1941 1029 1976 diet-a
1054 1940 1187 1976 fabrica
1203 1941 1392 1989 exigantur
1411 1961 1419 1969 ·
1439 1947 1475 1977 et
1492 1943 1587 1990 quod
1605 1943 1656 1978 illi

163 2008 250 2042 quos
277 1997 323 2031 ad
355 1997 600 2045 recipiendum
628 1998 766 2033 frufi‘cus
790 1998 949 2033 redditus
971 2003 1006 2033 et
1032 2003 1228 2045 proventus
1255 1999 1435 2046 predictos
1462 2004 1497 2035 et
1528 2013 1588 2036 eos
1617 2001 1654 2035 in

163 2053 461 2090 reedificationem
489 2060 524 2090 et
547 2055 628 2090 usus
651 2055 852 2103 hujusmodi
876 2055 1159 2091 convertendum
1182 2068 1246 2103 per
1268 2069 1332 2091 vos
1355 2056 1516 2104 deputari
1543 2059 1653 2093 conti-

164 2110 256 2157 gerit
281 2111 381 2146 vobis
407 2112 451 2147 de
476 2112 627 2159 receptis
655 2118 691 2148 et
719 2112 966 2148 administratis
983 2125 1048 2161 per
1065 2126 1126 2148 eos
1145 2113 1297 2149 fideliter
1314 2114 1488 2149 rationem
1508 2120 1543 2150 et
1561 2128 1653 2150 conl-

163 2173 287 2214 putum
317 2168 419 2204 annis
445 2168 588 2216 fingulis
619 2170 768 2205 reddere
800 2175 989 2205 teneantur
1007 2189 1016 2198 ·
1044 2170 1147 2206 Nulli
1170 2184 1256 2218 ergo
1285 2176 1351 2206 etc·
1395 2171 1530 2207 Datum
1560 2172 1652 2220 apud

166 2224 279 2260 Ponte
298 2244 306 2253 ·
327 2245 336 2253 ·
356 2245 364 2253 ·
385 2245 394 2254 ·
416 2226 666 2262 Avinionenfis
693 2226 835 2263 diocesis
860 2227 997 2263 decimo
1016 2228 1141 2275 quinto
1162 2228 1341 2264 Kalendas
1354 2228 1454 2265 Junii
1472 2229 1652 2277 pontifica-

163 2288 219 2316 tus
236 2281 341 2317 nostri
360 2296 454 2331 anuo
473 2284 579 2319 tertio
599 2290 665 2319 etc·
