1912 2660
717 87 882 125 INDEX
911 90 1187 128 NOMINUM.
1659 98 1694 131 iii

205 187 273 220 Bell,
285 184 426 215 Johannes
443 183 507 210 174.

205 224 346 258 Ber-nardi,
360 222 501 251 ,Iohannes
516 222 563 249 94.

205 266 317 297 Berton,
343 263 482 290 Robertus
502 260 553 299 (de
569 261 798 301 Overberntoun)
820 263 895 302 (the-

242 301 392 339 saurarius)
405 301 472 332 416,
487 301 555 328 418.

203 342 322 375 Berwic,
333 341 425 369 Adam
440 340 475 367 de
489 340 556 367 289.

332 379 474 408 ,Iohannes
489 379 523 406 de
541 379 605 412 121,
621 380 688 407 275.

333 418 490 446 Willelmus
505 418 539 446 de
554 419 621 446 289.

204 459 275 492 Bini,
291 458 418 486 Andreas
433 457 468 485 de
480 458 527 484 94.

203 497 338 530 Blacater,
354 496 454 533 Egidia
473 496 586 535 (sponsa.
602 498 638 524 A.
655 496 812 534 Cummyn)
827 497 895 524 415.

202 537 287 570 Blair,
302 536 463 564 Alexander
477 536 511 563 de
526 536 573 569 59,
589 536 657 569 403,
672 536 739 569 412,
755 536 822 563 420.

299 575 440 604 Johannes
454 575 521 607 404,
536 575 603 602 414.

201 631 278 637 —
299 613 421 642 Thomas
436 614 471 641 de
485 615 533 642 69.

300 653 459 680 Willelmus
474 654 509 681 de
524 654 571 680 68.

201 693 294 730 Blary,
310 692 446 720 Maliseus
461 692 495 720 de
509 693 577 719 212.

201 732 300 769 Blayk,
316 731 418 770 (Blae)
433 731 575 759 Johannes
589 732 656 765 312,
671 731 737 758 314.

201 772 330 804 Boecius,
346 770 455 798 Hector
469 771 536 798 374.

200 811 290 847 Bogy,
306 810 400 838 David
414 810 481 837 415.

200 849 322 883 Bonche,
338 848 501 886 (Bounche)
516 848 657 877 Johannes
673 850 739 884 395,
756 852 822 878 403.

199 889 300 921 Boner‚
315 888 456 916 ,lohannes
475 889 539 915 153.

278 944 302 948 ---
318 927 440 954 Thomas
457 927 521 959 157,
537 928 605 954 326.

199 967 296 999 Bosco,
314 967 440 994 Andreas
455 967 489 994 de
504 967 571 993 368.

278 1005 472 1033 —-Willelmus
495 1005 529 1032 de
552 1006 682 1043 (clericus
704 1006 790 1043 regis)
815 1010 892 1044 (can-

355 1044 480 1072 cellarius
497 1045 583 1081 regis)
601 1045 645 1078 15,
664 1046 707 1079 18,
727 1046 770 1079 19,
786 1047 853 1073 251.

199 1083 350 1120 BothwylL
366 1082 507 1111 ,Iohannes
522 1083 556 1110 de
575 1084 638 1111 176.

198 1123 296 1156 Bourt‚
310 1122 453 1151 Johannes
464 1124 568 1160 (rector
583 1123 617 1150 de
633 1123 735 1160 Moye)
750 1124 816 1150 399.

199 1162 297 1199 Bowy,
314 1162 441 1189 Andreas
455 1162 525 1188 395.

198 1201 288 1238 Boyn,
304 1202 431 1228 Andreas
446 1201 513 1233 418,
529 1201 595 1227 419.

199 1240 309 1278 Boyuil,
325 1240 482 1267 Willelmus
497 1239 565 1267 369.

198 1280 338 1312 Brabiner,
354 1279 477 1307 Thomas
491 1279 558 1311 402,
570 1280 638 1306 406.

315 1335 339 1340 --
353 1318 511 1346 Willelmus
526 1318 594 1351 401,
609 1319 677 1345 408.

198 1357 389 1388 Bradhouche,
419 1357 563 1385 Gilbertus
594 1358 629 1385 de
664 1357 829 1396 (canonicus
859 1359 892 1385 (18

237 1396 358 1434 Duffus)
373 1397 421 1429 89,
435 1396 483 1429 97,
500 1396 566 1424 133.

198 1436 307 1469 Bradie,
323 1436 458 1464 Gawinus
473 1436 540 1463 229.

198 1475 333 1509 Branach,
346 1475 486 1503 walterus
496 1476 530 1502 de
540 1475 713 1513 (capellanus
725 1476 813 1513 regis)
825 1477 891 1503 304.

315 1531 326 1537 -
348 1515 386 1541 A.
401 1515 436 1541 (18
454 1514 516 1541 135.

198 1553 330 1587 Branflet,
346 1553 505 1581 Willelmus
519 1553 555 1581 de
569 1554 615 1581 49.

198 1591 358 1630 Braytoftis‚
375 1593 461 1629 Hugo
476 1593 510 1620 de
525 1593 591 1620 276.

197 1631 389 1660 Brechinenfis
404 1631 550 1669 epist-opus
564 1633 612 1666 39,
624 1633 671 1659 40.

404 1710 542 1747 Georgius
558 1710 624 1738 229.

408 1749 550 1786 Turpinus
566 1750 593 1782 7,
608 1751 655 1777 37.

406 1788 542 1816 Patricius
559 1789 771 1828 (cancellarius)
787 1792 854 1821 319.

407 1827 520 1856 Samson
536 1829 563 1855 4.

197 1866 328 1899 Brenhat,
345 1866 438 1894 Adam
453 1867 488 1894 (18
506 1868 570 1895 138.

198 1905 347 1939 Breuneth‚
363 1905 521 1943 (Byrneth)
533 1906 674 1935 Johannes
690 1907 724 1935 de
739 1908 805 1935 217.

363 1944 485 1972 Thomas
499 1946 566 1973 351.

364 1984 506 2011 XValterus
520 1985 554 2012 de
573 1986 636 2013 168.

363 2022 521 2051 Willelmus
536 2024 570 2051 de
586 2025 652 2058 217,
667 2025 734 2058 255,
752 2025 818 2052 284.

197 2062 314 2095 Bricius,
330 2061 409 2099 (vide
424 2062 610 2101 Moraviergfis
622 2064 679 2100 ep.)

325 2101 447 2129 decanus
461 2102 509 2135 38,
524 2103 572 2136 39,
592 2104 655 2130 131.

325 2140 441 2178 persona
458 2142 502 2168 12.

197 2178 332 2207 Bridanus
349 2180 456 2208 Breach
470 2181 535 2208 164.

345 2219 418 2247 filius
434 2219 555 2257 Fergufii
573 2221 637 2249 164.

1008 188 1145 215 Bridanus
1160 187 1291 216 MacDor
1307 190 1370 217 164.

1008 226 1110 254 Brodie
1118 226 1252 264 (Brothy)
1258 228 1291 255 de
1302 229 1409 264 eodem,
1420 231 1577 260 Alexander
1586 233 1620 260 de
1626 233 1692 260 403.

1007 282 1409 291 —-———-———-
1420 269 1439 297 J
1441 269 1559 299 ohannes
1566 271 1693 308 (thanus)

1455 310 1521 342 236,
1542 311 1608 343 238,
1628 311 1695 342 239,

1457 348 1523 381 240,
1537 349 1604 376 241.

1398 401 1408 406 -
1419 385 1559 414 Johannes
1570 388 1605 414 de
1619 388 1682 414 187.

1400 439 1411 444 -
1423 423 1543 451 Thomas
1558 426 1592 452 de
1606 426 1673 453 323.

1263 460 1423 489 Alexander
1442 462 1514 490 filius
1536 463 1642 491 Thome
1661 465 1695 491 de

1259 538 1403 567 Johannes
1429 539 1502 567 filius
1530 539 1636 568 Thome
1662 540 1696 568 de

1301 579 1370 606 323.

1007 615 1119 648 Bmwn,
1135 616 1263 643 Andreas
1279 617 1345 645 406.

1138 654 1323 683 Archibaldus
1338 656 1404 690 396,
1419 657 1487 689 411,
1502 657 1569 684 412.

1137 694 1260 722 Jacobus
1275 695 1342 722 417.

1138 732 1262 761 Michael
1277 734 1345 761 370.

1136 771 1259 800 Thomas
1273 773 1340 800 229.

1008 810 1093 843 Brun,
1110 811 1194 838 Anne
1209 812 1276 839 314.

1007 849 1110 882 Brune,
1124 849 1266 878 Johannes
1281 851 1347 879 200.

1006 888 1155 925 Brydinus,
1171 889 1289 917 vicarius
1301 889 1379 917 Tene
1390 891 1437 918 82.

1006 927 1118 964 Brydie,
1133 927 1256 956 Thomas
1270 928 1337 956 406.

1006 966 1087 1003 Brys,
1103 966 1148 994 W.
1164 967 1198 995 de
1217 968 1280 994 183.

1007 1005 1130 1039 Buchan,
1147 1005 1308 1034 Alexander
1328 1016 1421 1034 comes
1438 1007 1473 1035 de
1492 1008 1559 1034 320.
1601 1006 1635 1033 V.
1649 1007 1697 1035 Se-

1181 1045 1325 1073 nescallus.

1142 1083 1265 1112 Jacobus
1279 1094 1373 1112 comes
1387 1085 1422 1112 de
1436 1085 1503 1118 236,
1513 1085 1580 1113 248.

1143 1123 1299 1151 Willelmus
1323 1133 1416 1151 comes
1437 1125 1472 1151 de
1494 1124 1697 1162 (justiciarius)

1184 1163 1229 1195 18,
1242 1164 1288 1195 25,
1303 1163 1351 1190 61.

1006 1200 1078 1233 Bull,
1094 1200 1216 1229 Thomas
1228 1202 1294 1229 229.

1006 1239 1100 1276 Bully,
1114 1240 1255 1268 Johannes
1267 1241 1334 1268 325.

1007 1279 1072 1311 Bur,
1096 1279 1189 1307 Adam
1202 1279 1318 1316 persona
1331 1280 1366 1308 de
1381 1280 1543 1316 Kincardyn
1554 1280 1601 1307 82.

1099 1318 1259 1346 Alexander
1270 1319 1492 1353 (archidiaconus
1502 1319 1696 1355 Moravienfis)

1137 1358 1204 1391 302,
1219 1358 1287 1392 311,
1303 1358 1371 1386 368.

1004 1414 1082 1419 --—
1097 1396 1194 1424 Simon
1208 1397 1276 1424 314.

1098 1435 1221 1463 Thomas
1236 1437 1303 1463 326.

1006 1474 1110 1513 Bufby,
1126 1475 1285 1502 Willelmus
1301 1475 1335 1503 de
1350 1476 1416 1503 352.

1006 1514 1119 1551 Byseth,
1131 1513 1240 1552 (Bima,
1252 1514 1345 1548 Busa,
1358 1514 1449 1553 Biset)
1466 1515 1615 1543 Anselmus
1629 1516 1696 1542 333.

1136 1553 1300 1591 Arnulphus
1317 1554 1361 1587 16,
1377 1555 1425 1581 60.

1134 1592 1275 1620 „Iohannes
1300 1593 1335 1621 de
1361 1593 1406 1626 15,
1431 1593 1479 1624 27,
1504 1593 1551 1626 59,
1577 1594 1623 1625 60,
1650 1593 1696 1626 77,

1174 1633 1221 1665 78,
1236 1632 1284 1665 82,
1299 1632 1346 1665 97,
1364 1633 1429 1665 123,
1447 1632 1512 1665 134,
1530 1632 1594 1664 135,
1609 1633 1676 1659 332.

1135 1671 1270 1699 Patricius
1282 1671 1333 1709 (de
1343 1670 1539 1709 Leffendrum)
1551 1671 1617 1704 246,
1630 1672 1696 1704 247,

1174 1710 1241 1743 248,
1256 1711 1323 1737 250.

1135 1749 1235 1777 Petrus
1248 1750 1316 1776 333.

1136 1788 1282 1825 Philippus
1296 1788 1364 1815 370.

1135 1827 1276 1855 Robertus
1294 1828 1359 1854 135.

1136 1867 1278 1895 Walterus
1293 1866 1339 1899 28,
1351 1867 1398 1899 30,
1410 1867 1457 1899 32,
1470 1867 1535 1900 123,
1550 1867 1614 1899 171,
1629 1867 1695 1894 320.

1007 1924 1122 1928 ——
1137 1906 1276 1934 Walterus
1288 1905 1339 1944 (de
1351 1905 1549 1944 Less'yndrom)
1564 1907 1627 1933 161.

1006 1963 1120 1970 -—-—-
1136 1945 1293 1973 Willelmus
1310 1945 1355 1979 16,
1370 1945 1417 1978 60,
1433 1945 1480 1978 77,
1491 1945 1537 1978 78,
1553 1946 1616 1978 122,
1631 1945 1693 1976 123,

1179 1985 1242 2018 171,
1258 1984 1326 2012 333.

1006 2102 1157 2136 Cadehow,
1172 2102 1331 2130 Willelmus
1345 2101 1379 2130 de
1393 2102 1462 2129 425.

1005 2143 1116 2175 Caldor,
1132 2141 1289 2178 (Caldure),
1302 2140 1448 2168 Donaldus
1456 2139 1573 2176 thaynus
1583 2138 1617 2166 de
1626 2138 1693 2165 218.

1133 2180 1274 2209 Johaunes
1289 2180 1332 2212 de,
1347 2179 1493 2207 canonicus
1508 2178 1573 2210 256,
1588 2178 1653 2207 457.

1005 2237 1121 2243 ——
1136 2219 1277 2248 Johannes
1291 2219 1356 2246 422.
