2060 2660
71 980 142 1016 159

563 189 668 226 REG
676 190 878 227 ISTRUM
907 192 1269 231 MORAVIENSE.
1590 200 1659 233 183

169 287 236 323 tuli
254 286 362 323 nostri
379 293 415 322 et
432 287 688 323 canonicorum
703 288 904 324 nostrorum
918 290 1226 339 subscriptionibus
1239 294 1456 341 presentibus
1469 295 1517 331 est
1533 308 1661 343 appen-

169 345 243 381 sum
259 365 267 373 ·
295 345 430 380 Datum
450 345 546 393 apud
564 346 752 381 canoniam
771 347 816 382 de
835 347 954 395 Elgyn
968 348 1006 383 in
1024 350 1187 385 moravia
1207 351 1313 385 ·xviii·
1332 351 1389 387 die
1406 351 1530 387 mensis
1546 352 1632 389 Julii
1652 371 1660 379 ·

168 416 263 439 anno
291 402 442 438 Domini
471 407 626 440 -co⁰·ccc⁰·
655 403 909 451 septuagesimo
941 406 1071 441 octavo
1099 426 1107 434 ·
1147 407 1226 454 Ego
1252 407 1432 443 Robertus
1459 409 1503 444 de
1531 409 1662 444 Sancto

167 460 276 496 Claro
294 460 450 496 decanus
467 460 699 497 moravienfis
717 461 892 498 subscribo
913 482 920 490 -
949 463 1029 511 Ego
1049 463 1094 499 W
1097 463 1250 500 illelmus
1277 465 1321 500 de
1342 465 1451 513 Spyni
1476 472 1663 513 precentor

167 516 396 555 moravienfis
422 518 596 554 subscribo
615 546 624 554 .
653 519 732 566 Ego
757 519 959 556 Willelmus
982 521 1027 557 de
1055 521 1264 558 Cheshelme
1289 522 1524 558 thesaurarius
1547 525 1663 559 <Dora-

166 574 290 611 vienfis
315 575 490 611 subscribo
515 595 523 604 -
556 576 636 624 Ego
665 576 735 612 ·W·
765 577 809 613 de
838 577 929 626 Brys
956 579 1174 615 subdecanus
1204 578 1434 617 moraviensis
1462 579 1634 615 subscribo
1654 600 1661 607 ·

169 634 247 681 Ego
265 633 449 670 Johannes
467 634 511 669 de
532 633 633 670 Arde
651 635 837 671 succentor
855 635 1085 673 moravienfis
1102 637 1277 673 subscribo
1296 657 1304 665 ·

170 806 377 842 Declaratio
395 807 492 854 quod
509 812 604 843 terre
620 807 783 856 Episcopi
798 807 1029 845 moravienfis
1043 808 1081 844 in
1094 809 1128 844 16
1143 808 1334 845 Badenach
1348 822 1422 844 non
1436 814 1604 845 tenentur
1623 810 1665 844 de

170 864 332 900 Domino
351 864 395 900 de
415 864 605 901 Badenach
626 885 634 892 ·

172 979 217 1015 In
235 979 307 1015 Dei
325 979 470 1015 nomine
488 992 593 1015 amen
613 999 621 1007 ·
649 980 831 1016 Noverint
857 980 1010 1017 universi
1036 981 1213 1029 presentes
1240 981 1373 1030 pariter
1390 986 1426 1017 et
1442 981 1555 1016 futuri
1572 982 1667 1028 quod

169 1050 264 1073 anno
289 1036 440 1073 Domini
467 1041 624 1074 ·m⁰·ccc⁰·
645 1038 862 1086 octogesimo
882 1059 890 1067 ·
910 1039 1109 1075 indictione
1127 1039 1233 1075 tertia
1252 1059 1260 1066 ·
1279 1037 1405 1075 menfis
1423 1038 1594 1075 octobris
1613 1040 1668 1075 die

168 1095 358 1131 undecima
376 1115 385 1123 ·
405 1095 632 1143 pontificatus
652 1096 788 1132 domini
808 1096 1005 1133 Clementis
1027 1097 1149 1133 divina
1169 1096 1395 1145 providentia
1419 1109 1509 1145 pape
1534 1096 1670 1145 septimi

167 1165 262 1188 anno
277 1153 431 1189 secundo
446 1173 455 1181 ·
470 1159 645 1202 regnante
663 1160 750 1190 tunc
768 1155 807 1190 in
826 1155 946 1191 Scotia
964 1155 1153 1191 excellenti
1171 1155 1330 1203 principe
1345 1154 1491 1190 domino
1508 1154 1669 1190 Roberto

167 1210 355 1247 Senescalli
373 1211 497 1248 eadem
511 1213 739 1260 providentia
755 1212 857 1260 Rege
877 1213 1068 1249 Scotorum
1086 1212 1240 1248 secundo
1260 1217 1296 1248 et
1314 1212 1416 1260 regni
1434 1212 1485 1247 sui
1502 1225 1597 1248 anno
1612 1212 1670 1248 de-

166 1269 259 1304 cimo
275 1288 283 1297 ·
303 1268 428 1305 illustri
445 1270 524 1305 viro
545 1271 692 1306 domino
712 1270 925 1306 Alexandro
944 1270 1131 1306 Senescalli
1149 1270 1296 1305 domino
1315 1270 1359 1305 de
1374 1269 1565 1306 Badenach
1583 1270 1669 1305 dieti

166 1326 303 1362 domini
320 1327 430 1362 nostri
449 1327 560 1376 Regis
578 1328 652 1363 filio
671 1333 707 1364 et
720 1326 824 1376 ipfius
842 1328 1109 1364 locumtenente
1126 1327 1165 1362 in
1181 1327 1382 1363 borealibus
1395 1327 1554 1375 partibus
1568 1327 1670 1374 regni

165 1390 311 1420 tenente
336 1385 469 1421 curiam
493 1386 589 1421 suam
613 1386 708 1434 apud
730 1385 858 1421 stantes
881 1386 1015 1434 lapides
1040 1386 1083 1421 de
1106 1385 1206 1421 Ester
1226 1385 1405 1433 Kyngucy
1423 1385 1459 1419 in
1479 1384 1669 1420 Badenach

166 1442 396 1479 moravienfis
415 1443 603 1491 dyoceseos
618 1463 626 1471 ·
647 1449 683 1479 et
701 1443 843 1479 sedente
860 1449 902 1479 ut
920 1443 1066 1479 domino
1085 1443 1179 1479 inter
1192 1442 1351 1479 vafl'allos
1364 1442 1443 1478 suos
1461 1448 1497 1478 et
1514 1442 1669 1478 subditos

166 1500 210 1535 ad
232 1500 317 1547 jura
345 1501 528 1536 reddenda
555 1507 595 1537 ut
624 1502 807 1537 dicebatur
827 1522 835 1530 ·
857 1500 1087 1538 affistentibus
1109 1500 1169 1537 fibi
1191 1500 1303 1536 nobili
1325 1501 1404 1536 viro
1423 1500 1606 1536 Willelmo
1624 1500 1668 1535 de

167 1558 321 1594 Camera
338 1558 468 1594 clerico
481 1559 673 1607 justiciarie
689 1559 824 1595 domini
838 1559 946 1595 nostri
962 1559 1073 1607 Regis
1087 1558 1274 1595 secretario
1292 1558 1387 1594 illius
1405 1558 1542 1593 domini
1558 1556 1669 1594 Alex-

167 1616 271 1651 andri
285 1621 320 1651 et
334 1614 512 1664 sigillifero
533 1637 541 1645 ·
561 1617 714 1652 dominis
734 1617 945 1653 Alexandro
960 1619 1047 1654 man
1063 1623 1098 1653 et
1113 1616 1272 1654 martino
1287 1616 1331 1652 de
1346 1615 1481 1652 Caldor
1497 1614 1670 1651 Roffenfis

167 1672 309 1709 ecclefie
328 1674 581 1710 archidiacono
600 1680 636 1710 et
653 1675 866 1711 cancellario
883 1695 890 1703 ·
913 1675 1076 1711 Roberto
1095 1675 1139 1710 de
1158 1670 1346 1723 Apyltoun
1366 1671 1532 1721 burgenfi
1550 1673 1594 1709 de
1612 1674 1671 1709 In-

168 1744 299 1779 uernys
318 1737 354 1767 et
371 1731 448 1767 aliis
467 1732 582 1768 citatis
604 1746 668 1781 per
685 1733 889 1769 Johannem
909 1732 1011 1782 Gray
1027 1733 1169 1781 laycum
1193 1745 1333 1768 marum
1352 1732 1396 1767 de
1416 1731 1606 1767 Badenach
1624 1732 1670 1767 ad

168 1789 257 1837 ipsos
276 1789 370 1825 diem
393 1795 430 1826 et
451 1790 570 1826 locum
596 1790 912 1827 liberetenentibus
934 1791 978 1826 de
997 1790 1190 1826 Badenach
1217 1795 1253 1826 et
1276 1789 1352 1825 aliis
1378 1789 1488 1825 sthas
1515 1789 1669 1837 sequelas

129 1853 132 1855 ’
168 1847 462 1895 comparitionem
482 1848 540 1884 vel
561 1849 702 1884 servitia
719 1849 816 1884 curie
835 1849 1030 1897 regalitatis
1049 1848 1093 1884 de
1112 1847 1304 1883 Badenach
1323 1847 1556 1896 [debentibus
1574 1845 1671 1894 affig-

168 1904 292 1950 natos]
314 1918 378 1953 per
399 1905 521 1941 literas
543 1905 646 1954 ipsius
669 1906 804 1942 domini
825 1906 1025 1942 Alexandri
1043 1906 1087 1942 de
1104 1910 1273 1955 precepto
1289 1924 1298 1933 ·
1316 1918 1466 1953 quarum
1486 1905 1669 1940 literarum

167 1968 272 1998 tenor
291 1963 334 1999 de
353 1963 463 1999 verbo
481 1964 525 1999 ad
545 1964 692 1999 verbum
709 1964 865 2011 sequitur
880 1969 915 2000 et
929 1963 977 2000 est
990 1964 1069 2000 talis
1084 1983 1093 1992 ·
1131 1963 1341 2000 Alexander
1357 1962 1545 1999 Senescalli
1559 1962 1668 1998 domi-

167 2033 234 2056 nus
248 2020 292 2056 de
306 2021 340 2057 le
353 2021 543 2057 Badenach
559 2022 692 2057 dilecto
707 2021 825 2057 nostro
838 2022 862 2059 J
864 2022 997 2058 ohanni
1009 2021 1112 2071 Gray
1125 2021 1272 2057 salutem
1285 2041 1294 2049 ·
1321 2021 1417 2057 Scias
1430 2033 1496 2056 nos
1508 2019 1574 2056 tibi
1587 2033 1668 2056 con-

166 2077 293 2114 cessiffe
310 2079 451 2127 plenam
471 2079 679 2125 potestatem
698 2080 743 2115 ad
762 2080 944 2115 citandum
968 2093 1092 2116 omnes
1111 2085 1147 2116 et
1164 2078 1319 2127 fingulos
1338 2083 1501 2115 tenentes
1524 2078 1585 2126 qui
1609 2078 1668 2113 ali-

165 2149 271 2183 quam
290 2143 422 2172 terram
441 2143 567 2173 tenent
585 2138 677 2173 infra
694 2143 806 2173 metas
824 2137 941 2174 nostre
959 2138 1155 2186 regalitatis
1173 2138 1217 2174 de
1232 2137 1424 2173 Badenach
1440 2156 1448 2164 ·
1468 2136 1587 2172 dando
1604 2136 1666 2171 tibi

168 2193 314 2239 speciale
334 2195 541 2230 mandatum
561 2208 625 2241 per
643 2195 822 2241 presentes
840 2196 876 2231 in
889 2194 1060 2242 premiffis
1074 2201 1110 2232 et
1123 2200 1241 2231 ratum
1255 2194 1419 2230 habendo
1433 2193 1598 2242 quicquid
1615 2192 1667 2228 su-

167 2263 230 2296 per
241 2252 410 2297 predictis
422 2253 579 2300 legitime
592 2253 735 2289 duxeris
746 2253 947 2289 faciendum
958 2273 966 2281 ·
979 2253 1076 2290 unde
1087 2253 1151 2289 tibi
1163 2252 1318 2292 distriGte
1329 2250 1557 2299 precipiendo
1570 2262 1665 2286 man-
