2060 2660
256 2054 303 2092 73

335 175 382 213 78
734 172 1051 209 REGISTRUM
1081 171 1444 208 MORAVIENSE.

339 327 425 364 Alia
443 328 486 364 de
505 328 631 364 eodem
647 348 654 357 ·

288 451 309 474 2
339 442 518 479 Omnibus
550 442 678 479 Christi
714 443 876 478 fidelibus
906 442 974 477 hoc
1005 441 1172 488 scriptum
1204 439 1328 475 visuris
1359 438 1416 474 vel
1448 439 1622 474 audituris
1656 439 1838 477 Johannes

338 500 466 548 Byseth
486 501 632 536 salutem
652 520 660 528 ·
676 501 858 535 Noveritis
876 497 1029 534 univerfi
1047 511 1104 532 me
1118 510 1183 545 pro
1202 497 1321 532 anima
1341 496 1451 543 Regis
1467 496 1638 532 Willelmi
1657 499 1836 544 quondam

338 557 527 593 Scotorum
544 577 551 586 ·
573 564 608 593 et
622 571 686 606 pro
701 558 809 592 salute
823 556 973 592 Domini
992 555 1061 590 mei
1080 555 1142 589 filii
1162 554 1237 602 ejus
1253 553 1453 588 Alexandri
1473 553 1614 588 illustris
1630 554 1740 602 Regis
1756 555 1837 591 Sco-

336 620 456 650 torum
475 634 484 643 ·
504 628 645 651 necnon
670 620 705 650 et
729 628 794 662 pro
813 614 922 649 salute
940 612 1140 647 animarum
1161 611 1417 646 antecefforum
1437 616 1473 646 et
1490 611 1723 647 succefl'orum
1742 625 1837 648 meo-

335 685 416 707 rum
433 691 440 700 ·
456 671 652 708 concesfiss'e
667 678 702 707 et
716 672 781 706 hac
796 671 946 719 presenti
961 675 1058 705 carta
1072 682 1151 704 mea
1165 668 1385 704 confirmasse
1400 668 1483 704 Deo
1503 674 1538 704 et
1557 668 1697 705 ecclefie
1714 670 1834 706 saneti

337 728 434 764 Petri
462 735 497 765 et
524 730 646 765 domui
674 729 890 777 leprosorum
917 728 961 763 de
982 727 1141 762 Rothfan
1165 732 1200 761 et
1218 726 1386 762 fratribus
1404 726 1536 762 ibidem
1556 727 1639 762 Deo
1657 728 1837 764 servienti-

335 786 400 822 bus
419 792 454 822 et
472 787 651 822 servituris
668 806 676 815 ·
696 787 733 821 in
752 799 876 834 puram
897 791 931 821 et
950 790 1157 833 perpetuam
1177 783 1403 820 elemosinam
1423 803 1431 812 ·
1451 783 1628 820 ecclesiam
1651 785 1695 820 de
1712 785 1836 834 Kylta-

335 844 461 892 larg-yn
479 857 561 880 cum
580 844 744 880 omnibus
762 844 985 892 pertinentiis
1008 842 1075 877 suis
1092 861 1100 869 ·
1122 842 1245 889 Atque
1264 842 1451 878 dominum
1472 842 1660 879 Andream
1680 845 1837 880 (Doravi-

334 901 451 937 ensem
470 901 670 950 episcopum
685 921 692 930 ·
705 902 749 937 ad
769 901 968 936 instantiam
988 906 1022 936 et
1041 900 1334 948 supplicationem
1354 913 1469 936 meam
1488 906 1595 948 atque
1608 900 1837 948 presentatio-

333 971 416 995 nem
435 977 444 986 ·
460 959 680 995 Willelmum
699 959 855 1007 priorem
875 959 970 994 diere
990 958 1117 993 domus
1139 958 1286 993 nomine
1305 958 1457 994 fratrum
1475 958 1618 994 suorum
1638 959 1682 993 ad
1700 959 1836 1006 predic-

333 1021 406 1051 tam
425 1015 602 1052 ecclesiam
622 1017 791 1052 canonice
809 1015 975 1051 admisisse
996 1035 1002 1043 ·
1026 1022 1062 1051 et
1080 1016 1230 1051 eandem
1250 1016 1379 1051 dedisse
1399 1021 1435 1052 et
1453 1014 1650 1052 conceflifl'e
1677 1022 1712 1051 et
1740 1022 1837 1052 carta

333 1073 393 1109 sua
414 1074 633 1110 confirmasse
651 1074 773 1110 domui
792 1074 1011 1122 leprosorum
1031 1074 1074 1109 de
1095 1073 1257 1109 Rothfan
1276 1079 1311 1109 et
1329 1073 1498 1109 fratribus
1517 1073 1647 1109 ibidem
1668 1074 1751 1109 Deo
1770 1074 1836 1110 ser-

332 1130 510 1167 vientibus
528 1138 562 1167 et
581 1132 760 1167 servituris
779 1133 815 1167 in
834 1145 959 1180 puram
985 1138 1021 1167 et
1047 1137 1257 1180 perpetuam
1282 1131 1509 1167 elemosinam
1535 1151 1543 1159 ·
1572 1131 1772 1167 habendam
1798 1132 1836 1166 in

330 1189 494 1236 proprios
512 1189 592 1224 usus
610 1190 655 1225 ad
674 1190 960 1226 sustentationem
979 1190 1075 1225 suam
1094 1191 1131 1225 in
1150 1195 1365 1238 perpetuum
1380 1209 1389 1218 ·
1409 1203 1491 1226 cum
1511 1190 1677 1225 omnibus
1694 1190 1740 1225 ad
1757 1202 1835 1226 eam

324 1243 416 1292 juste
443 1247 702 1293 pertinentibus
726 1248 763 1282 in
785 1248 889 1283 terris
914 1253 949 1283 et
973 1248 1119 1283 decimis
1142 1253 1178 1283 et
1200 1248 1439 1283 oblationibus
1467 1267 1475 1276 ·
1500 1247 1775 1284 obventionibus
1800 1254 1834 1282 et

331 1303 545 1338 omnimodis
571 1303 805 1340 ecclesiasticis
831 1305 1108 1341 re&itudinibus
1127 1325 1135 1333 ·
1156 1306 1266 1341 libere
1285 1325 1293 1334 ·
1313 1306 1474 1354 plenarie
1493 1325 1502 1334 ·
1522 1306 1641 1353 quiete
1665 1311 1701 1341 et
1723 1306 1835 1341 hono-

331 1360 427 1396 rifice
459 1380 467 1388 ·
502 1361 664 1397 Testibus
683 1362 830 1398 domino
851 1362 1001 1399 Andrea
1019 1364 1182 1412 episcopo
1215 1383 1223 1391 ·
1258 1363 1439 1412 Freskyno
1465 1364 1601 1400 decano
1633 1383 1641 1391 ·
1674 1363 1834 1411 Hugone

332 1418 581 1454 archidiacono
601 1420 815 1456 moraviensi
834 1440 842 1448 ·
865 1420 1028 1457 Heni-ico
1054 1422 1190 1457 decano
1210 1420 1370 1457 Roffenii
1389 1427 1424 1457 et
1442 1422 1575 1458 vicario
1594 1422 1638 1457 de
1657 1421 1834 1456 Dulbath-

331 1475 409 1511 lach
437 1496 445 1503 ·
474 1476 635 1513 Henrico
655 1478 838 1526 capellano
857 1492 938 1514 meo
962 1499 970 1507 ·
991 1479 1047 1514 W·
1070 1479 1179 1515 fratre
1198 1492 1278 1515 meo
1312 1499 1320 1507 ·
1353 1480 1497 1516 Thoma
1517 1479 1683 1516 hostiario
1701 1480 1833 1515 vicario

332 1533 376 1568 de
395 1533 572 1581 Inuernys
598 1553 606 1562 ·
637 1535 795 1572 Waltero
816 1536 926 1572 Prath
946 1537 1077 1573 vicario
1097 1538 1141 1573 de
1162 1538 1398 1573 quernarrin
1426 1558 1434 1566 ·
1461 1538 1619 1574 Ricardo
1639 1538 1771 1573 vicario
1790 1538 1834 1572 de

333 1589 466 1638 Forays
479 1610 487 1618 ·
502 1591 713 1628 Alexandro
731 1594 864 1630 vicario
884 1595 927 1630 de
943 1595 1061 1644 Elgyn
1078 1615 1086 1623 ·
1104 1595 1154 1630 H·
1168 1595 1327 1631 Corbeth
1344 1615 1352 1623 ·
1371 1596 1526 1631 VVadino
1544 1595 1709 1632 scutifero
1729 1608 1809 1631 meo
1824 1615 1832 1622 ·

332 1653 368 1683 et
387 1649 507 1683 multis
525 1649 601 1685 aliis
626 1670 634 1678 ·
669 1651 807 1687 Aetum
827 1666 922 1688 anno
941 1654 1055 1700 gratie
1071 1654 1322 1691 ·co⁰·cc⁰·xxvi⁰·
1338 1655 1456 1690 mense
1474 1654 1585 1691 Junio
1606 1673 1613 1681 ·
1634 1654 1690 1689 die
1709 1652 1834 1689 menfis

334 1705 488 1753 ejusdem
508 1706 646 1743 decimo
664 1721 763 1744 nono
783 1729 791 1737 ·
811 1711 903 1758 apud
926 1711 1103 1760 Inuernys
1118 1731 1126 1739 ·

333 1878 456 1914 Litera
474 1879 663 1927 apostolica
676 1881 779 1929 super
796 1882 934 1930 injuriis
949 1884 1052 1920 illatis
1071 1892 1106 1921 et
1125 1886 1288 1934 dampnis
1302 1899 1366 1934 per
1381 1886 1501 1922 David
1518 1886 1561 1921 de
1577 1885 1830 1934 Strathbolgyn

333 1942 368 1971 et
388 1937 557 1983 quosdam
575 1937 662 1973 alios
678 1958 685 1966 ·

335 2050 512 2086 Omnibus
532 2052 659 2087 Christi
677 2053 839 2090 fidelibus
863 2057 907 2091 ad
934 2071 1023 2104 quos
1049 2059 1189 2106 presens
1217 2060 1422 2108 pervenerit
1443 2060 1645 2096 Herbertus
1664 2060 1735 2095 Dei
1753 2073 1831 2108 gra-

332 2108 382 2143 tia
400 2108 506 2144 abbas
521 2109 564 2145 de
581 2110 720 2158 Kynlos
739 2118 774 2147 et
788 2112 946 2149 Thomas
965 2116 1063 2162 prior
1082 2117 1125 2151 de
1145 2117 1310 2153 Urchard
1332 2124 1491 2154 eternam
1513 2118 1548 2152 in
1569 2118 1730 2152 Domino
1744 2118 1831 2154 salu-

334 2173 404 2201 tem
422 2186 429 2194 ·
444 2166 583 2202 Literas
597 2173 632 2202 et
647 2169 813 2205 mandata
827 2171 1082 2208 venerabilium
1097 2175 1256 2210 virorum
1278 2176 1429 2211 Abbatis
1444 2176 1487 2211 de
1503 2175 1601 2211 Dere
1617 2195 1624 2203 ·
1641 2176 1778 2211 Decani
1795 2182 1830 2212 et

336 2223 593 2260 Archidiaconi
614 2225 879 2274 Abyrdonenfis
895 2248 902 2256 ·
922 2231 1118 2277 recepimus
1137 2232 1173 2267 in
1192 2233 1257 2268 hee
1276 2234 1385 2269 verba
1399 2253 1407 2262 ·
1429 2233 1608 2268 Walterus
1627 2233 1697 2268 Dei
1716 2234 1831 2281 gratia

332 2281 437 2317 abbas
461 2282 505 2317 de
528 2282 606 2318 Der
634 2303 641 2311 -
669 2284 828 2332 magister
849 2285 1058 2323 Alexander
1083 2289 1237 2326 decanus
1261 2297 1296 2326 et
1321 2291 1534 2328 malcolmus
1560 2291 1829 2328 archidiaconus
