1912 2660
135 1457 180 1489 15

695 104 874 141 CARTE
902 106 1034 142 ORIG
1040 107 1240 144 INALES.
1636 114 1708 157 467

222 200 426 238 univerfitas
443 200 555 237 vestra
572 213 629 236 me
650 202 871 238 confirmafl'e
894 215 960 250 pro
977 216 1034 238 me
1053 208 1088 238 et
1104 204 1292 240 heredibus
1316 207 1403 242 meis
1428 208 1523 244 illam
1550 210 1708 246 donatio-

223 273 306 296 nem
326 271 431 307 quam
450 257 597 293 domina
614 259 784 295 muriella
801 264 914 294 mater
932 272 1011 294 mea
1034 260 1106 295 filia
1123 260 1334 297 Connewall
1360 264 1456 300 dedit
1482 272 1517 301 et
1543 267 1706 303 concessit

224 317 368 353 domino
387 315 571 350 Willelmo
597 315 641 351 de
668 316 832 352 moravia
857 316 931 351 filio
957 317 1093 352 domini
1119 317 1302 353 malcolmi
1325 319 1368 354 de
1389 323 1550 357 <Dor-avia
1570 330 1605 359 et
1624 325 1706 360 Ade

222 373 294 408 filie
321 372 417 408 dicte
448 371 591 407 domine
620 373 788 409 murielle
820 373 931 409 sorori
960 386 1039 409 mee
1069 379 1164 409 terre
1195 375 1238 410 de
1266 374 1487 412 Tulibarden
1515 379 1706 416 secundum

220 435 382 466 tenorem
408 434 505 464 carte
530 442 637 476 quam
661 430 778 465 dictus
804 431 969 466 dominus
987 431 1188 467 lVillelmus
1209 437 1245 467 et
1264 432 1347 468 Ada
1363 433 1460 468 soror
1478 447 1557 470 mea
1574 437 1703 473 habent

221 487 265 522 de
282 486 444 534 predicta
461 487 606 522 domina
623 487 796 523 Muriella
813 493 925 524 matre
944 501 1022 524 mea
1036 506 1045 516 ·
1074 489 1121 524 Et
1138 489 1183 523 ad
1202 489 1373 536 majorem
1390 490 1496 538 hujus
1515 492 1566 527 rei
1584 493 1706 528 securi-

220 548 329 579 tatem
353 543 506 579 fideliter
527 544 780 580 observandam
806 558 872 593 pro
895 558 952 581 me
976 551 1012 581 et
1036 546 1224 581 heredibus
1242 547 1328 582 meis
1345 552 1386 582 ut
1403 547 1467 583 hec
1486 561 1564 584 mea
1581 550 1706 585 confir-

219 600 328 636 matio
346 600 449 636 firma
465 607 671 648 permaneat
689 607 724 637 et
741 601 868 638 stabilis
890 603 1142 651 inperpetuum
1161 603 1243 638 huic
1261 603 1388 651 scripto
1414 603 1563 652 figillum
1590 619 1708 642 meum

219 658 363 706 apposui
389 663 425 694 et
448 658 486 693 in
512 658 617 706 plena
634 659 733 695 curia
750 660 886 695 domini
905 659 1034 695 Malifii
1052 660 1190 696 comitis
1209 660 1252 696 de
1272 661 1477 697 Stratheren
1495 667 1594 698 tenta
1611 664 1706 711 apud

219 715 395 763 Dunfally
413 715 470 751 die
488 717 614 753 martis
631 717 668 751 in
686 717 807 764 vigilia
825 717 999 753 Omnium
1026 718 1241 753 Sanetorum
1267 731 1362 754 anno
1388 719 1500 766 gratie
1525 719 1707 756 millefimo

220 771 458 808 ducentefimo
485 772 701 821 octogesimo
727 780 853 821 quarto
880 780 997 812 totum
1017 774 1079 823 jus
1102 788 1223 811 meum
1249 775 1293 811 de
1318 775 1414 811 dieta
1439 781 1534 811 terra
1560 777 1705 813 domino

220 829 402 865 Willelmo
428 830 473 866 de
492 831 655 867 moravia
675 836 712 867 et
731 830 814 867 Ade
841 832 952 867 sorori
980 845 1058 868 mee
1086 837 1122 868 et
1149 832 1338 868 heredibus
1363 833 1432 868 suis
1459 834 1709 881 inperpetuum

218 887 380 933 quietum
397 887 546 923 clamavi
564 907 573 916 ·
603 888 684 924 Hiis
701 888 844 924 testibus
862 908 871 917 ·
899 890 1057 937 dompno
1086 888 1245 937 Hugone
1272 890 1344 925 Dei
1371 890 1485 937 gratia
1511 891 1636 927 abbate
1664 892 1708 927 de

219 944 340 979 Insula
358 944 534 980 miffarum
550 964 558 973 ·
583 945 730 981 domino
749 945 834 981 Ada
852 946 896 982 de
914 946 1020 982 Blare
1039 946 1149 982 milite
1168 966 1177 974 ·
1207 947 1353 982 domino
1372 947 1548 983 Nicholao
1565 949 1707 984 rectore

219 1000 360 1036 ecclefie
379 1002 422 1036 de
442 1001 532 1037 Cref
545 1021 554 1030 ·
583 1002 747 1050 magistro
769 1003 924 1038 Ricardo
943 1004 987 1039 de
1006 1004 1184 1051 Strivelyn
1203 1023 1212 1031 ·
1246 1004 1406 1039 Roberto
1433 1004 1478 1040 de
1500 1004 1706 1041 Stratheren

216 1058 326 1094 fratre
355 1059 493 1094 comitis
517 1078 526 1087 ·
554 1060 735 1095 Duncano
767 1061 811 1096 de
841 1061 1048 1096 Buchfuder
1066 1081 1075 1089 ·
1108 1061 1301 1097 malcolmo
1332 1061 1375 1096 de
1404 1061 1677 1109 Glendochryth
1697 1082 1705 1090 ·

218 1115 349 1151 Colino
377 1116 452 1151 filio
484 1115 689 1164 Gilleglaffe
718 1136 727 1145 ·
756 1116 892 1154 malifio
919 1118 1049 1155 sschuf
1070 1138 1078 1146 ·
1112 1118 1232 1153 Alano
1257 1118 1301 1154 de
1329 1118 1482 1166 Kynbuc
1509 1137 1517 1146 ·
1549 1119 1704 1155 monach

217 1186 294 1208 mac
313 1173 412 1221 Alpy
430 1192 439 1201 ·
458 1179 494 1209 et
511 1174 632 1209 multis
650 1175 725 1209 aliis
744 1194 751 1202 -

218 1345 350 1387 Quieta
368 1345 532 1380 clamatio
550 1344 664 1381 marie
683 1344 806 1380 relicte
826 1344 981 1392 Eugenii
999 1363 1007 1372 ·

216 1458 394 1495 Omnibus
408 1457 537 1494 Christi
554 1457 717 1493 fidelibus
730 1458 797 1493 hoc
816 1457 982 1505 scriptum
995 1458 1117 1494 visuris
1136 1456 1236 1505 [vel]
1255 1457 1428 1493 audituris
1445 1459 1559 1495 (Daria
1575 1458 1701 1495 relicta

213 1517 395 1564 quondam
409 1515 561 1564 Eugenij
577 1515 638 1563 filij
655 1515 800 1563 Coning
818 1520 976 1551 eternam
994 1516 1031 1551 in
1046 1516 1205 1551 Domino
1220 1515 1365 1550 salutem
1380 1534 1388 1543 ·
1412 1514 1506 1551 Cum
1524 1528 1587 1563 per
1605 1529 1699 1551 mor-

213 1575 288 1610 sum
306 1573 509 1609 concieneie
527 1578 646 1609 mente
669 1577 705 1609 et
731 1572 849 1608 animo
876 1573 1110 1609 intellexerim
1128 1586 1185 1608 me
1203 1573 1240 1607 in
1258 1572 1415 1619 legitima
1432 1572 1603 1608 viduitate
1621 1585 1700 1608 mea

215 1631 438 1667 constitutam
455 1636 581 1666 contra
599 1630 721 1666 Deum
749 1636 785 1666 et
808 1629 982 1678 justiciam
1009 1631 1165 1678 graviter
1191 1629 1368 1677 deliquifl'e
1394 1628 1519 1677 injuste
1535 1630 1698 1665 vexando

214 1689 399 1724 dominum
430 1688 651 1723 VVillelmum
681 1688 725 1723 de
756 1688 917 1724 moravia
951 1688 1098 1723 militem
1134 1687 1246 1722 filium
1277 1686 1413 1722 domini
1443 1685 1625 1722 malcolmi
1654 1687 1698 1722 de

213 1746 376 1782 moravia
393 1745 514 1781 militis
532 1750 656 1781 contra
673 1744 800 1792 scripta
817 1750 853 1780 et
870 1745 1131 1781 convenciones
1148 1745 1242 1780 inter
1258 1743 1370 1792 ipsum
1396 1748 1432 1779 et
1456 1756 1514 1779 me
1537 1747 1698 1791 tempore

213 1802 301 1838 diffi
319 1802 472 1850 Eugenij
492 1803 609 1838 mariti
627 1802 697 1838 mei
715 1802 758 1837 de
776 1801 908 1837 affensu
926 1807 962 1837 et
978 1802 1146 1838 consensu
1163 1814 1244 1837 meo
1262 1801 1364 1848 super
1381 1800 1569 1835 medietate
1583 1800 1698 1835 orien-

211 1859 273 1895 tali
291 1860 405 1895 tocius
421 1860 506 1896 ville
525 1860 569 1895 de
587 1859 811 1907 Tulybardin
829 1859 1009 1895 confectas
1024 1878 1033 1887 ·
1051 1858 1208 1895 volendo
1225 1857 1365 1893 ratione
1383 1857 1471 1892 dicti
1488 1856 1611 1892 delicti
1628 1857 1697 1892 mei

209 1917 373 1965 predicto
392 1917 539 1952 domino
557 1916 739 1952 Willelmo
766 1921 801 1952 et
826 1916 894 1951 suis
922 1917 959 1951 in
986 1921 1087 1965 parte
1116 1915 1314 1951 satisfacere
1332 1934 1341 1943 ·
1372 1914 1455 1951 volo
1479 1919 1515 1949 et
1538 1914 1695 1949 concedo

210 1987 276 2022 pro
290 1987 347 2010 me
366 1979 401 2010 et
418 1974 606 2010 heredibus
623 1974 710 2009 meis
727 1986 868 2009 necnon
882 1978 918 2009 et
930 1974 1082 2022 presenti
1098 1973 1225 2021 scripto
1242 1985 1323 2008 meo
1340 1971 1513 2007 confirmo
1531 1971 1569 2006 in
1586 1971 1696 2006 libera

210 2031 380 2079 potestate
408 2032 590 2067 viduitatis
617 2045 696 2067 mee
724 2031 820 2079 quod
848 2031 966 2067 dictus
991 2031 1156 2067 dominus
1178 2030 1377 2066 Willelmus
1403 2029 1447 2065 de
1473 2028 1635 2065 moravia
1659 2032 1695 2063 et

210 2089 359 2125 heredes
376 2089 427 2125 sui
444 2089 503 2125 seu
520 2088 679 2137 affignati
696 2094 807 2125 totam
830 2088 1028 2136 predictam
1053 2088 1280 2125 medietatem
1306 2086 1514 2122 orientalem
1539 2090 1632 2120 terre
1650 2084 1694 2119 de

213 2146 438 2195 Tillibardyn
451 2147 712 2196 imperpetuum
730 2147 776 2182 ad
792 2146 1027 2183 feodifirmam
1040 2150 1186 2183 teneant
1199 2150 1235 2182 et
1248 2143 1442 2193 poflideant
1454 2162 1462 2172 ·
1483 2141 1691 2179 Tenendam
