2066 2780
588 148 903 186 REGISTRUM
931 148 1291 185 MORAVIENSE.
1632 153 1676 189 19

189 307 247 343 De
264 304 490 342 transsatione
508 305 596 341 sedis
614 304 832 353 episcopatus
846 323 855 332 ·

112 419 159 455 26
186 420 394 457 Alexander
420 419 493 455 Dei
518 420 633 467 gratia
657 420 738 455 Rex
765 419 970 455 Scottorum
995 418 1169 466 Episcopo
1196 415 1384 453 Catanenfi
1414 421 1450 452 et
1478 416 1610 453 Abbati
1634 419 1677 454 de

187 478 325 526 Kynlos
343 483 378 513 et
396 478 546 513 Decano
566 478 610 513 de
629 477 855 525 Rosmarkyn
873 477 1012 512 dilectis
1030 481 1066 511 et
1083 474 1246 510 fidelibus
1264 474 1331 509 suis
1348 474 1496 510 salutem
1541 494 1549 502 ·
1604 475 1679 511 No-

183 535 305 571 veritis
331 535 427 582 quod
453 535 607 570 multum
633 535 839 570 affefifflmus
865 539 906 569 ut
932 532 1112 569 transsatio
1135 532 1197 567 fiat
1219 532 1263 567 de
1285 530 1427 568 ecclefia
1446 532 1534 567 sedis
1552 533 1679 580 episco-

183 597 286 641 patus
299 591 529 629 CDoravienfis
543 593 587 627 ad
602 592 779 639 quendam
794 592 913 627 locum
926 591 1032 638 juxta
1047 590 1165 638 Elgyn
1179 603 1284 637 quem
1300 589 1473 637 Episcopo
1492 595 1528 625 et
1545 590 1680 626 clericis

183 648 461 687 moravienfibus
478 650 524 685 ad
541 648 720 685 ecclefiam
737 649 835 684 illam
853 649 1015 684 dedimus
1030 647 1303 683 construendam
1315 666 1324 674 ·
1339 652 1374 682 et
1388 647 1581 695 plurimum
1597 646 1680 683 defi-

184 707 348 743 deramus
375 712 416 742 ut
443 708 512 742 hoc
541 706 667 742 nostris
694 707 756 742 fiat
781 706 1001 755 temporibus
1020 725 1028 733 -
1056 705 1165 741 Unde
1182 704 1282 739 vobis
1306 704 1516 740 mandamus
1543 709 1579 740 et
1603 718 1680 754 pre-

184 777 307 800 camur
336 765 502 812 quatinus
532 762 758 800 confideratis
786 777 855 811 que
886 762 1140 799 confideranda
1170 762 1250 797 sunt
1281 762 1324 797 de
1359 760 1586 798 transsatione
1620 762 1681 798 illa

183 821 344 857 facienda
356 822 461 870 juxta
478 822 628 857 formam
652 822 811 857 mandati
838 821 1018 869 apostolici
1042 820 1126 855 inde
1148 819 1346 867 operemini
1366 819 1559 855 secundum
1583 820 1680 868 quod

185 879 310 915 melius
328 885 364 915 et
381 879 557 915 honestius
575 879 734 915 videritis
759 879 927 927 expedire
954 898 963 906 ·
992 877 1155 914 Testibus
1174 877 1356 912 Willelmo
1377 876 1539 925 episcopo
1559 877 1681 913 Sanfifi

187 936 334 972 Andree
359 956 367 964 ·
388 937 569 972 Willelmo
588 937 631 972 de
650 937 762 972 Bosco
781 935 993 972 cancellario
1015 954 1024 963 ·
1044 934 1157 983 Apud
1175 934 1411 982 OEulkylburg
1428 948 1473 971 ·v·
1493 935 1550 971 die
1567 935 1591 971 J
1594 935 1653 984 ulij
1671 954 1679 962 ·

187 993 298 1029 Anno
317 994 453 1029 domini
473 994 584 1042 Regis
603 999 662 1029 ·x⁰·

187 1164 404 1214 Compofitio
422 1165 516 1201 inter
535 1165 596 1201 ·A·
616 1165 829 1213 Episcopum
848 1170 883 1200 et
903 1164 1105 1201 Robertum
1124 1165 1271 1212 Fyndoc
1287 1184 1296 1192 ·

110 1284 158 1323 27
185 1279 365 1315 Noverint
388 1292 511 1314 omnes
536 1279 604 1314 hoc
630 1279 797 1327 scriptum
820 1279 927 1314 visuri
950 1279 1008 1314 vel
1034 1278 1191 1314 audituri
1213 1279 1311 1325 quod
1333 1291 1415 1314 cum
1437 1278 1520 1314 effet
1537 1286 1679 1317 contro-

184 1335 293 1372 verfia
310 1341 409 1371 mota
426 1337 519 1371 inter
538 1336 725 1371 Andream
743 1336 944 1384 episcopum
964 1336 1125 1372 moravie
1144 1349 1189 1371 ex
1206 1348 1278 1370 una
1294 1341 1395 1383 parte
1419 1341 1455 1372 et
1478 1336 1679 1374 Robertum

185 1393 332 1442 Fyndoc
347 1407 391 1429 ex
404 1394 515 1429 altera
534 1413 542 1421 ·
557 1393 660 1441 super
673 1398 804 1428 terram
817 1406 920 1440 quam
934 1393 1117 1441 prediGtus
1132 1393 1190 1427 ·R·
1203 1392 1355 1428 habebat
1368 1406 1412 1428 ex
1425 1399 1525 1441 parte
1539 1394 1680 1431 australi

184 1451 228 1486 de
246 1451 386 1498 Loscyn
403 1470 411 1479 ·
431 1464 537 1497 quam
555 1451 737 1498 predifflms
755 1451 936 1498 episcopus
955 1450 1094 1485 dicebat
1111 1450 1289 1498 pertinere
1307 1450 1352 1485 ad
1370 1456 1501 1486 terram
1520 1451 1616 1487 suam
1634 1453 1679 1489 de

184 1507 407 1556 Tulibardyn
435 1527 443 1535 ·
472 1513 508 1543 et
531 1521 636 1555 quam
660 1508 843 1555 predifims
866 1508 925 1542 ·R·
951 1508 1089 1543 dicebat
1111 1508 1289 1555 pertinere
1307 1507 1353 1542 ad
1370 1513 1502 1543 terram
1520 1509 1616 1544 suam
1635 1511 1679 1546 de

187 1565 332 1613 Kelleys
351 1584 360 1592 ·
379 1578 484 1612 quam
503 1565 646 1612 quidem
667 1565 812 1612 Kelleys
833 1565 977 1613 tenebat
1000 1570 1168 1612 tanquam
1192 1565 1465 1600 feodifirmarius
1489 1566 1533 1601 de
1555 1566 1678 1603 Domo

184 1622 256 1657 Dei
274 1623 318 1657 de
333 1622 452 1670 Elgyn
467 1641 475 1649 ·
491 1627 526 1657 et
542 1635 648 1669 quam
666 1622 848 1669 prediGtus
863 1622 1054 1670 Episcopus
1072 1627 1256 1669 acceperat
1274 1622 1318 1657 de
1335 1622 1497 1670 predi&a
1514 1623 1622 1659 domo
1640 1625 1679 1660 in

184 1679 395 1715 escambium
418 1685 513 1714 terre
539 1679 749 1727 pertinentis
776 1680 820 1714 ad
843 1678 1020 1715 ecclefiam
1041 1680 1085 1714 de
1103 1679 1266 1715 munben
1294 1698 1303 1707 ·
1332 1679 1426 1715 salva
1452 1685 1579 1716 tenura
1601 1695 1679 1730 pre-

107 1774 109 1777 .
184 1736 272 1772 (116ὶί
301 1736 360 1771 ·R-
390 1742 425 1772 et
452 1737 625 1772 heredum
654 1736 797 1772 suorum
824 1737 986 1772 habenda
1011 1735 1071 1772 fibi
1100 1741 1135 1772 et
1158 1736 1348 1772 heredibus
1374 1737 1442 1772 suis
1465 1742 1501 1773 et
1522 1739 1679 1774 tenenda

185 1793 229 1829 de
243 1794 406 1842 predifflzo
422 1794 596 1842 Episcopo
615 1799 650 1829 et
668 1793 915 1829 successoribus
932 1794 1000 1829 suis
1016 1794 1054 1828 in
1071 1799 1282 1842 perpetuum
1299 1813 1307 1822 ·
1324 1794 1381 1829 Ita
1398 1795 1566 1831 convenit
1584 1796 1678 1832 inter

185 1863 244 1886 eos
266 1851 497 1886 amicabiliter
519 1851 563 1886 de
589 1850 732 1886 confilio
760 1856 795 1886 et
821 1851 989 1886 consensu
1015 1851 1160 1899 capituli
1188 1869 1196 1879 ·
1225 1851 1356 1887 scilicet
1378 1853 1474 1899 quod
1495 1853 1678 1901 predififfls

185 1908 244 1943 ·R·
262 1908 418 1955 quietam
436 1908 601 1944 clamavit
618 1921 684 1956 pro
707 1908 740 1944 se
764 1913 800 1943 et
822 1908 1010 1943 heredibus
1033 1908 1101 1943 suis
1123 1909 1287 1956 prediGto
1306 1909 1479 1958 Episcopo
1498 1915 1533 1945 et
1550 1911 1678 1946 succes-

184 1965 316 2001 soribus
342 1965 411 2001 suis
438 1966 476 2000 in
503 1971 713 2014 perpetuum
741 1970 854 2001 totam
882 1970 1014 2001 terram
1040 1966 1238 2014 predi&am
1264 1979 1370 2014 quam
1392 1968 1535 2015 petebat
1559 1968 1676 2003 diestus

186 2022 376 2071 Episcopus
400 2036 444 2059 ex
467 2022 606 2058 australi
628 2028 727 2070 parte
752 2023 795 2058 de
817 2022 947 2071 Lofl'yn
978 2042 987 2051 ·
1015 2029 1050 2059 et
1067 2028 1229 2071 preterea
1245 2029 1358 2059 totam
1376 2029 1508 2060 terram
1527 2025 1571 2061 de
1592 2025 1677 2061 Kel-

184 2079 257 2128 leys
273 2092 338 2128 per
350 2081 467 2116 re&as
485 2080 609 2115 divisas
626 2080 703 2115 suas
722 2085 757 2115 et
774 2093 856 2115 cum
875 2080 1039 2116 omnibus
1051 2080 1152 2129 justis
1169 2081 1393 2130 pertinentijs
1411 2082 1478 2117 suis
1505 2101 1514 2110 ·
1542 2082 1675 2118 Diebus

186 2149 270 2172 vero
289 2137 481 2185 Episcopus
498 2150 563 2185 pro
581 2138 647 2173 hac
664 2138 783 2184 quieta
800 2137 1011 2174 clamatione
1034 2157 1043 2166 ·
1067 2138 1111 2174 de
1129 2137 1273 2174 confilio
1291 2144 1327 2174 et
1345 2139 1512 2175 consensu
1530 2139 1674 2187 capituli

184 2192 235 2228 sui
263 2212 271 2221 ·
301 2194 399 2230 dedit
424 2200 459 2230 et
485 2193 650 2230 conceffit
672 2200 708 2230 et
729 2208 793 2242 per
814 2195 905 2230 hanc
927 2195 1134 2243 scripturam
1155 2196 1333 2245 publicam
1355 2196 1578 2232 confirmavit
1596 2209 1673 2243 pre-

187 2249 285 2286 dieto
313 2251 372 2287 ·R·
400 2257 435 2287 et
460 2252 649 2288 heredibus
676 2252 745 2288 suis
774 2252 812 2287 in
838 2258 1050 2301 perpetuum
1078 2253 1175 2289 illam
1204 2253 1386 2289 dimidiam
1414 2253 1549 2289 dauach
1579 2258 1672 2289 terre
