2060 2660
316 172 384 203 1012
709 163 1023 200 REGISTRUM
1054 159 1415 198 MORAVIENSE.

315 263 456 301 ecclesia
473 265 517 301 de
536 264 702 301 Urchard
725 263 964 299 habitantibus
983 263 1019 297 in
1037 267 1132 297 terra
1151 260 1194 295 de
1213 259 1311 295 (Dest'
1336 277 1344 285 ·
1373 257 1417 292 de
1442 255 1548 302 Inays
1575 274 1583 282 ·
1615 254 1782 291 Sallelcot
1801 275 1809 283 ·

317 324 395 370 Byn
414 328 449 359 et
467 322 672 358 Garmauch
693 322 813 357 divina
832 326 866 356 et
885 318 1109 356 ecclesiastica
1126 318 1342 352 sacramenta
1366 312 1487 349 omnia
1510 311 1728 349 ministrante
1754 314 1811 349 de-

315 381 485 416 cimarum
505 380 664 415 omnium
681 379 772 414 infra
789 379 918 413 limites
936 377 1177 425 pre(li6'carnm
1191 379 1368 409 terrarum
1387 369 1675 418 provenientium
1691 370 1811 407 divifio

315 438 418 473 fieret
444 438 481 472 in
504 438 660 484 quinque
682 442 799 484 partes
821 435 1106 482 quandocunque
1130 432 1238 467 efl'ent
1265 428 1467 476 recipiende
1490 447 1498 455 -
1526 427 1571 463 de
1589 429 1715 475 quibus
1732 442 1813 477 por-

316 495 472 530 tionibus
490 493 633 530 ecclefia
651 494 694 529 de
714 492 879 529 Urchard
898 498 969 526 tres
988 495 1104 538 partes
1123 488 1269 523 haberet
1288 505 1296 514 ·
1322 491 1358 521 et
1376 483 1519 521 eeclefia
1536 485 1581 521 de
1601 485 1707 534 Eikyl
1726 487 1813 522 duas

317 558 433 600 partes
451 551 604 588 refiduas
622 551 761 599 plenius
779 549 957 597 optineret
972 567 979 575 -
1011 547 1091 582 Hiis
1107 546 1216 593 igitur
1233 544 1341 591 usque
1360 543 1405 578 ad
1423 548 1564 591 tempus
1580 543 1722 591 presens
1739 557 1813 580 non

318 608 388 645 fine
406 609 538 645 crebris
556 607 844 644 contentionibus
859 606 943 640 rixis
957 610 992 640 et
1006 601 1357 639 incommoditatibus
1371 606 1407 636 et
1420 601 1587 648 gravibus
1602 601 1815 637 difficultati-

318 667 383 702 bus
401 667 556 715 opt-entis
573 672 609 702 et
627 664 816 701 observatis
835 683 842 691 ·
858 663 991 711 placuit
1009 660 1191 707 utriusque
1210 657 1351 695 ecclefie
1366 658 1566 694 rectoribus
1579 658 1709 695 scilicet
1728 659 1815 694 Wil-

318 724 425 760 lelmo
443 724 554 772 priori
573 724 617 759 de
636 722 801 759 Urchard
820 727 855 756 et
873 720 1039 755 fratribus
1057 718 1188 753 ibidem
1207 717 1290 752 Deo
1313 716 1545 752 servientibus
1563 729 1607 752 ex
1624 730 1697 752 una
1714 723 1814 765 parte

318 787 354 817 et
377 782 538 817 Roberto
565 780 781 816 thesaurario
808 776 948 814 ecclesie
973 777 1103 812 santae
1128 774 1316 810 Trinitatis
1340 774 1435 822 apud
1454 773 1574 822 Elgyn
1593 787 1638 810 ex
1654 774 1723 810 alia
1742 795 1750 803 -
1769 775 1813 810 ad

317 852 438 887 pacem
464 838 755 885 tranquillitatem
779 842 813 871 et
839 835 1066 871 commodum
1087 832 1330 881 predictarum
1349 830 1572 867 ecclesiarum
1594 837 1630 868 et
1653 832 1814 880 persona-

317 909 397 932 rum
414 916 422 924 ·
447 896 639 931 consultius
658 901 692 930 et
713 894 823 941 magis
841 891 983 928 honeste
1003 897 1038 927 et
1056 890 1205 939 provide
1224 890 1326 938 super
1344 889 1413 924 hoc
1431 889 1612 925 ordinari·
1640 890 1749 926 Unde
1763 891 1815 926 su-

317 967 380 1001 per
397 954 464 989 hoc
483 952 704 1001 expediendo
728 952 823 986 suffia
840 964 861 985 a
878 949 1047 998 predidffis
1068 948 1226 997 partibus
1248 946 1410 994 diligenti
1433 952 1469 982 et
1493 952 1629 982 attenta
1647 947 1815 996 supplica-

317 1011 414 1046 tione
440 1011 584 1059 Symoni
613 1010 747 1045 decano
775 1015 809 1043 et
836 1007 991 1056 capitulo
1020 1006 1182 1055 predstste
1211 1003 1352 1041 88818118
1382 1004 1512 1040 83ηᾶ8
1535 1003 1723 1040 Trinitatis
1749 1018 1815 1041 nec

317 1081 389 1103 non
409 1074 443 1103 et
465 1068 611 1102 Andree
631 1067 791 1115 episcopo
812 1065 999 1114 dyoceseos
1019 1084 1027 1092 ·
1055 1070 1091 1099 et
1109 1063 1238 1099 eisdem
1257 1062 1415 1111 partibus
1436 1062 1606 1110 prediffis
1623 1062 1656 1098 se
1675 1063 1816 1098 ordina-

316 1126 405 1161 tioni
421 1125 663 1173 predi&oru1n
678 1124 816 1159 Decani
832 1128 867 1158 et
881 1122 1025 1170 capituli
1040 1127 1076 1157 et
1089 1121 1278 1156 Diocesani
1291 1119 1394 1168 super
1408 1120 1475 1155 hoc
1487 1120 1791 1157 committentibus
1807 1141 1815 1149 ·

316 1183 435 1218 habito
455 1183 607 1217 traetatu
636 1187 671 1217 et
696 1181 951 1216 deliberatione
979 1179 1141 1227 diligenti
1170 1198 1178 1206 ·
1207 1184 1248 1213 ut
1273 1191 1397 1213 omnes
1421 1178 1669 1214 contentiones
1687 1179 1763 1215 rixe
1782 1185 1817 1214 et

317 1240 623 1274 incommoditates
647 1244 682 1274 et
705 1238 930 1273 difficultates
955 1238 1135 1273 evitentur
1159 1237 1197 1271 in
1221 1235 1398 1284 posterum
1420 1255 1428 1263 ·
1456 1236 1505 1271 ita
1531 1235 1579 1271 est
1602 1249 1623 1271 a
1648 1237 1818 1285 predststis

316 1296 579 1332 ordinatoribus
597 1296 774 1344 provisum
795 1302 830 1331 et
848 1296 1054 1331 ordinatum
1074 1314 1082 1322 ·
1108 1294 1238 1330 scilicet
1264 1294 1361 1341 quod
1387 1292 1531 1329 ecclefia
1556 1299 1592 1329 et
1619 1294 1747 1329 domus
1774 1295 1817 1330 de

318 1354 480 1390 Urchard
500 1367 623 1389 omnes
642 1354 794 1389 decimas
816 1354 908 1389 infra
931 1353 1062 1389 limites
1086 1353 1264 1388 dietarum
1286 1357 1464 1387 terrarum
1490 1352 1741 1400 provenientes
1767 1353 1818 1387 in-

316 1419 415 1459 tegre
442 1418 478 1447 et
501 1411 628 1458 absque
656 1412 753 1446 omni
781 1412 1020 1447 diminutione
1045 1416 1081 1446 et
1103 1409 1271 1445 divisione
1295 1409 1436 1445 habebit
1455 1414 1490 1445 et
1507 1409 1678 1457 percipiet
1696 1423 1818 1458 perpe-

317 1476 379 1504 tuo
407 1489 415 1497 ·
444 1476 479 1505 et
504 1469 538 1504 in
564 1469 664 1504 nullo
690 1470 734 1504 de
758 1469 934 1517 aliquibus
960 1469 1105 1505 decimis
1122 1469 1179 1504 vel
1199 1468 1275 1503 aliis
1293 1465 1525 1503 ecclesiasticis
1543 1467 1819 1503 rectitudinibus

318 1533 487 1573 quantuni
516 1527 559 1561 ad
588 1527 765 1575 predifihis
793 1533 906 1562 terras
937 1527 1095 1575 pertinet
1123 1526 1180 1562 vel
1212 1526 1345 1574 poterit
1379 1525 1559 1573 pertinere
1594 1525 1819 1573 respondebit

319 1582 459 1619 ecclesie
479 1584 521 1618 de
545 1584 648 1631 lifkyl
667 1585 723 1619 vel
743 1585 847 1620 alicui
866 1584 969 1633 ipsius
987 1585 1121 1620 restori
1141 1604 1149 1612 ·
1169 1584 1226 1619 vel
1251 1583 1467 1619 thesaurario
1492 1583 1653 1631 predi&e
1678 1582 1819 1619 ecclesie

320 1641 449 1676 Sancte
469 1640 654 1676 Trinitatis
673 1642 747 1677 ullo
766 1656 923 1689 unquam
942 1648 1104 1691 tempore
1125 1662 1133 1670 -
1159 1642 1217 1677 sed
1242 1655 1299 1677 eas
1318 1654 1442 1676 omnes
1460 1646 1495 1676 et
1514 1646 1605 1676 totas
1623 1654 1727 1688 quam
1748 1641 1819 1689 ple-

320 1697 454 1733 nislime
472 1698 613 1734 habebit
632 1698 773 1734 ecclesia
789 1700 832 1735 (18
845 1700 1011 1735 Urchard
1030 1706 1065 1736 et
1085 1701 1213 1736 domus
1228 1705 1263 1735 et
1278 1699 1375 1747 prior
1393 1703 1428 1734 et
1446 1698 1572 1734 fratres
1590 1698 1720 1734 ibidem
1735 1698 1818 1734 Deo

320 1755 509 1791 servientes
536 1762 571 1791 et
596 1756 758 1792 servituri
784 1777 791 1784 -
822 1757 878 1792 Ita
904 1764 1023 1793 tamen
1052 1758 1149 1805 quod
1174 1756 1316 1793 ecclelia
1337 1757 1380 1792 de
1400 1756 1567 1792 Urchard
1585 1761 1621 1791 et
1639 1756 1766 1791 domus
1784 1762 1819 1791 et

322 1813 418 1862 prior
444 1813 597 1861 ejusdem
621 1814 690 1849 loci
717 1820 752 1849 et
774 1815 899 1850 fratres
926 1816 985 1862 qui
1012 1829 1077 1864 pro
1104 1821 1266 1863 tempore
1293 1814 1424 1850 ibidem
1450 1813 1584 1849 fuerint
1601 1813 1739 1849 solvent
1756 1812 1820 1849 fin-

320 1871 412 1918 gulis
438 1871 540 1906 annis
567 1872 603 1906 in
630 1877 841 1919 perpetuum
864 1872 1003 1909 ecclefie
1031 1874 1075 1909 de
1094 1873 1201 1921 Eikyl
1226 1878 1261 1909 et
1287 1871 1430 1920 singulis
1457 1871 1532 1920 ejus
1558 1871 1758 1907 re&oribus
1785 1877 1820 1907 et

322 1929 371 1964 illi
390 1930 450 1976 qui
470 1942 534 1977 pro
550 1934 711 1976 tempore
726 1929 880 1977 ejusdem
900 1930 1041 1967 88818118
1056 1932 1187 1967 888618
1202 1930 1391 1966 Trinitatis
1408 1929 1645 1965 thesaurarius
1663 1929 1820 1964 extiterit

324 1987 444 2035 ·xxiiij·
466 2000 599 2022 marcas
618 1986 864 2034 sterlingorum
886 1988 1053 2035 legalium
1083 2009 1090 2016 -
1119 1989 1346 2024 medietatem
1370 1987 1501 2023 scilicet
1524 1987 1569 2022 ad
1589 1986 1820 2023 Pentecosten

323 2051 357 2079 et
384 2044 486 2079 aliam
515 2044 740 2079 medietatem
768 2045 812 2079 ad
840 2045 962 2081 festum
983 2047 1103 2082 Sanfi'd
1129 2047 1286 2094 (Dartyni
1305 2046 1342 2081 in
1361 2046 1487 2094 hyeme
1506 2064 1514 2072 ·
1543 2045 1697 2080 termino
1715 2044 1820 2093 hujus

323 2101 505 2137 solutionis
533 2101 722 2149 incipiente
749 2102 793 2136 ad
821 2103 913 2137 idem
942 2103 1064 2138 festum
1088 2104 1210 2139 Saneti
1229 2103 1377 2140 martini
1399 2103 1599 2151 proximum
1623 2101 1698 2150 post
1715 2101 1820 2150 hujus

323 2159 492 2207 scripture
511 2157 799 2206 compositionem
820 2180 827 2187 ·
858 2160 918 2195 Ad
934 2162 1176 2208 premissorum
1196 2167 1316 2197 autem
1334 2161 1474 2196 firmam
1493 2165 1528 2196 et
1546 2159 1687 2195 fidelem
1707 2159 1822 2195 obser-

323 2217 501 2252 vationem
527 2222 676 2263 utraque
695 2218 847 2265 partium
869 2218 900 2253 se
920 2218 1088 2266 obligavit
1107 2226 1178 2254 tam
1197 2233 1263 2267 pro
1281 2220 1314 2255 se
1332 2232 1437 2267 quam
1458 2231 1523 2266 pro
1542 2217 1609 2252 suis
1626 2217 1822 2252 successori-

325 2274 387 2309 bns
408 2274 615 2323 juramento
643 2275 877 2323 corporaliter
904 2276 1045 2324 prestito
1074 2297 1081 2304 ·
1108 2277 1174 2312 hoc
1203 2277 1324 2312 addito
1351 2276 1446 2324 quod
1471 2275 1634 2323 quotiens
1660 2274 1823 2322 predifita
