2060 2660
540 171 856 208 REGISTRUM
883 172 1244 211 MORAVIENSE.
1560 186 1632 222 229

145 272 242 308 tione
260 275 296 307 et
314 269 523 319 pontificatu
541 270 779 318 suprascriptis
798 289 806 298 ·
834 270 1052 318 presentibus
1069 270 1199 307 ibidem
1218 275 1420 310 reverendis
1437 276 1472 311 in
1492 277 1629 315 Christo

144 329 300 377 patribus
319 328 461 363 Th0ma
479 332 515 363 et
528 327 691 375 Georgio
710 327 781 362 Dei
801 332 837 363 et
854 327 1041 375 apostolice
1058 328 1146 363 sedis
1163 329 1276 375 gratia
1293 331 1511 368 ecelesiarum
1528 335 1630 370 Dun-

144 384 315 421 keldenfis
340 390 376 420 et
399 383 643 420 Brechinenfis
668 384 837 432 episcopis
855 403 864 412 ·
889 384 1066 420 nobilibus
1090 385 1242 420 dominis
1260 386 1439 423 Willelmo
1459 391 1628 437 [comite]

143 442 322 479 Orchadie
344 447 380 477 et
398 441 572 478 Cathanie
595 455 636 476 ac
659 442 806 477 domino
829 442 874 477 de
895 441 1027 477 saneto
1047 442 1155 477 Claro
1173 443 1383 479 cancellario
1403 444 1518 481 Scotie
1537 466 1545 474 ·
1571 448 1629 484 Ja-

143 500 231 535 cobo
250 498 500 546 Lewingstoun
526 512 656 546 magno
679 499 873 534 camerario
892 504 928 534 et
945 498 1109 546 magistro
1127 499 1266 547 hospitii
1285 500 1419 536 domini
1436 502 1543 537 nostri
1562 504 1630 539 Re-

141 557 194 604 gis
209 576 217 584 ·
242 556 395 591 Patricio
411 556 540 603 Lyoun
556 556 702 591 domino
718 555 868 603 Glamys
883 575 891 583 ·
912 555 1063 591 Andrea
1081 556 1229 592 Stevvart
1247 556 1393 592 domino
1408 558 1607 595 Awandaill
1621 579 1629 588 ·

141 627 182 649 ac
200 613 460 649 venerabilibus
478 613 562 648 viris
580 626 620 648 ac
639 613 794 648 discretis
813 613 965 648 dominis
983 618 1019 648 et
1036 613 1206 660 magistris
1223 614 1413 650 Nicholaio
1430 614 1632 663 Ottyrburn

141 671 313 706 canonico
333 669 551 718 Glesgwenfi
569 670 699 706 clerico
723 670 925 705 rotulorum
948 675 983 706 et
1000 670 1135 718 registri
1153 671 1289 706 domini
1306 671 1413 707 nostri
1429 672 1538 719 Regis
1554 686 1632 720 pre-

141 728 203 763 fati
222 748 230 756 ·
250 728 392 763 Thoma
412 728 534 763 Wauss
559 727 701 763 custode
725 727 855 775 privati
879 726 980 774 figilli
997 727 1152 775 ejusdem
1168 747 1176 756 ·
1197 728 1353 764 Ricardo
1373 728 1505 764 Forbes
1522 730 1632 765 archi-

141 785 291 821 diacono
325 784 482 821 Roffenfi
511 790 546 821 et
573 785 660 820 di&
689 785 824 820 domini
851 784 959 820 nostri
988 784 1097 832 Regis
1128 791 1374 833 compotorum
1407 786 1602 822 rotulatore
1621 807 1629 815 ·

141 842 298 878 Niniano
318 843 406 890 Spot
423 843 595 878 canonico
615 841 862 877 Dunkeldenfi
881 862 888 870 ·
908 842 1086 878 Willelmo
1101 842 1210 878 thano
1229 843 1274 878 de
1288 842 1422 878 Caldor
1440 862 1448 870 ·
1468 843 1630 890 magistro

141 900 283 935 Thoma
301 899 588 935 de'Carmichael
608 919 616 927 ·
642 900 788 935 domino
807 899 964 935 Gawino
983 900 1113 935 Bradie
1131 905 1167 935 et
1185 899 1327 935 Thoma
1344 900 1470 935 Broun
1487 902 1632 936 notariis

141 957 289 1004 publicis
306 956 449 992 testibus
467 957 511 992 ad
529 957 692 1003 premissa
709 957 843 992 vocatis
861 956 1055 1004 specialiter
1073 962 1108 992 et
1126 957 1259 1004 rogatis
1277 976 1286 985 ·

142 1014 189 1049 Et
214 1027 280 1061 ego
306 1014 464 1049 Th0mas
483 1014 577 1050 Boill
595 1013 775 1062 presbyter
801 1012 1078 1049 Abbirdonenfis
1097 1014 1284 1061 dyoceseos
1300 1014 1462 1062 publicus
1479 1017 1633 1052 auctori-

141 1077 212 1106 tate
241 1071 413 1119 imperiali
441 1072 601 1106 notarius
629 1071 797 1119 predictis
820 1071 972 1118 supremi
995 1071 1131 1106 domini
1153 1070 1261 1106 nostri
1281 1071 1390 1118 Regis
1413 1074 1631 1109 revocationi

141 1128 319 1163 cassationi
336 1128 572 1163 annullationi
592 1128 896 1174 donationumque
920 1127 1181 1163 concessionum
1208 1133 1245 1163 et
1267 1128 1548 1165 infeodationum
1573 1144 1630 1166 ex-

142 1186 297 1232 ceptioni
326 1191 362 1221 et
389 1185 583 1220 earundem
612 1184 859 1233 approbationi
887 1185 1113 1219 ratificationi
1143 1184 1406 1220 confirmationi
1426 1191 1462 1221 et
1488 1186 1630 1223 decreto

141 1242 332 1289 ceterisque
360 1242 524 1277 omnibus
552 1242 628 1277 aliis
659 1247 695 1277 et
729 1240 872 1289 singulis
905 1241 1113 1289 supradictis
1146 1241 1232 1276 dum
1261 1240 1306 1276 fic
1339 1247 1381 1277 ut
1414 1243 1631 1289 premittitur

141 1304 332 1346 agerentur
369 1299 572 1334 dicerentur
600 1304 636 1334 et
665 1299 793 1334 fierent
824 1311 896 1333 una
926 1311 1007 1333 cum
1035 1298 1291 1346 prenominatis
1320 1298 1462 1334 testibus
1491 1300 1631 1347 presens

142 1356 287 1391 interfui
305 1369 414 1403 eaque
434 1356 554 1391 omnia
571 1362 607 1391 et
625 1354 759 1403 singula
777 1354 820 1391 fic
838 1355 916 1391 fieri
933 1355 1006 1390 vidi
1032 1361 1068 1391 et
1094 1355 1213 1390 audivi
1238 1368 1279 1390 ac
1305 1355 1342 1390 in
1366 1361 1488 1390 notam
1513 1357 1629 1405 recepi

141 1413 221 1448 ideo
240 1413 307 1448 hoc
325 1413 464 1461 presens
482 1413 755 1448 instrumentum
773 1413 830 1448 hic
848 1425 928 1448 mea
943 1412 1087 1460 propria
1104 1424 1213 1447 manu
1230 1411 1475 1448 subscribendo
1489 1413 1526 1448 in
1539 1414 1630 1449 hanc

142 1471 318 1518 publicam
337 1471 487 1506 formam
506 1471 628 1517 redegi
645 1469 813 1517 signoque
838 1470 983 1505 nomine
1010 1475 1046 1505 et
1070 1469 1320 1516 subscriptione
1345 1469 1432 1504 meis
1457 1469 1565 1505 solitis
1595 1477 1630 1506 et

142 1528 315 1563 consuetis
345 1541 417 1562 una
441 1540 521 1563 cum
547 1526 740 1574 sigillorum
767 1527 1011 1575 predictorum
1038 1526 1173 1562 domini
1198 1525 1306 1561 nostri
1331 1526 1441 1573 Regis
1466 1540 1629 1563 reveren-

142 1584 340 1631 dorumque
358 1590 498 1632 patrum
517 1585 759 1632 episcoporum
778 1589 813 1620 et
831 1584 1059 1619 dominorum
1083 1582 1350 1631 appensionibus
1371 1582 1504 1630 fignavi
1527 1597 1629 1631 roga-

141 1648 197 1676 tus
216 1647 251 1676 et
269 1641 452 1689 requifitus
476 1642 513 1676 in
535 1641 642 1677 fidem
665 1647 701 1676 et
724 1641 960 1676 testimonium
979 1641 1139 1676 omnium
1158 1645 1194 1675 et
1210 1639 1428 1687 singulorum
1451 1641 1628 1688 premisso-

141 1711 221 1733 rum
240 1717 248 1726 ·
282 1699 330 1734 Et
353 1699 417 1734 hec
441 1699 512 1734 duo
531 1699 639 1734 verba
656 1698 821 1734 videlicet
840 1703 875 1734 et
893 1699 1054 1734 annexis
1071 1698 1109 1732 in
1125 1697 1196 1733 fine
1214 1697 1307 1733 linee
1325 1695 1485 1733 vicefime
1502 1703 1625 1744 quarte

140 1756 382 1803 computando
396 1769 417 1791 a
429 1756 603 1804 principio
622 1755 842 1803 necligenter
859 1755 993 1790 dimiffa
1009 1755 1167 1803 approbo
1186 1759 1222 1790 et
1239 1754 1376 1790 affirmo
1392 1773 1400 1782 ·
1420 1759 1455 1789 et
1471 1753 1626 1790 fimiliter

122 1836 125 1838 v
140 1812 201 1847 has
216 1813 391 1849 dififiones
406 1814 580 1849 dominus
595 1818 723 1848 noster
734 1813 821 1848 Rex
834 1812 1074 1860 computando
1087 1825 1108 1847 a
1120 1812 1191 1847 fine
1204 1811 1242 1846 in
1254 1824 1351 1847 nona
1362 1811 1457 1847 linea
1469 1811 1625 1859 approbo

140 1876 176 1905 et
193 1870 330 1906 affirmo
350 1890 358 1898 ·
377 1876 413 1906 et
430 1871 558 1906 horum
578 1870 769 1905 verborum
788 1870 846 1905 vel
863 1870 959 1905 alias
976 1869 1133 1917 approbo
1152 1874 1188 1904 et
1204 1868 1342 1904 affirmo
1358 1887 1367 1896 ·

142 1926 188 1962 Et
213 1940 280 1975 ego
308 1928 465 1963 Thomas
492 1928 617 1963 Broun
644 1927 792 1962 clericus
820 1926 942 1962 saneti
968 1926 1117 1962 Andree
1148 1926 1334 1975 dyoceseos
1359 1924 1520 1973 publicus
1545 1938 1626 1961 auc-

139 1984 281 2020 toritate
312 1984 501 2033 apostolica
528 1984 687 2019 notarius
714 1984 818 2019 dietis
846 1983 1064 2019 revocationi
1093 1983 1293 2031 exceptioni
1319 1988 1355 2019 et
1379 1982 1623 2030 approbationi

139 2041 367 2089 omnibusque
393 2042 470 2077 aliis
494 2047 529 2078 et
555 2041 697 2088 singulis
723 2041 808 2076 dum
826 2046 867 2076 ut
884 2040 987 2088 supra
1003 2040 1130 2076 fierent
1149 2041 1352 2076 dicerentur
1378 2045 1414 2075 et
1434 2044 1624 2086 agerentur

139 2111 210 2133 una
235 2112 315 2134 cum
341 2100 444 2135 dietis
463 2099 615 2135 dominis
633 2103 668 2134 et
686 2097 827 2134 testibus
844 2111 884 2134 ac
902 2098 1049 2133 notariis
1066 2098 1264 2146 prescriptis
1281 2103 1316 2133 et
1334 2097 1529 2144 subscriptis
1546 2109 1623 2144 pre-

139 2154 212 2190 sens
230 2157 460 2204 personaliter
477 2156 622 2192 interfui
646 2168 756 2203 eaque
773 2154 818 2191 fic
837 2155 906 2191 dici
923 2155 1000 2191 fieri
1018 2155 1091 2191 vidi
1110 2160 1145 2191 et
1162 2155 1281 2191 audivi
1300 2160 1335 2190 et
1351 2154 1389 2190 in
1406 2159 1527 2189 notam
1545 2154 1619 2200 cepi

138 2211 286 2261 ideoque
313 2214 453 2262 presens
481 2213 752 2249 instrumentum
782 2213 868 2249 meis
901 2211 999 2260 figno
1027 2217 1063 2248 et
1091 2212 1340 2262 subscriptione
1371 2210 1523 2247 manuali
1550 2222 1620 2245 una
