2060 2660
255 950 322 987 178

355 159 426 192 QOS
749 156 1066 193 REGISTRUM
1092 155 1455 193 MORAVIENSE.

356 269 433 290 rum
454 268 535 290 cum
553 256 777 304 pertinentiis
795 256 893 291 dieto
914 256 1087 304 Episcopo
1111 261 1173 290 aut
1197 255 1373 303 deputatis
1400 254 1467 289 suis
1492 260 1658 302 prompte
1681 261 1716 290 et
1735 256 1852 293 debite

354 313 496 349 tradere
513 313 646 349 faciatis
665 333 673 342 ·
699 314 898 349 inhibentes
916 313 1066 348 firmiter
1084 312 1299 348 auetoritate
1317 311 1435 346 nostra
1453 312 1551 359 regia
1568 312 1733 348 omnibus
1752 314 1853 362 legiis

355 370 479 406 nostris
501 377 537 407 et
558 372 703 407 subditis
721 385 767 408 ne
785 372 828 407 de
844 371 948 407 dietis
966 371 1070 406 terris
1088 382 1169 405 cum
1189 369 1411 417 pertinentiis
1429 374 1492 404 aut
1509 369 1585 405 aliis
1602 370 1799 407 redditibus
1818 379 1853 407 et

354 427 615 477 possessionibus
638 430 902 477 quibuscunque
925 429 1020 463 dicto
1040 427 1213 475 Episcopo
1238 426 1499 474 pertinentibus
1523 427 1674 476 amplius
1692 428 1724 464 se
1743 429 1852 465 intro-

353 487 497 522 mittant
514 487 745 534 quovismodo
764 487 801 522 in
820 485 1039 522 contrarium
1058 482 1288 520 concessionis
1306 488 1342 519 et
1360 483 1588 521 relaxationis
1614 485 1729 522 nostre
1756 493 1853 523 ante-

353 545 446 580 dicte
472 544 534 580 sub
560 558 652 593 pena
678 544 838 580 omnium
865 556 933 591 que
960 555 1045 589 erga
1070 554 1136 577 nos
1162 541 1326 576 amittere
1348 546 1521 589 poterunt
1542 545 1797 591 quoquomodo
1816 545 1852 580 in

354 603 417 637 hac
436 608 536 651 parte
556 622 564 630 ·
602 603 738 638 Datum
765 601 826 637 sub
853 600 1052 636 testimonio
1079 598 1187 634 nost-ri
1209 598 1330 646 magni
1348 597 1449 646 figilli
1467 601 1562 648 apud
1582 601 1776 649 Lynlithcu
1795 602 1853 638 de-

353 660 444 695 cimo
463 660 559 696 sexto
579 660 635 695 die
654 658 777 695 menfis
794 658 956 696 Januarii
976 677 984 685 ·
1003 670 1099 692 anno
1117 656 1220 704 regni
1238 655 1346 692 nostri
1365 663 1493 694 octavo
1514 677 1521 686 ·

355 834 565 882 l'receptum
586 833 695 880 Regis
713 832 758 868 ad
777 832 999 867 reddendum
1019 830 1193 879 Episcopo
1212 830 1362 866 castrum
1385 831 1429 867 de
1449 831 1558 880 Spyni
1578 852 1586 860 ·

353 950 533 985 Robertus
553 949 622 984 Dei
641 948 756 996 gratia
776 948 856 983 Rex
872 947 1078 983 Scottorum
1097 946 1232 982 dileeto
1252 946 1353 982 fratri
1371 946 1490 982 nostro
1506 947 1718 984 Alexandro
1734 949 1853 986 Senes-

349 1007 429 1042 calli
448 1007 570 1042 comiti
590 1006 771 1042 Buchanie
798 1005 944 1040 salutem
968 1024 975 1032 ·
1014 1004 1108 1041 Cum
1135 1004 1348 1041 venerabilis
1372 1005 1409 1040 in
1434 1004 1574 1041 Christo
1598 1012 1698 1054 pater
1717 1007 1853 1043 Willel-

349 1078 426 1100 mus
449 1063 671 1113 permistione
690 1064 811 1099 divina
829 1062 1010 1111 episcopus
1028 1061 1260 1099 (Doravienfis
1286 1063 1331 1098 ad
1358 1062 1512 1098 nostram
1539 1077 1655 1113 nuper
1681 1066 1853 1101 accedens

349 1122 557 1170 presentiam
588 1135 707 1157 coram
736 1121 942 1169 quibusdam
971 1120 1164 1156 baronibus
1190 1134 1231 1156 ac
1256 1120 1434 1156 nobilibus
1461 1120 1594 1157 confilii
1621 1122 1728 1158 nostri
1750 1123 1852 1158 nobis

348 1180 470 1216 fecerit
484 1179 691 1215 fidelitatem
706 1179 799 1214 suam
817 1185 1024 1215 reverenter
1039 1184 1074 1214 et
1089 1179 1206 1215 debite
1221 1184 1262 1214 ut
1277 1184 1421 1215 tenetur
1433 1198 1441 1207 ·
1456 1179 1500 1215 ob
1515 1180 1611 1227 quod
1625 1180 1852 1217 liberavimus

348 1238 463 1274 eidem
484 1237 657 1285 Episcopo
684 1250 705 1272 a
731 1237 893 1273 manibus
916 1237 1043 1272 nostris
1061 1250 1186 1273 omnes
1204 1242 1318 1273 terras
1336 1237 1412 1272 suas
1430 1243 1466 1273 et
1484 1237 1705 1286 poffeffiones
1724 1240 1851 1288 episco-

347 1303 448 1343 patus
463 1294 694 1332 (Doravienfis
714 1315 721 1323 ·
752 1296 875 1338 Quare
890 1295 991 1331 vobis
1009 1296 1220 1331 mandamus
1239 1301 1275 1331 et
1292 1295 1443 1331 firmiter
1458 1296 1671 1344 precipimus
1685 1297 1851 1344 quatinus

347 1353 424 1388 vilis
442 1353 662 1402 presentibus
681 1353 828 1390 indilate
848 1360 883 1389 et
903 1353 966 1402 [a]
985 1354 1111 1401 quovis
1130 1353 1309 1389 obstaculo
1327 1353 1573 1401 impedimenti
1591 1354 1701 1390 libere
1728 1355 1851 1390 libere-

347 1412 389 1446 tis
409 1419 443 1447 et
463 1411 603 1446 liberari
623 1411 756 1447 faciatis
775 1425 795 1447 a
813 1412 976 1447 manibus
994 1411 1115 1447 vestris
1134 1417 1169 1447 et
1188 1412 1294 1447 etiam
1322 1425 1343 1447 a
1369 1411 1531 1447 manibus
1555 1425 1851 1460 quorumcunque

347 1470 529 1504 custodum
560 1469 616 1504 seu
646 1469 899 1517 deputatorum
924 1469 1121 1506 vestrorum
1149 1469 1299 1505 castrum
1328 1470 1372 1505 de
1397 1469 1507 1518 Spyni
1526 1483 1607 1505 cum
1627 1470 1851 1518 pertinentiis

347 1528 413 1561 suis
433 1527 559 1574 presuli
579 1528 762 1563 antedi&o
788 1547 796 1555 ·
822 1528 938 1563 nullas
956 1534 1118 1576 petentes
1137 1528 1304 1576 expensas
1322 1527 1366 1562 ab
1385 1528 1512 1563 eodem
1536 1541 1601 1575 pro
1624 1526 1727 1576 ipsius
1751 1528 1850 1564 castri

347 1584 502 1619 custodia
527 1598 590 1632 pro
615 1586 833 1633 temporibus
855 1586 1040 1621 traiisafitis
1058 1585 1315 1633 quoquomodo
1335 1604 1343 1613 ·
1369 1591 1477 1633 prout
1498 1586 1672 1621 honorem
1697 1585 1849 1621 vestrum

348 1643 484 1677 servare
503 1648 537 1678 et
556 1642 657 1677 nobis
676 1644 897 1691 complacere
916 1644 1101 1679 volueritis
1119 1643 1315 1692 specialiter
1334 1643 1370 1678 in
1390 1644 1454 1678 hac
1472 1649 1572 1691 parte
1592 1663 1600 1671 ·
1634 1643 1771 1679 Datum
1790 1644 1850 1679 sub

348 1699 546 1735 testimonio
575 1700 682 1735 nostri
712 1702 831 1749 magni
860 1701 959 1750 sigilli
993 1722 1000 1729 -
1033 1702 1128 1751 apud
1148 1702 1257 1737 Perth
1285 1701 1391 1737 tertio
1415 1702 1472 1737 die
1497 1700 1621 1737 menfis
1644 1702 1731 1738 maii
1754 1715 1849 1737 anno

349 1758 447 1804 regni
467 1757 573 1792 nostri
593 1771 689 1793 nono
710 1778 717 1785 ·

351 1932 523 1967 Rationes
542 1935 667 1965 contra
679 1930 855 1978 judicium
875 1932 972 1968 curie
991 1932 1222 1969 Vicecomitis
1238 1952 1245 1960 ·

352 2047 523 2083 Rationes
543 2044 712 2080 willelmi
738 2047 888 2095 episcopi
907 2047 1137 2085 moraviensis
1155 2054 1282 2084 contra
1300 2049 1478 2098 judicium
1506 2049 1628 2084 datum
1655 2055 1781 2085 contra
1798 2051 1848 2099 ip-

349 2106 423 2141 sum
446 2104 541 2153 apud
562 2103 739 2152 Inuernys
762 2104 799 2139 in
822 2106 921 2140 curia
939 2106 1170 2142 Vicecomitis
1193 2107 1309 2155 primo
1333 2108 1390 2143 die
1414 2105 1538 2143 menfis
1557 2106 1728 2143 Octobris
1752 2121 1847 2143 anno

350 2163 501 2199 Domini
520 2165 676 2199 ·co⁰·ccc⁰·
697 2161 923 2210 nonagesimo
942 2164 1071 2199 oetavo
1084 2184 1092 2192 ·
1120 2165 1240 2201 Primo
1260 2166 1342 2212 quia
1359 2179 1380 2201 a
1397 2171 1558 2214 tempore
1573 2164 1617 2200 de
1631 2164 1732 2213 cujus
1745 2165 1847 2201 initio

349 2221 521 2256 memoria
543 2220 728 2255 hominum
758 2233 831 2255 non
859 2221 972 2257 existit
990 2228 1025 2257 et
1043 2223 1131 2258 citra
1149 2223 1319 2259 continue
1338 2223 1489 2272 episcopi
1508 2222 1747 2259 moravienses
1770 2237 1847 2272 pre-

350 2278 542 2315 decessores
567 2277 617 2313 sui
644 2277 789 2313 suerunt
811 2284 847 2314 et
869 2285 972 2315 erant
995 2300 1002 2308 ·
1031 2286 1066 2316 et
1093 2280 1161 2328 ipse
1188 2294 1253 2329 pro
1279 2287 1440 2330 tempore
1458 2280 1519 2316 suo
1537 2280 1604 2316 fuit
1623 2285 1658 2316 et
1676 2280 1724 2316 est
1741 2281 1846 2318 hodie
