<?xml version="1.0" encoding="UTF-8"?>
<!DOCTYPE html PUBLIC "-//W3C//DTD XHTML 1.0 Transitional//EN"
    "http://www.w3.org/TR/xhtml1/DTD/xhtml1-transitional.dtd">
<html xmlns="http://www.w3.org/1999/xhtml" xml:lang="en" lang="en">
 <head>
  <title>
</title>
<meta http-equiv="Content-Type" content="text/html;charset=utf-8" />
  <meta name='ocr-system' content='tesseract 3.04.00' />
  <meta name='ocr-capabilities' content='ocr_page ocr_carea ocr_par ocr_line ocrx_word'/>
</head>
<body>
  <div class='ocr_page' id='page_1' title='image "./registrumepisc5800morauoft_0215.png"; bbox 0 0 2060 2660; ppageno 0'>
   <div class='ocr_carea' id='block_1_1' title="bbox 113 1138 160 1174">
    <p class='ocr_par' dir='ltr' id='par_1_1' title="bbox 113 1138 160 1174">
     <span class='ocr_line' id='line_1_1' title="bbox 113 1138 160 1174; baseline -0.085 0"><span class='ocrx_word' id='word_1_1' title='bbox 113 1138 160 1174; x_wconf 84' lang='lat'>93</span> 
     </span>
    </p>
   </div>
   <div class='ocr_carea' id='block_1_2' title="bbox 586 166 1685 214">
    <p class='ocr_par' dir='ltr' id='par_1_2' title="bbox 586 166 1685 214">
     <span class='ocr_line' id='line_1_2' title="bbox 586 166 1685 214; baseline 0.005 -12"><span class='ocrx_word' id='word_1_2' title='bbox 586 166 901 203; x_wconf 86' lang='lat' dir='ltr'><strong>REGISTRUM</strong></span> <span class='ocrx_word' id='word_1_3' title='bbox 930 167 1292 204; x_wconf 84' lang='lat' dir='ltr'>MORAVIENSE.</span> <span class='ocrx_word' id='word_1_4' title='bbox 1616 177 1685 214; x_wconf 80' lang='grc'>107</span> 
     </span>
    </p>
   </div>
   <div class='ocr_carea' id='block_1_3' title="bbox 187 263 1687 888">
    <p class='ocr_par' dir='ltr' id='par_1_3' title="bbox 187 263 1687 888">
     <span class='ocr_line' id='line_1_3' title="bbox 189 263 1684 313; baseline 0.003 -12"><span class='ocrx_word' id='word_1_5' title='bbox 189 265 378 301; x_wconf 90' lang='lat' dir='ltr'>diffinitum</span> <span class='ocrx_word' id='word_1_6' title='bbox 398 263 446 299; x_wconf 89' lang='lat' dir='ltr'>est</span> <span class='ocrx_word' id='word_1_7' title='bbox 463 263 719 300; x_wconf 84' lang='lat' dir='ltr'>sententialiter</span> <span class='ocrx_word' id='word_1_8' title='bbox 733 265 997 300; x_wconf 81' lang='lat' dir='ltr'>ordinationem</span> <span class='ocrx_word' id='word_1_9' title='bbox 1011 265 1257 313; x_wconf 59' lang='lat' dir='ltr'>prediGffirum</span> <span class='ocrx_word' id='word_1_10' title='bbox 1272 266 1431 301; x_wconf 89' lang='lat' dir='ltr'>omnium</span> <span class='ocrx_word' id='word_1_11' title='bbox 1451 268 1495 302; x_wconf 91' lang='lat' dir='ltr'>ad</span> <span class='ocrx_word' id='word_1_12' title='bbox 1511 269 1684 305; x_wconf 87' lang='lat' dir='ltr'>decanum</span> 
     </span>
     <span class='ocr_line' id='line_1_4' title="bbox 189 321 1685 370; baseline 0.003 -12"><span class='ocrx_word' id='word_1_13' title='bbox 189 328 224 358; x_wconf 93' lang='lat' dir='ltr'>et</span> <span class='ocrx_word' id='word_1_14' title='bbox 242 322 435 370; x_wconf 89' lang='lat' dir='ltr'>capitulum</span> <span class='ocrx_word' id='word_1_15' title='bbox 453 322 633 369; x_wconf 86' lang='lat' dir='ltr'>pertinere</span> <span class='ocrx_word' id='word_1_16' title='bbox 653 322 783 358; x_wconf 89' lang='lat' dir='ltr'>debere</span> <span class='ocrx_word' id='word_1_17' title='bbox 802 341 811 350; x_wconf 87' lang='lat'><strong>·</strong></span> <span class='ocrx_word' id='word_1_18' title='bbox 840 322 884 357; x_wconf 93' lang='lat' dir='ltr'>In</span> <span class='ocrx_word' id='word_1_19' title='bbox 907 321 1009 370; x_wconf 88' lang='lat' dir='ltr'>cujus</span> <span class='ocrx_word' id='word_1_20' title='bbox 1032 322 1084 357; x_wconf 92' lang='lat' dir='ltr'>rei</span> <span class='ocrx_word' id='word_1_21' title='bbox 1108 322 1252 357; x_wconf 89' lang='lat' dir='ltr'>firmum</span> <span class='ocrx_word' id='word_1_22' title='bbox 1279 328 1315 358; x_wconf 91' lang='lat' dir='ltr'>et</span> <span class='ocrx_word' id='word_1_23' title='bbox 1340 323 1571 361; x_wconf 81' lang='lat' dir='ltr'>indubitabile</span> <span class='ocrx_word' id='word_1_24' title='bbox 1596 327 1685 362; x_wconf 89' lang='lat' dir='ltr'>testi-</span> 
     </span>
     <span class='ocr_line' id='line_1_5' title="bbox 188 378 1685 429; baseline 0.003 -15"><span class='ocrx_word' id='word_1_25' title='bbox 188 379 348 415; x_wconf 91' lang='lat' dir='ltr'>monium</span> <span class='ocrx_word' id='word_1_26' title='bbox 366 378 532 414; x_wconf 66' lang='lat' dir='ltr'>conse6hz</span> <span class='ocrx_word' id='word_1_27' title='bbox 549 379 597 415; x_wconf 89' lang='lat' dir='ltr'>est</span> <span class='ocrx_word' id='word_1_28' title='bbox 614 380 679 415; x_wconf 93' lang='lat' dir='ltr'>hec</span> <span class='ocrx_word' id='word_1_29' title='bbox 697 380 869 428; x_wconf 88' lang='lat' dir='ltr'>scriptura</span> <span class='ocrx_word' id='word_1_30' title='bbox 888 385 923 415; x_wconf 90' lang='lat' dir='ltr'>et</span> <span class='ocrx_word' id='word_1_31' title='bbox 941 378 1053 427; x_wconf 84' lang='lat' dir='ltr'>figillo</span> <span class='ocrx_word' id='word_1_32' title='bbox 1071 379 1218 427; x_wconf 89' lang='lat' dir='ltr'>capituli</span> <span class='ocrx_word' id='word_1_33' title='bbox 1238 392 1320 415; x_wconf 91' lang='lat' dir='ltr'>cum</span> <span class='ocrx_word' id='word_1_34' title='bbox 1344 380 1593 429; x_wconf 84' lang='lat' dir='ltr'>subscriptione</span> <span class='ocrx_word' id='word_1_35' title='bbox 1618 384 1685 419; x_wconf 88' lang='lat' dir='ltr'>fra-</span> 
     </span>
     <span class='ocr_line' id='line_1_6' title="bbox 187 435 1685 488; baseline 0.002 -16"><span class='ocrx_word' id='word_1_36' title='bbox 187 442 282 472; x_wconf 87' lang='lat' dir='ltr'>trum</span> <span class='ocrx_word' id='word_1_37' title='bbox 296 436 357 484; x_wconf 92' lang='lat' dir='ltr'>qui</span> <span class='ocrx_word' id='word_1_38' title='bbox 370 436 611 472; x_wconf 88' lang='lat' dir='ltr'>interfuerunt</span> <span class='ocrx_word' id='word_1_39' title='bbox 625 435 758 485; x_wconf 86' lang='lat' dir='ltr'>signata</span> <span class='ocrx_word' id='word_1_40' title='bbox 770 456 779 465; x_wconf 89' lang='lat'><strong>·</strong></span> <span class='ocrx_word' id='word_1_41' title='bbox 799 436 939 472; x_wconf 73' lang='grc' dir='ltr'>Αᾶὶυω</span> <span class='ocrx_word' id='word_1_42' title='bbox 953 449 1049 472; x_wconf 86' lang='lat' dir='ltr'>anno</span> <span class='ocrx_word' id='word_1_43' title='bbox 1063 437 1177 484; x_wconf 87' lang='lat' dir='ltr'>gratie</span> <span class='ocrx_word' id='word_1_44' title='bbox 1190 436 1377 474; x_wconf 81' lang='lat' dir='ltr'>-co⁰·cc⁰·x1·</span> <span class='ocrx_word' id='word_1_45' title='bbox 1390 443 1517 484; x_wconf 88' lang='lat' dir='ltr'>quarto</span> <span class='ocrx_word' id='word_1_46' title='bbox 1533 439 1588 475; x_wconf 93' lang='lat' dir='ltr'>die</span> <span class='ocrx_word' id='word_1_47' title='bbox 1604 441 1685 488; x_wconf 85' lang='lat' dir='ltr'>Sep-</span> 
     </span>
     <span class='ocr_line' id='line_1_7' title="bbox 187 493 1684 543; baseline 0.001 -13"><span class='ocrx_word' id='word_1_48' title='bbox 187 493 332 530; x_wconf 86' lang='lat' dir='ltr'>tembris</span> <span class='ocrx_word' id='word_1_49' title='bbox 350 513 359 522; x_wconf 91' lang='lat'><strong>·</strong></span> <span class='ocrx_word' id='word_1_50' title='bbox 387 494 467 541; x_wconf 88' lang='lat' dir='ltr'>Ego</span> <span class='ocrx_word' id='word_1_51' title='bbox 487 493 653 530; x_wconf 81' lang='lat' dir='ltr'>Andreas</span> <span class='ocrx_word' id='word_1_52' title='bbox 678 494 859 543; x_wconf 89' lang='lat' dir='ltr'>episcopus</span> <span class='ocrx_word' id='word_1_53' title='bbox 886 500 922 530; x_wconf 90' lang='lat' dir='ltr'>et</span> <span class='ocrx_word' id='word_1_54' title='bbox 946 495 1139 530; x_wconf 88' lang='lat' dir='ltr'>canonicus</span> <span class='ocrx_word' id='word_1_55' title='bbox 1164 495 1208 530; x_wconf 90' lang='lat' dir='ltr'>de</span> <span class='ocrx_word' id='word_1_56' title='bbox 1233 494 1455 542; x_wconf 90' lang='lat' dir='ltr'>Fotherueys</span> <span class='ocrx_word' id='word_1_57' title='bbox 1483 495 1656 532; x_wconf 84' lang='lat' dir='ltr'>subscribo</span> <span class='ocrx_word' id='word_1_58' title='bbox 1676 517 1684 524; x_wconf 90' lang='lat'><strong>·</strong></span> 
     </span>
     <span class='ocr_line' id='line_1_8' title="bbox 188 551 1686 600; baseline 0.002 -14"><span class='ocrx_word' id='word_1_59' title='bbox 188 551 267 599; x_wconf 86' lang='lat' dir='ltr'>Ego</span> <span class='ocrx_word' id='word_1_60' title='bbox 286 552 421 599; x_wconf 90' lang='lat' dir='ltr'>Symon</span> <span class='ocrx_word' id='word_1_61' title='bbox 445 551 601 587; x_wconf 85' lang='lat' dir='ltr'>decanus</span> <span class='ocrx_word' id='word_1_62' title='bbox 619 551 850 589; x_wconf 76' lang='lat' dir='ltr'>moraviensis</span> <span class='ocrx_word' id='word_1_63' title='bbox 869 571 877 580; x_wconf 94' lang='lat'><strong>·</strong></span> <span class='ocrx_word' id='word_1_64' title='bbox 906 552 985 600; x_wconf 85' lang='lat' dir='ltr'>Ego</span> <span class='ocrx_word' id='word_1_65' title='bbox 1006 552 1183 587; x_wconf 89' lang='lat' dir='ltr'>Ricardus</span> <span class='ocrx_word' id='word_1_66' title='bbox 1201 558 1392 600; x_wconf 83' lang='lat' dir='ltr'>precentor</span> <span class='ocrx_word' id='word_1_67' title='bbox 1409 551 1550 588; x_wconf 81' lang='lat' dir='ltr'>ecclesie</span> <span class='ocrx_word' id='word_1_68' title='bbox 1569 555 1686 589; x_wconf 89' lang='lat' dir='ltr'>mora-</span> 
     </span>
     <span class='ocr_line' id='line_1_9' title="bbox 187 607 1686 657; baseline 0.001 -13"><span class='ocrx_word' id='word_1_69' title='bbox 187 607 310 645; x_wconf 87' lang='lat' dir='ltr'>vienfis</span> <span class='ocrx_word' id='word_1_70' title='bbox 331 628 340 637; x_wconf 93' lang='lat'><strong>·</strong></span> <span class='ocrx_word' id='word_1_71' title='bbox 369 608 448 656; x_wconf 85' lang='lat' dir='ltr'>Ego</span> <span class='ocrx_word' id='word_1_72' title='bbox 476 608 690 645; x_wconf 91' lang='lat' dir='ltr'>Lambertus</span> <span class='ocrx_word' id='word_1_73' title='bbox 717 608 859 645; x_wconf 86' lang='lat' dir='ltr'>ecclesie</span> <span class='ocrx_word' id='word_1_74' title='bbox 883 608 1115 646; x_wconf 81' lang='lat' dir='ltr'>moraviensis</span> <span class='ocrx_word' id='word_1_75' title='bbox 1140 609 1327 645; x_wconf 82' lang='lat' dir='ltr'>succentor</span> <span class='ocrx_word' id='word_1_76' title='bbox 1350 629 1358 637; x_wconf 92' lang='lat'><em>-</em></span> <span class='ocrx_word' id='word_1_77' title='bbox 1388 609 1466 657; x_wconf 88' lang='lat' dir='ltr'>Ego</span> <span class='ocrx_word' id='word_1_78' title='bbox 1486 609 1686 646; x_wconf 83' lang='lat' dir='ltr'>Willelmus</span> 
     </span>
     <span class='ocr_line' id='line_1_10' title="bbox 187 666 1685 714; baseline 0.001 -12"><span class='ocrx_word' id='word_1_79' title='bbox 187 666 418 702; x_wconf 90' lang='lat' dir='ltr'>cancellarius</span> <span class='ocrx_word' id='word_1_80' title='bbox 436 666 579 703; x_wconf 90' lang='lat' dir='ltr'>ecclefie</span> <span class='ocrx_word' id='word_1_81' title='bbox 597 666 827 704; x_wconf 69' lang='lat' dir='ltr'>moraviensis</span> <span class='ocrx_word' id='word_1_82' title='bbox 846 686 854 695; x_wconf 90' lang='lat'><strong>·</strong></span> <span class='ocrx_word' id='word_1_83' title='bbox 882 667 963 714; x_wconf 88' lang='lat' dir='ltr'>Ego</span> <span class='ocrx_word' id='word_1_84' title='bbox 983 666 1166 702; x_wconf 86' lang='lat' dir='ltr'>Robertus</span> <span class='ocrx_word' id='word_1_85' title='bbox 1183 667 1420 702; x_wconf 83' lang='lat' dir='ltr'>thesaurarius</span> <span class='ocrx_word' id='word_1_86' title='bbox 1435 667 1664 704; x_wconf 70' lang='lat' dir='ltr'>moraviensis</span> <span class='ocrx_word' id='word_1_87' title='bbox 1678 689 1685 695; x_wconf 92' lang='lat'><strong>·</strong></span> 
     </span>
     <span class='ocr_line' id='line_1_11' title="bbox 188 723 1686 773; baseline 0.001 -14"><span class='ocrx_word' id='word_1_88' title='bbox 188 724 267 772; x_wconf 88' lang='lat' dir='ltr'>Ego</span> <span class='ocrx_word' id='word_1_89' title='bbox 299 724 513 773; x_wconf 87' lang='lat' dir='ltr'>Ranulphus</span> <span class='ocrx_word' id='word_1_90' title='bbox 546 725 817 760; x_wconf 87' lang='lat' dir='ltr'>archidiaconus</span> <span class='ocrx_word' id='word_1_91' title='bbox 845 723 1077 761; x_wconf 87' lang='lat' dir='ltr'>moraviensis</span> <span class='ocrx_word' id='word_1_92' title='bbox 1104 743 1113 752; x_wconf 90' lang='lat'><strong>·</strong></span> <span class='ocrx_word' id='word_1_93' title='bbox 1151 724 1232 772; x_wconf 87' lang='lat' dir='ltr'>Ego</span> <span class='ocrx_word' id='word_1_94' title='bbox 1263 725 1465 760; x_wconf 88' lang='lat' dir='ltr'>Edwardus</span> <span class='ocrx_word' id='word_1_95' title='bbox 1495 726 1686 761; x_wconf 84' lang='lat' dir='ltr'>canonicus</span> 
     </span>
     <span class='ocr_line' id='line_1_12' title="bbox 190 781 1687 831; baseline -0.001 -12"><span class='ocrx_word' id='word_1_96' title='bbox 190 781 418 819; x_wconf 88' lang='lat' dir='ltr'>moravienfis</span> <span class='ocrx_word' id='word_1_97' title='bbox 445 782 490 818; x_wconf 88' lang='lat' dir='ltr'>de</span> <span class='ocrx_word' id='word_1_98' title='bbox 511 784 599 831; x_wconf 86' lang='lat' dir='ltr'>moy</span> <span class='ocrx_word' id='word_1_99' title='bbox 621 802 629 810; x_wconf 94' lang='lat'><strong>·</strong></span> <span class='ocrx_word' id='word_1_100' title='bbox 657 782 738 830; x_wconf 85' lang='lat' dir='ltr'>Ego</span> <span class='ocrx_word' id='word_1_101' title='bbox 757 782 925 817; x_wconf 85' lang='lat' dir='ltr'>Andreas</span> <span class='ocrx_word' id='word_1_102' title='bbox 952 782 1144 818; x_wconf 89' lang='lat' dir='ltr'>canonicus</span> <span class='ocrx_word' id='word_1_103' title='bbox 1168 782 1212 818; x_wconf 87' lang='lat' dir='ltr'>de</span> <span class='ocrx_word' id='word_1_104' title='bbox 1235 782 1344 830; x_wconf 88' lang='lat' dir='ltr'>Ryny</span> <span class='ocrx_word' id='word_1_105' title='bbox 1369 802 1377 810; x_wconf 92' lang='lat'><strong>·</strong></span> <span class='ocrx_word' id='word_1_106' title='bbox 1406 782 1485 829; x_wconf 85' lang='lat' dir='ltr'>Ego</span> <span class='ocrx_word' id='word_1_107' title='bbox 1504 782 1687 819; x_wconf 85' lang='lat' dir='ltr'>Johannes</span> 
     </span>
     <span class='ocr_line' id='line_1_13' title="bbox 190 839 1660 888; baseline 0 -13"><span class='ocrx_word' id='word_1_108' title='bbox 190 840 383 876; x_wconf 88' lang='lat' dir='ltr'>canonicus</span> <span class='ocrx_word' id='word_1_109' title='bbox 401 840 446 876; x_wconf 93' lang='lat' dir='ltr'>de</span> <span class='ocrx_word' id='word_1_110' title='bbox 464 840 659 877; x_wconf 91' lang='lat' dir='ltr'>Cromdole</span> <span class='ocrx_word' id='word_1_111' title='bbox 678 860 686 868; x_wconf 94' lang='lat'><strong>·</strong></span> <span class='ocrx_word' id='word_1_112' title='bbox 716 840 795 888; x_wconf 84' lang='lat' dir='ltr'>Ego</span> <span class='ocrx_word' id='word_1_113' title='bbox 816 840 998 876; x_wconf 89' lang='lat' dir='ltr'>Robertus</span> <span class='ocrx_word' id='word_1_114' title='bbox 1016 840 1209 876; x_wconf 89' lang='lat' dir='ltr'>canonicus</span> <span class='ocrx_word' id='word_1_115' title='bbox 1227 840 1272 875; x_wconf 90' lang='lat' dir='ltr'>de</span> <span class='ocrx_word' id='word_1_116' title='bbox 1290 839 1441 888; x_wconf 92' lang='lat' dir='ltr'>Duppol</span> <span class='ocrx_word' id='word_1_117' title='bbox 1458 839 1632 875; x_wconf 88' lang='lat' dir='ltr'>subscribo</span> <span class='ocrx_word' id='word_1_118' title='bbox 1653 860 1660 867; x_wconf 92' lang='lat'><strong>·</strong></span> 
     </span>
    </p>
   </div>
   <div class='ocr_carea' id='block_1_4' title="bbox 191 1013 1338 1063">
    <p class='ocr_par' dir='ltr' id='par_1_4' title="bbox 191 1013 1338 1063">
     <span class='ocr_line' id='line_1_14' title="bbox 191 1013 1338 1063; baseline 0.001 -14"><span class='ocrx_word' id='word_1_119' title='bbox 191 1013 270 1049; x_wconf 91' lang='lat' dir='ltr'>Hec</span> <span class='ocrx_word' id='word_1_120' title='bbox 285 1013 366 1049; x_wconf 91' lang='lat' dir='ltr'>sunt</span> <span class='ocrx_word' id='word_1_121' title='bbox 383 1013 512 1050; x_wconf 83' lang='lat' dir='ltr'>statuta</span> <span class='ocrx_word' id='word_1_122' title='bbox 528 1027 592 1063; x_wconf 92' lang='lat' dir='ltr'>per</span> <span class='ocrx_word' id='word_1_123' title='bbox 611 1013 824 1063; x_wconf 89' lang='lat' dir='ltr'>Episcopum</span> <span class='ocrx_word' id='word_1_124' title='bbox 843 1019 879 1050; x_wconf 85' lang='lat' dir='ltr'>et</span> <span class='ocrx_word' id='word_1_125' title='bbox 898 1013 1105 1062; x_wconf 87' lang='lat' dir='ltr'>Capitulum</span> <span class='ocrx_word' id='word_1_126' title='bbox 1124 1013 1318 1063; x_wconf 85' lang='lat' dir='ltr'>approbata</span> <span class='ocrx_word' id='word_1_127' title='bbox 1330 1033 1338 1042; x_wconf 89' lang='lat'><strong>·</strong></span> 
     </span>
    </p>
   </div>
   <div class='ocr_carea' id='block_1_5' title="bbox 187 1128 1688 1811">
    <p class='ocr_par' dir='ltr' id='par_1_5' title="bbox 187 1128 1688 1811">
     <span class='ocr_line' id='line_1_15' title="bbox 190 1128 1687 1177; baseline 0 -14"><span class='ocrx_word' id='word_1_128' title='bbox 190 1128 234 1164; x_wconf 93' lang='lat' dir='ltr'>In</span> <span class='ocrx_word' id='word_1_129' title='bbox 260 1129 406 1164; x_wconf 91' lang='lat' dir='ltr'>nomine</span> <span class='ocrx_word' id='word_1_130' title='bbox 431 1128 547 1164; x_wconf 87' lang='lat' dir='ltr'>Patris</span> <span class='ocrx_word' id='word_1_131' title='bbox 573 1134 609 1165; x_wconf 89' lang='lat' dir='ltr'>et</span> <span class='ocrx_word' id='word_1_132' title='bbox 633 1129 715 1165; x_wconf 90' lang='lat' dir='ltr'>Filii</span> <span class='ocrx_word' id='word_1_133' title='bbox 741 1135 777 1165; x_wconf 87' lang='lat' dir='ltr'>et</span> <span class='ocrx_word' id='word_1_134' title='bbox 801 1129 953 1177; x_wconf 90' lang='lat' dir='ltr'>Spiritus</span> <span class='ocrx_word' id='word_1_135' title='bbox 978 1129 1102 1165; x_wconf 67' lang='lat' dir='ltr'>Samffi</span> <span class='ocrx_word' id='word_1_136' title='bbox 1126 1142 1231 1165; x_wconf 90' lang='lat' dir='ltr'>amen</span> <span class='ocrx_word' id='word_1_137' title='bbox 1254 1148 1262 1157; x_wconf 94' lang='lat'><strong>·</strong></span> <span class='ocrx_word' id='word_1_138' title='bbox 1293 1129 1405 1164; x_wconf 91' lang='lat' dir='ltr'>Anno</span> <span class='ocrx_word' id='word_1_139' title='bbox 1425 1128 1687 1164; x_wconf 84' lang='lat' dir='ltr'>Incarnationis</span> 
     </span>
     <span class='ocr_line' id='line_1_16' title="bbox 188 1185 1687 1234; baseline -0.002 -10"><span class='ocrx_word' id='word_1_140' title='bbox 188 1186 403 1224; x_wconf 78' lang='lat' dir='ltr'>·m⁰·cc⁰·xlii·</span> <span class='ocrx_word' id='word_1_141' title='bbox 423 1186 540 1222; x_wconf 92' lang='lat' dir='ltr'>mense</span> <span class='ocrx_word' id='word_1_142' title='bbox 558 1186 657 1223; x_wconf 87' lang='lat' dir='ltr'>Julio</span> <span class='ocrx_word' id='word_1_143' title='bbox 683 1187 722 1221; x_wconf 88' lang='lat' dir='ltr'>in</span> <span class='ocrx_word' id='word_1_144' title='bbox 747 1185 890 1222; x_wconf 88' lang='lat' dir='ltr'>ecclesia</span> <span class='ocrx_word' id='word_1_145' title='bbox 913 1186 1107 1222; x_wconf 86' lang='lat' dir='ltr'>cathedrali</span> <span class='ocrx_word' id='word_1_146' title='bbox 1130 1187 1226 1234; x_wconf 90' lang='lat' dir='ltr'>apud</span> <span class='ocrx_word' id='word_1_147' title='bbox 1245 1186 1364 1234; x_wconf 86' lang='lat' dir='ltr'>Elgyn</span> <span class='ocrx_word' id='word_1_148' title='bbox 1392 1205 1400 1214; x_wconf 92' lang='lat'><strong>·</strong></span> <span class='ocrx_word' id='word_1_149' title='bbox 1432 1186 1498 1222; x_wconf 91' lang='lat' dir='ltr'>hec</span> <span class='ocrx_word' id='word_1_150' title='bbox 1523 1186 1602 1222; x_wconf 90' lang='lat' dir='ltr'>sunt</span> <span class='ocrx_word' id='word_1_151' title='bbox 1626 1186 1687 1222; x_wconf 86' lang='lat' dir='ltr'>sta-</span> 
     </span>
     <span class='ocr_line' id='line_1_17' title="bbox 187 1242 1687 1292; baseline -0.001 -12"><span class='ocrx_word' id='word_1_152' title='bbox 187 1249 266 1280; x_wconf 86' lang='lat' dir='ltr'>tuta</span> <span class='ocrx_word' id='word_1_153' title='bbox 284 1244 435 1292; x_wconf 87' lang='lat' dir='ltr'>episcopi</span> <span class='ocrx_word' id='word_1_154' title='bbox 453 1249 489 1280; x_wconf 92' lang='lat' dir='ltr'>et</span> <span class='ocrx_word' id='word_1_155' title='bbox 506 1244 652 1292; x_wconf 91' lang='lat' dir='ltr'>capituli</span> <span class='ocrx_word' id='word_1_156' title='bbox 670 1243 900 1281; x_wconf 82' lang='lat' dir='ltr'>moraviensis</span> <span class='ocrx_word' id='word_1_157' title='bbox 925 1257 947 1279; x_wconf 91' lang='lat' dir='ltr'>a</span> <span class='ocrx_word' id='word_1_158' title='bbox 971 1244 1138 1279; x_wconf 89' lang='lat' dir='ltr'>fratribus</span> <span class='ocrx_word' id='word_1_159' title='bbox 1164 1244 1202 1279; x_wconf 91' lang='lat' dir='ltr'>in</span> <span class='ocrx_word' id='word_1_160' title='bbox 1226 1243 1383 1291; x_wconf 87' lang='lat' dir='ltr'>capitulo</span> <span class='ocrx_word' id='word_1_161' title='bbox 1407 1242 1605 1279; x_wconf 86' lang='lat' dir='ltr'>constitutis</span> <span class='ocrx_word' id='word_1_162' title='bbox 1628 1257 1687 1292; x_wconf 89' lang='lat' dir='ltr'>ap-</span> 
     </span>
     <span class='ocr_line' id='line_1_18' title="bbox 188 1300 1687 1350; baseline -0.001 -13"><span class='ocrx_word' id='word_1_163' title='bbox 188 1301 337 1350; x_wconf 89' lang='lat' dir='ltr'>probata</span> <span class='ocrx_word' id='word_1_164' title='bbox 355 1322 363 1330; x_wconf 91' lang='lat'><strong>·</strong></span> <span class='ocrx_word' id='word_1_165' title='bbox 393 1301 438 1337; x_wconf 93' lang='lat' dir='ltr'>In</span> <span class='ocrx_word' id='word_1_166' title='bbox 452 1302 575 1350; x_wconf 86' lang='lat' dir='ltr'>primis</span> <span class='ocrx_word' id='word_1_167' title='bbox 592 1306 776 1349; x_wconf 89' lang='lat' dir='ltr'>receptum</span> <span class='ocrx_word' id='word_1_168' title='bbox 796 1300 843 1337; x_wconf 90' lang='lat' dir='ltr'>est</span> <span class='ocrx_word' id='word_1_169' title='bbox 861 1307 896 1337; x_wconf 90' lang='lat' dir='ltr'>et</span> <span class='ocrx_word' id='word_1_170' title='bbox 910 1301 1143 1350; x_wconf 87' lang='lat' dir='ltr'>approbatum</span> <span class='ocrx_word' id='word_1_171' title='bbox 1159 1301 1256 1349; x_wconf 92' lang='lat' dir='ltr'>quod</span> <span class='ocrx_word' id='word_1_172' title='bbox 1271 1301 1464 1349; x_wconf 86' lang='lat' dir='ltr'>Episcopus</span> <span class='ocrx_word' id='word_1_173' title='bbox 1472 1301 1578 1349; x_wconf 86' lang='lat' dir='ltr'>juxta</span> <span class='ocrx_word' id='word_1_174' title='bbox 1591 1302 1687 1349; x_wconf 86' lang='lat' dir='ltr'>quod</span> 
     </span>
     <span class='ocr_line' id='line_1_19' title="bbox 189 1357 1688 1407; baseline 0 -13"><span class='ocrx_word' id='word_1_175' title='bbox 189 1359 327 1395; x_wconf 85' lang='lat' dir='ltr'>obtinet</span> <span class='ocrx_word' id='word_1_176' title='bbox 345 1360 382 1394; x_wconf 89' lang='lat' dir='ltr'>in</span> <span class='ocrx_word' id='word_1_177' title='bbox 401 1358 544 1395; x_wconf 86' lang='lat' dir='ltr'>ecclesia</span> <span class='ocrx_word' id='word_1_178' title='bbox 558 1357 798 1395; x_wconf 86' lang='lat' dir='ltr'>Lincolnienfi</span> <span class='ocrx_word' id='word_1_179' title='bbox 812 1359 972 1394; x_wconf 90' lang='lat' dir='ltr'>omnium</span> <span class='ocrx_word' id='word_1_180' title='bbox 986 1358 1249 1407; x_wconf 84' lang='lat' dir='ltr'>prebendarum</span> <span class='ocrx_word' id='word_1_181' title='bbox 1267 1359 1415 1394; x_wconf 87' lang='lat' dir='ltr'>liberam</span> <span class='ocrx_word' id='word_1_182' title='bbox 1434 1358 1562 1394; x_wconf 88' lang='lat' dir='ltr'>habeat</span> <span class='ocrx_word' id='word_1_183' title='bbox 1581 1359 1688 1394; x_wconf 90' lang='lat' dir='ltr'>dona-</span> 
     </span>
     <span class='ocr_line' id='line_1_20' title="bbox 187 1416 1688 1465; baseline -0.001 -13"><span class='ocrx_word' id='word_1_184' title='bbox 187 1417 324 1452; x_wconf 90' lang='lat' dir='ltr'>tionem</span> <span class='ocrx_word' id='word_1_185' title='bbox 344 1417 509 1464; x_wconf 88' lang='lat' dir='ltr'>quotiens</span> <span class='ocrx_word' id='word_1_186' title='bbox 526 1416 732 1452; x_wconf 85' lang='lat' dir='ltr'>vacaverint</span> <span class='ocrx_word' id='word_1_187' title='bbox 751 1435 759 1444; x_wconf 91' lang='lat'><strong>·</strong></span> <span class='ocrx_word' id='word_1_188' title='bbox 779 1422 814 1452; x_wconf 90' lang='lat' dir='ltr'>et</span> <span class='ocrx_word' id='word_1_189' title='bbox 831 1416 1037 1452; x_wconf 85' lang='lat' dir='ltr'>facultatem</span> <span class='ocrx_word' id='word_1_190' title='bbox 1054 1416 1196 1465; x_wconf 89' lang='lat' dir='ltr'>plenam</span> <span class='ocrx_word' id='word_1_191' title='bbox 1216 1429 1274 1452; x_wconf 83' lang='lat' dir='ltr'>eas</span> <span class='ocrx_word' id='word_1_192' title='bbox 1292 1416 1499 1452; x_wconf 85' lang='lat' dir='ltr'>conferendi</span> <span class='ocrx_word' id='word_1_193' title='bbox 1517 1416 1575 1451; x_wconf 90' lang='lat' dir='ltr'>cui</span> <span class='ocrx_word' id='word_1_194' title='bbox 1590 1417 1688 1452; x_wconf 92' lang='lat' dir='ltr'>volu-</span> 
     </span>
     <span class='ocr_line' id='line_1_21' title="bbox 188 1473 1687 1522; baseline 0.001 -13"><span class='ocrx_word' id='word_1_195' title='bbox 188 1474 256 1510; x_wconf 91' lang='lat' dir='ltr'>erit</span> <span class='ocrx_word' id='word_1_196' title='bbox 274 1494 283 1502; x_wconf 91' lang='lat'><strong>·</strong></span> <span class='ocrx_word' id='word_1_197' title='bbox 303 1474 445 1522; x_wconf 88' lang='lat' dir='ltr'>ydoneo</span> <span class='ocrx_word' id='word_1_198' title='bbox 464 1479 585 1510; x_wconf 88' lang='lat' dir='ltr'>tamen</span> <span class='ocrx_word' id='word_1_199' title='bbox 604 1493 612 1502; x_wconf 91' lang='lat'><strong>·</strong></span> <span class='ocrx_word' id='word_1_200' title='bbox 631 1479 752 1522; x_wconf 91' lang='lat' dir='ltr'>preter</span> <span class='ocrx_word' id='word_1_201' title='bbox 770 1479 934 1522; x_wconf 85' lang='lat' dir='ltr'>exceptas</span> <span class='ocrx_word' id='word_1_202' title='bbox 952 1474 989 1509; x_wconf 94' lang='lat' dir='ltr'>in</span> <span class='ocrx_word' id='word_1_203' title='bbox 1008 1474 1126 1521; x_wconf 89' lang='lat' dir='ltr'>aliquo</span> <span class='ocrx_word' id='word_1_204' title='bbox 1145 1474 1215 1509; x_wconf 88' lang='lat' dir='ltr'>alio</span> <span class='ocrx_word' id='word_1_205' title='bbox 1229 1473 1463 1509; x_wconf 88' lang='lat' dir='ltr'>instrumento</span> <span class='ocrx_word' id='word_1_206' title='bbox 1479 1493 1487 1501; x_wconf 94' lang='lat'><strong>·</strong></span> <span class='ocrx_word' id='word_1_207' title='bbox 1511 1474 1572 1509; x_wconf 96' lang='lat' dir='ltr'>Ad</span> <span class='ocrx_word' id='word_1_208' title='bbox 1588 1475 1687 1510; x_wconf 85' lang='lat' dir='ltr'>deca-</span> 
     </span>
     <span class='ocr_line' id='line_1_22' title="bbox 188 1530 1687 1580; baseline 0 -13"><span class='ocrx_word' id='word_1_209' title='bbox 188 1538 312 1567; x_wconf 92' lang='lat' dir='ltr'>natum</span> <span class='ocrx_word' id='word_1_210' title='bbox 331 1545 417 1567; x_wconf 89' lang='lat' dir='ltr'>vero</span> <span class='ocrx_word' id='word_1_211' title='bbox 436 1532 556 1567; x_wconf 88' lang='lat' dir='ltr'>nullus</span> <span class='ocrx_word' id='word_1_212' title='bbox 574 1531 767 1567; x_wconf 76' lang='lat' dir='ltr'>assumatur</span> <span class='ocrx_word' id='word_1_213' title='bbox 784 1530 847 1567; x_wconf 90' lang='lat' dir='ltr'>nifi</span> <span class='ocrx_word' id='word_1_214' title='bbox 864 1545 928 1580; x_wconf 89' lang='lat' dir='ltr'>per</span> <span class='ocrx_word' id='word_1_215' title='bbox 947 1531 1154 1568; x_wconf 85' lang='lat' dir='ltr'>canonicam</span> <span class='ocrx_word' id='word_1_216' title='bbox 1178 1531 1324 1580; x_wconf 87' lang='lat' dir='ltr'>capituli</span> <span class='ocrx_word' id='word_1_217' title='bbox 1348 1531 1560 1567; x_wconf 68' lang='lat' dir='ltr'>electionem</span> <span class='ocrx_word' id='word_1_218' title='bbox 1590 1551 1598 1559; x_wconf 94' lang='lat'><strong>·</strong></span> <span class='ocrx_word' id='word_1_219' title='bbox 1627 1532 1687 1567; x_wconf 86' lang='lat' dir='ltr'>nisi</span> 
     </span>
     <span class='ocr_line' id='line_1_23' title="bbox 187 1589 1688 1638; baseline 0 -13"><span class='ocrx_word' id='word_1_220' title='bbox 187 1590 280 1626; x_wconf 85' lang='lat' dir='ltr'>sorte</span> <span class='ocrx_word' id='word_1_221' title='bbox 303 1590 348 1626; x_wconf 89' lang='lat' dir='ltr'>ad</span> <span class='ocrx_word' id='word_1_222' title='bbox 375 1589 578 1638; x_wconf 90' lang='lat' dir='ltr'>episcopum</span> <span class='ocrx_word' id='word_1_223' title='bbox 602 1589 838 1637; x_wconf 88' lang='lat' dir='ltr'>dyocesanum</span> <span class='ocrx_word' id='word_1_224' title='bbox 862 1590 919 1626; x_wconf 92' lang='lat' dir='ltr'>vel</span> <span class='ocrx_word' id='word_1_225' title='bbox 944 1590 1160 1638; x_wconf 90' lang='lat' dir='ltr'>superiorem</span> <span class='ocrx_word' id='word_1_226' title='bbox 1188 1590 1381 1625; x_wconf 86' lang='lat' dir='ltr'>decanatus</span> <span class='ocrx_word' id='word_1_227' title='bbox 1408 1589 1554 1625; x_wconf 88' lang='lat' dir='ltr'>donatio</span> <span class='ocrx_word' id='word_1_228' title='bbox 1580 1590 1688 1625; x_wconf 87' lang='lat' dir='ltr'>fuerit</span> 
     </span>
     <span class='ocr_line' id='line_1_24' title="bbox 188 1647 1687 1696; baseline -0.001 -13"><span class='ocrx_word' id='word_1_229' title='bbox 188 1647 357 1683; x_wconf 89' lang='lat' dir='ltr'>devoluta</span> <span class='ocrx_word' id='word_1_230' title='bbox 389 1667 397 1675; x_wconf 95' lang='lat'><strong>·</strong></span> <span class='ocrx_word' id='word_1_231' title='bbox 432 1647 524 1683; x_wconf 87' lang='lat' dir='ltr'>Item</span> <span class='ocrx_word' id='word_1_232' title='bbox 551 1652 735 1695; x_wconf 88' lang='lat' dir='ltr'>receptum</span> <span class='ocrx_word' id='word_1_233' title='bbox 763 1647 811 1683; x_wconf 88' lang='lat' dir='ltr'>est</span> <span class='ocrx_word' id='word_1_234' title='bbox 837 1653 872 1683; x_wconf 89' lang='lat' dir='ltr'>et</span> <span class='ocrx_word' id='word_1_235' title='bbox 898 1648 1134 1696; x_wconf 88' lang='lat' dir='ltr'>approbatum</span> <span class='ocrx_word' id='word_1_236' title='bbox 1159 1647 1399 1683; x_wconf 89' lang='lat' dir='ltr'>communiter</span> <span class='ocrx_word' id='word_1_237' title='bbox 1422 1647 1519 1694; x_wconf 91' lang='lat' dir='ltr'>quod</span> <span class='ocrx_word' id='word_1_238' title='bbox 1540 1647 1687 1694; x_wconf 86' lang='lat' dir='ltr'>quilibet</span> 
     </span>
     <span class='ocr_line' id='line_1_25' title="bbox 188 1695 1687 1754; baseline -0.001 -13"><span class='ocrx_word' id='word_1_239' title='bbox 188 1705 368 1753; x_wconf 87' lang='lat' dir='ltr'>episcopus</span> <span class='ocrx_word' id='word_1_240' title='bbox 387 1703 618 1742; x_wconf 76' lang='lat' dir='ltr'>moraviensis</span> <span class='ocrx_word' id='word_1_241' title='bbox 641 1703 744 1754; x_wconf 86' lang='lat' dir='ltr'>ipsius</span> <span class='ocrx_word' id='word_1_242' title='bbox 763 1705 907 1753; x_wconf 91' lang='lat' dir='ltr'>capituli</span> <span class='ocrx_word' id='word_1_243' title='bbox 931 1704 972 1741; x_wconf 90' lang='lat' dir='ltr'>fit</span> <span class='ocrx_word' id='word_1_244' title='bbox 997 1705 1190 1741; x_wconf 87' lang='lat' dir='ltr'>canonicus</span> <span class='ocrx_word' id='word_1_245' title='bbox 1207 1710 1244 1740; x_wconf 92' lang='lat' dir='ltr'>et</span> <span class='ocrx_word' id='word_1_246' title='bbox 1261 1695 1388 1740; x_wconf 87' lang='lat' dir='ltr'>habeat</span> <span class='ocrx_word' id='word_1_247' title='bbox 1406 1704 1623 1752; x_wconf 87' lang='lat' dir='ltr'>prebendam</span> <span class='ocrx_word' id='word_1_248' title='bbox 1643 1706 1687 1740; x_wconf 85' lang='lat' dir='ltr'>de</span> 
     </span>
     <span class='ocr_line' id='line_1_26' title="bbox 188 1761 1687 1811; baseline -0.001 -13"><span class='ocrx_word' id='word_1_249' title='bbox 188 1763 399 1799; x_wconf 89' lang='lat' dir='ltr'>Fotheruais</span> <span class='ocrx_word' id='word_1_250' title='bbox 417 1775 498 1798; x_wconf 90' lang='lat' dir='ltr'>cum</span> <span class='ocrx_word' id='word_1_251' title='bbox 519 1762 684 1798; x_wconf 88' lang='lat' dir='ltr'>omnibus</span> <span class='ocrx_word' id='word_1_252' title='bbox 702 1763 926 1811; x_wconf 89' lang='lat' dir='ltr'>pertinentiis</span> <span class='ocrx_word' id='word_1_253' title='bbox 945 1763 1013 1798; x_wconf 85' lang='lat' dir='ltr'>suis</span> <span class='ocrx_word' id='word_1_254' title='bbox 1030 1763 1068 1798; x_wconf 91' lang='lat' dir='ltr'>in</span> <span class='ocrx_word' id='word_1_255' title='bbox 1085 1763 1273 1798; x_wconf 84' lang='lat' dir='ltr'>canoniam</span> <span class='ocrx_word' id='word_1_256' title='bbox 1290 1762 1396 1810; x_wconf 84' lang='lat' dir='ltr'>juxta</span> <span class='ocrx_word' id='word_1_257' title='bbox 1413 1761 1617 1810; x_wconf 85' lang='lat' dir='ltr'>primariam</span> <span class='ocrx_word' id='word_1_258' title='bbox 1637 1764 1687 1797; x_wconf 87' lang='lat' dir='ltr'>in-</span> 
     </span>
    </p>
   </div>
   <div class='ocr_carea' id='block_1_6' title="bbox 118 1820 1688 1869">
    <p class='ocr_par' dir='ltr' id='par_1_6' title="bbox 118 1820 1688 1869">
     <span class='ocr_line' id='line_1_27' title="bbox 118 1820 1688 1869; baseline -0.001 -13"><span class='ocrx_word' id='word_1_259' title='bbox 118 1826 121 1829; x_wconf 74' lang='grc'>’</span> <span class='ocrx_word' id='word_1_260' title='bbox 188 1820 402 1857; x_wconf 88' lang='lat' dir='ltr'>stitutionem</span> <span class='ocrx_word' id='word_1_261' title='bbox 431 1840 439 1848; x_wconf 92' lang='lat'><strong>·</strong></span> <span class='ocrx_word' id='word_1_262' title='bbox 464 1821 533 1856; x_wconf 92' lang='lat' dir='ltr'>hoc</span> <span class='ocrx_word' id='word_1_263' title='bbox 552 1826 701 1868; x_wconf 88' lang='lat' dir='ltr'>excepto</span> <span class='ocrx_word' id='word_1_264' title='bbox 721 1826 864 1869; x_wconf 88' lang='lat' dir='ltr'>recepto</span> <span class='ocrx_word' id='word_1_265' title='bbox 884 1827 919 1856; x_wconf 92' lang='lat' dir='ltr'>et</span> <span class='ocrx_word' id='word_1_266' title='bbox 937 1820 1133 1869; x_wconf 90' lang='lat' dir='ltr'>approbato</span> <span class='ocrx_word' id='word_1_267' title='bbox 1151 1820 1392 1855; x_wconf 88' lang='lat' dir='ltr'>communiter</span> <span class='ocrx_word' id='word_1_268' title='bbox 1415 1820 1512 1867; x_wconf 87' lang='lat' dir='ltr'>quod</span> <span class='ocrx_word' id='word_1_269' title='bbox 1536 1820 1688 1868; x_wconf 81' lang='lat' dir='ltr'>dignitas</span> 
     </span>
    </p>
   </div>
   <div class='ocr_carea' id='block_1_7' title="bbox 188 1876 1687 2330">
    <p class='ocr_par' dir='ltr' id='par_1_7' title="bbox 188 1876 1687 2330">
     <span class='ocr_line' id='line_1_28' title="bbox 189 1876 1687 1926; baseline -0.001 -12"><span class='ocrx_word' id='word_1_270' title='bbox 189 1879 397 1914; x_wconf 87' lang='lat' dir='ltr'>cancellarie</span> <span class='ocrx_word' id='word_1_271' title='bbox 415 1891 484 1926; x_wconf 89' lang='lat' dir='ltr'>que</span> <span class='ocrx_word' id='word_1_272' title='bbox 503 1878 552 1913; x_wconf 91' lang='lat' dir='ltr'>illi</span> <span class='ocrx_word' id='word_1_273' title='bbox 572 1878 751 1926; x_wconf 88' lang='lat' dir='ltr'>prebende</span> <span class='ocrx_word' id='word_1_274' title='bbox 773 1878 966 1914; x_wconf 87' lang='lat' dir='ltr'>adherebat</span> <span class='ocrx_word' id='word_1_275' title='bbox 987 1876 1154 1913; x_wconf 88' lang='lat' dir='ltr'>transsata</span> <span class='ocrx_word' id='word_1_276' title='bbox 1171 1877 1219 1913; x_wconf 89' lang='lat' dir='ltr'>est</span> <span class='ocrx_word' id='word_1_277' title='bbox 1236 1877 1279 1912; x_wconf 90' lang='lat' dir='ltr'>ab</span> <span class='ocrx_word' id='word_1_278' title='bbox 1298 1890 1339 1913; x_wconf 89' lang='lat' dir='ltr'>ea</span> <span class='ocrx_word' id='word_1_279' title='bbox 1357 1877 1394 1912; x_wconf 89' lang='lat' dir='ltr'>in</span> <span class='ocrx_word' id='word_1_280' title='bbox 1411 1883 1623 1926; x_wconf 90' lang='lat' dir='ltr'>perpetuum</span> <span class='ocrx_word' id='word_1_281' title='bbox 1643 1879 1687 1913; x_wconf 91' lang='lat' dir='ltr'>ad</span> 
     </span>
     <span class='ocr_line' id='line_1_29' title="bbox 188 1934 1686 1984; baseline -0.001 -13"><span class='ocrx_word' id='word_1_282' title='bbox 188 1936 403 1984; x_wconf 89' lang='lat' dir='ltr'>prebendam</span> <span class='ocrx_word' id='word_1_283' title='bbox 417 1936 460 1972; x_wconf 91' lang='lat' dir='ltr'>de</span> <span class='ocrx_word' id='word_1_284' title='bbox 475 1935 682 1971; x_wconf 89' lang='lat' dir='ltr'>Inuerouen</span> <span class='ocrx_word' id='word_1_285' title='bbox 695 1955 703 1963; x_wconf 94' lang='lat'><strong>·</strong></span> <span class='ocrx_word' id='word_1_286' title='bbox 717 1935 818 1984; x_wconf 90' lang='lat' dir='ltr'>cujus</span> <span class='ocrx_word' id='word_1_287' title='bbox 829 1935 1009 1983; x_wconf 88' lang='lat' dir='ltr'>prebende</span> <span class='ocrx_word' id='word_1_288' title='bbox 1021 1935 1213 1971; x_wconf 89' lang='lat' dir='ltr'>canonicus</span> <span class='ocrx_word' id='word_1_289' title='bbox 1225 1934 1455 1971; x_wconf 71' lang='lat' dir='ltr'>moraviensis</span> <span class='ocrx_word' id='word_1_290' title='bbox 1467 1934 1607 1971; x_wconf 80' lang='lat' dir='ltr'>ecclesie</span> <span class='ocrx_word' id='word_1_291' title='bbox 1620 1936 1686 1971; x_wconf 87' lang='lat' dir='ltr'>erit</span> 
     </span>
     <span class='ocr_line' id='line_1_30' title="bbox 188 1991 1685 2041; baseline -0.001 -12"><span class='ocrx_word' id='word_1_292' title='bbox 188 1993 418 2029; x_wconf 85' lang='lat' dir='ltr'>cancellarius</span> <span class='ocrx_word' id='word_1_293' title='bbox 435 1994 473 2028; x_wconf 86' lang='lat' dir='ltr'>in</span> <span class='ocrx_word' id='word_1_294' title='bbox 491 1999 705 2041; x_wconf 89' lang='lat' dir='ltr'>perpetuum</span> <span class='ocrx_word' id='word_1_295' title='bbox 724 2012 732 2021; x_wconf 91' lang='lat'><strong>·</strong></span> <span class='ocrx_word' id='word_1_296' title='bbox 763 1993 924 2035; x_wconf 86' lang='lat' dir='ltr'>Quilibet</span> <span class='ocrx_word' id='word_1_297' title='bbox 947 1999 1066 2029; x_wconf 89' lang='lat' dir='ltr'>autem</span> <span class='ocrx_word' id='word_1_298' title='bbox 1093 1993 1274 2041; x_wconf 87' lang='lat' dir='ltr'>episcopus</span> <span class='ocrx_word' id='word_1_299' title='bbox 1293 1991 1524 2030; x_wconf 82' lang='lat' dir='ltr'>moraviensis</span> <span class='ocrx_word' id='word_1_300' title='bbox 1548 1993 1685 2028; x_wconf 87' lang='lat' dir='ltr'>ratione</span> 
     </span>
     <span class='ocr_line' id='line_1_31' title="bbox 188 2049 1685 2099; baseline -0.001 -13"><span class='ocrx_word' id='word_1_301' title='bbox 188 2050 367 2099; x_wconf 86' lang='lat' dir='ltr'>prebende</span> <span class='ocrx_word' id='word_1_302' title='bbox 389 2051 448 2086; x_wconf 89' lang='lat' dir='ltr'>sue</span> <span class='ocrx_word' id='word_1_303' title='bbox 471 2051 514 2086; x_wconf 91' lang='lat' dir='ltr'>de</span> <span class='ocrx_word' id='word_1_304' title='bbox 533 2050 744 2086; x_wconf 88' lang='lat' dir='ltr'>Fotherueis</span> <span class='ocrx_word' id='word_1_305' title='bbox 762 2050 1008 2099; x_wconf 88' lang='lat' dir='ltr'>juramentum</span> <span class='ocrx_word' id='word_1_306' title='bbox 1027 2050 1206 2086; x_wconf 87' lang='lat' dir='ltr'>fidelitatis</span> <span class='ocrx_word' id='word_1_307' title='bbox 1223 2049 1390 2098; x_wconf 85' lang='lat' dir='ltr'>prestabit</span> <span class='ocrx_word' id='word_1_308' title='bbox 1408 2049 1549 2086; x_wconf 81' lang='lat' dir='ltr'>ecclesie</span> <span class='ocrx_word' id='word_1_309' title='bbox 1568 2052 1685 2087; x_wconf 90' lang='lat' dir='ltr'>mora-</span> 
     </span>
     <span class='ocr_line' id='line_1_32' title="bbox 189 2107 1684 2157; baseline -0.001 -13"><span class='ocrx_word' id='word_1_310' title='bbox 189 2107 295 2144; x_wconf 90' lang='lat' dir='ltr'>vienfi</span> <span class='ocrx_word' id='word_1_311' title='bbox 316 2114 351 2144; x_wconf 92' lang='lat' dir='ltr'>et</span> <span class='ocrx_word' id='word_1_312' title='bbox 372 2108 528 2157; x_wconf 89' lang='lat' dir='ltr'>capitulo</span> <span class='ocrx_word' id='word_1_313' title='bbox 545 2107 632 2144; x_wconf 89' lang='lat' dir='ltr'>ficut</span> <span class='ocrx_word' id='word_1_314' title='bbox 649 2108 708 2143; x_wconf 86' lang='lat' dir='ltr'>alii</span> <span class='ocrx_word' id='word_1_315' title='bbox 726 2108 889 2144; x_wconf 79' lang='lat' dir='ltr'>canonic-i</span> <span class='ocrx_word' id='word_1_316' title='bbox 915 2121 1039 2144; x_wconf 92' lang='lat' dir='ltr'>omnes</span> <span class='ocrx_word' id='word_1_317' title='bbox 1066 2113 1235 2144; x_wconf 89' lang='lat' dir='ltr'>tenentur</span> <span class='ocrx_word' id='word_1_318' title='bbox 1258 2108 1374 2144; x_wconf 84' lang='lat' dir='ltr'>facere</span> <span class='ocrx_word' id='word_1_319' title='bbox 1397 2107 1511 2143; x_wconf 87' lang='lat' dir='ltr'>statim</span> <span class='ocrx_word' id='word_1_320' title='bbox 1536 2107 1611 2155; x_wconf 86' lang='lat' dir='ltr'>post</span> <span class='ocrx_word' id='word_1_321' title='bbox 1635 2108 1684 2142; x_wconf 90' lang='lat' dir='ltr'>in—</span> 
     </span>
     <span class='ocr_line' id='line_1_33' title="bbox 189 2164 1685 2214; baseline -0.001 -13"><span class='ocrx_word' id='word_1_322' title='bbox 189 2165 420 2202; x_wconf 82' lang='lat' dir='ltr'>stallationem</span> <span class='ocrx_word' id='word_1_323' title='bbox 446 2185 454 2194; x_wconf 90' lang='lat'><strong>·</strong></span> <span class='ocrx_word' id='word_1_324' title='bbox 487 2166 583 2213; x_wconf 93' lang='lat' dir='ltr'>quod</span> <span class='ocrx_word' id='word_1_325' title='bbox 611 2164 635 2201; x_wconf 92' lang='lat' dir='ltr'><strong>fi</strong></span> <span class='ocrx_word' id='word_1_326' title='bbox 663 2166 845 2214; x_wconf 90' lang='lat' dir='ltr'>episcopus</span> <span class='ocrx_word' id='word_1_327' title='bbox 872 2165 987 2201; x_wconf 85' lang='lat' dir='ltr'>facere</span> <span class='ocrx_word' id='word_1_328' title='bbox 1015 2165 1230 2201; x_wconf 87' lang='lat' dir='ltr'>recusaverit</span> <span class='ocrx_word' id='word_1_329' title='bbox 1257 2165 1384 2213; x_wconf 87' lang='lat' dir='ltr'>absque</span> <span class='ocrx_word' id='word_1_330' title='bbox 1413 2165 1510 2200; x_wconf 91' lang='lat' dir='ltr'>omni</span> <span class='ocrx_word' id='word_1_331' title='bbox 1541 2165 1685 2212; x_wconf 87' lang='lat' dir='ltr'>impedi-</span> 
     </span>
     <span class='ocr_line' id='line_1_34' title="bbox 192 2221 1682 2272; baseline -0.001 -14"><span class='ocrx_word' id='word_1_332' title='bbox 192 2229 312 2259; x_wconf 90' lang='lat' dir='ltr'>mento</span> <span class='ocrx_word' id='word_1_333' title='bbox 330 2223 440 2272; x_wconf 91' lang='lat' dir='ltr'>ipsum</span> <span class='ocrx_word' id='word_1_334' title='bbox 461 2223 654 2271; x_wconf 90' lang='lat' dir='ltr'>capitulum</span> <span class='ocrx_word' id='word_1_335' title='bbox 674 2228 783 2271; x_wconf 91' lang='lat' dir='ltr'>prout</span> <span class='ocrx_word' id='word_1_336' title='bbox 796 2223 926 2259; x_wconf 89' lang='lat' dir='ltr'>viderit</span> <span class='ocrx_word' id='word_1_337' title='bbox 940 2223 1107 2272; x_wconf 85' lang='lat' dir='ltr'>expedire</span> <span class='ocrx_word' id='word_1_338' title='bbox 1122 2223 1166 2259; x_wconf 92' lang='lat' dir='ltr'>de</span> <span class='ocrx_word' id='word_1_339' title='bbox 1181 2223 1278 2259; x_wconf 64' lang='lat' dir='ltr'>dieta</span> <span class='ocrx_word' id='word_1_340' title='bbox 1291 2223 1472 2271; x_wconf 90' lang='lat' dir='ltr'>prebenda</span> <span class='ocrx_word' id='word_1_341' title='bbox 1485 2221 1661 2257; x_wconf 89' lang='lat' dir='ltr'>ordinabit</span> <span class='ocrx_word' id='word_1_342' title='bbox 1675 2241 1682 2248; x_wconf 92' lang='lat'><strong>·</strong></span> 
     </span>
     <span class='ocr_line' id='line_1_35' title="bbox 192 2277 1683 2330; baseline -0.002 -14"><span class='ocrx_word' id='word_1_343' title='bbox 192 2280 323 2317; x_wconf 90' lang='lat' dir='ltr'>Nullus</span> <span class='ocrx_word' id='word_1_344' title='bbox 345 2286 465 2317; x_wconf 88' lang='lat' dir='ltr'>autem</span> <span class='ocrx_word' id='word_1_345' title='bbox 491 2280 673 2330; x_wconf 87' lang='lat' dir='ltr'>episcopus</span> <span class='ocrx_word' id='word_1_346' title='bbox 690 2280 800 2316; x_wconf 86' lang='lat' dir='ltr'>alium</span> <span class='ocrx_word' id='word_1_347' title='bbox 818 2281 991 2317; x_wconf 87' lang='lat' dir='ltr'>vicarium</span> <span class='ocrx_word' id='word_1_348' title='bbox 1010 2280 1190 2317; x_wconf 90' lang='lat' dir='ltr'>tenebitur</span> <span class='ocrx_word' id='word_1_349' title='bbox 1207 2280 1337 2317; x_wconf 89' lang='lat' dir='ltr'>habere</span> <span class='ocrx_word' id='word_1_350' title='bbox 1356 2280 1393 2315; x_wconf 91' lang='lat' dir='ltr'>in</span> <span class='ocrx_word' id='word_1_351' title='bbox 1411 2277 1552 2316; x_wconf 79' lang='lat' dir='ltr'>ecclefia</span> <span class='ocrx_word' id='word_1_352' title='bbox 1570 2278 1683 2314; x_wconf 89' lang='lat' dir='ltr'>cathe-</span> 
     </span>
    </p>
   </div>
  </div>
 </body>
</html>
