1912 2660
232 1778 276 1809 14

319 59 392 95 466
794 61 976 98 CARTE
1003 61 1347 99 ORIGINALES.

319 159 423 194 terris
442 163 475 194 et
495 158 592 206 aquis
611 179 619 188 ·
639 160 675 195 in
689 160 799 207 pratis
813 165 849 196 et
866 160 999 209 pascuis
1018 180 1026 188 ·
1041 161 1079 196 in
1097 161 1206 196 moris
1224 165 1260 196 et
1278 158 1430 194 marefiis
1444 177 1453 188 ·
1471 159 1510 194 in
1527 160 1593 195 viis
1611 165 1648 196 et
1664 161 1794 198 semitis
1806 182 1814 191 ·

321 216 358 250 in
378 215 506 264 stagnis
524 222 559 252 et
577 217 792 254 molendinis
811 237 819 246 ·
838 218 875 253 in
893 218 1048 266 piscariis
1066 237 1075 246 ·
1093 217 1177 253 feris
1195 222 1230 253 et
1244 217 1367 252 avibus
1381 236 1390 244 ·
1410 222 1446 252 et
1460 229 1542 252 cum
1561 218 1726 254 omnibus
1743 219 1819 255 aliis

320 273 542 310 libertatibus
560 280 596 310 et
613 274 834 323 ayfiamentis
851 275 895 310 ad
915 275 1048 311 dietam
1066 280 1198 310 terram
1217 273 1477 322 pertinentibus
1498 274 1557 310 vel
1584 275 1628 311 de
1648 275 1733 323 jure
1759 277 1819 312 ali-

320 343 391 377 quo
418 336 582 378 tempore
610 333 789 381 pertinere
814 332 1015 368 valentibus
1037 351 1046 360 ·
1076 332 1257 367 Faciendo
1276 331 1359 366 inde
1378 331 1530 378 predie'fi
1549 332 1715 369 dominus
1733 334 1820 370 Wil-

317 387 446 424 lelmus
464 394 499 425 et
518 389 603 425 Ada
630 391 752 438 sponsa
769 390 828 425 sua
846 395 882 425 et
898 390 1047 425 heredes
1073 389 1169 424 diete
1196 388 1279 424 Ade
1305 388 1517 424 forinsecum
1544 389 1731 426 servicium
1757 392 1819 427 do-

319 446 417 481 mino
438 447 572 483 Comiti
590 448 635 483 de
654 448 850 483 Stradhern
872 452 1046 494 quantum
1064 447 1109 481 ad
1129 446 1262 481 dietam
1280 451 1413 482 terram
1431 446 1588 494 pertinet
1605 447 1734 484 scilicet
1751 449 1819 485 ser-

316 503 448 539 vicium
468 505 694 541 Scoticanum
710 509 727 527 ·
742 524 752 533 ·
780 504 983 540 Reddendo
1002 504 1107 539 etiam
1127 504 1313 539 annuatim
1332 503 1479 539 domino
1498 505 1620 540 comiti
1638 505 1682 541 de
1697 505 1817 541 Strad-

316 562 406 597 hern
426 563 615 598 duodecim
634 563 799 598 denarios
825 562 963 609 argenti
991 562 1036 596 de
1063 561 1225 609 IJredieta
1250 566 1347 597 terra
1374 566 1410 596 et
1432 561 1539 597 michi
1567 568 1603 598 et
1628 562 1817 599 heredibus

315 620 403 654 meis
427 620 580 668 prediefi
599 620 765 655 dominus
783 619 986 654 VVillelmus
1004 624 1040 654 et
1059 618 1143 654 Ada
1168 619 1290 667 sponsa
1317 619 1376 654 sua
1401 618 1474 654 filia
1500 632 1579 655 mea.
1605 625 1641 655 et
1666 620 1815 657 heredes

316 677 412 712 di&e
432 677 515 713 Ade
543 691 655 712 unum
687 677 873 712 denarium
902 677 1042 724 argenti
1071 676 1256 712 annuatim
1284 676 1330 712 ad
1357 675 1598 712 Pentecostem
1625 690 1690 725 pro
1718 679 1817 714 omni

316 735 461 770 servicio
490 735 664 770 seculari·
694 733 951 770 consuetudine
973 753 982 761 ·
1012 734 1201 769 exae’tione
1230 739 1265 769 et
1294 734 1471 769 demanda
1489 753 1497 761 ·
1526 735 1574 769 ita
1602 736 1698 782 quod
1727 736 1815 771 dieti

315 792 481 827 dominus
500 792 700 827 W'illelmus
728 791 772 826 de
798 790 963 827 moravia
990 795 1027 826 et
1049 790 1133 826 Ada
1160 791 1283 839 sponsa
1309 790 1369 826 sua
1396 790 1469 826 filia
1496 804 1575 827 mea
1603 798 1638 828 et
1666 793 1815 829 heredes

315 850 410 885 diete
430 849 512 884 Ade
530 849 631 884 liberi
651 853 757 884 erunt
775 852 811 883 et
829 848 939 895 quieti
958 848 1001 883 ab
1020 848 1186 883 omnibus
1203 848 1304 883 sectis
1321 848 1419 884 curie
1446 854 1482 883 et
1508 849 1637 884 wardis
1664 855 1699 885 et
1726 850 1814 886 rele-

314 907 379 942 viis
405 912 439 942 et
467 906 607 941 auxiliis
633 919 702 953 que
729 919 749 940 a
774 918 831 941 me
848 911 887 941 et
904 905 1094 941 heredibus
1111 906 1199 941 meis
1217 905 1312 953 exigi
1330 910 1502 953 poterunt
1520 925 1529 933 ·
1552 919 1619 954 pro
1638 907 1736 943 dicto
1756 908 1815 944 de-

316 965 417 999 nario
448 964 585 1012 prefato
611 963 767 999 termino
798 963 1034 1011 persolvendo
1053 982 1062 991 ·
1090 963 1170 1011 Ego
1196 976 1284 999 vero
1304 963 1477 999 Muriella
1504 968 1540 999 et
1567 964 1716 1000 heredes
1743 966 1813 1001 mei

312 1027 422 1057 totam
453 1021 653 1069 medietam
683 1025 816 1056 terram
845 1021 889 1056 de
915 1020 1141 1069 Tulibardyn
1169 1021 1349 1070 sepediEto
1377 1021 1525 1056 domino
1554 1020 1736 1058 Willelmo
1768 1024 1811 1059 de

313 1079 475 1115 moravia
493 1085 528 1114 et
548 1079 631 1114 Ade
655 1078 776 1127 sponse
800 1078 859 1115 sue
877 1079 949 1115 filie
967 1091 1045 1114 mee
1064 1084 1100 1114 et
1117 1079 1308 1115 heredibus
1326 1078 1422 1114 diete
1443 1079 1526 1115 Ade
1544 1084 1671 1115 contra
1688 1093 1811 1116 omnes

311 1137 475 1172 homines
493 1142 528 1172 et
546 1136 695 1172 seminas
707 1136 1019 1172 warantizabimus
1038 1156 1047 1165 ·
1067 1137 1345 1184 acquietabimus
1358 1137 1395 1172 in
1408 1142 1622 1185 perpetuum
1641 1143 1677 1174 et
1694 1138 1813 1174 desen-

311 1194 435 1229 demus
454 1213 462 1222 ·
492 1194 537 1229 In
566 1193 667 1242 cujus
694 1195 747 1230 rei
775 1194 1015 1230 testimonium
1042 1194 1195 1242 presenti
1222 1194 1351 1243 scripto
1375 1193 1526 1242 sigillum
1544 1207 1665 1231 meum
1683 1209 1813 1244 appen-

311 1252 385 1287 sum
405 1251 452 1287 est
471 1271 479 1279 ·
509 1251 591 1287 Hiis
610 1251 752 1287 testibus
767 1271 775 1280 ·
796 1252 943 1287 domino
963 1251 1103 1288 Malifio
1123 1253 1253 1288 comite
1272 1252 1316 1287 de
1336 1252 1532 1288 Stradhern
1551 1272 1559 1280 ·
1579 1253 1732 1288 dominis
1747 1254 1811 1289 Pa-

310 1310 414 1344 tricio
439 1309 483 1345 de
502 1309 664 1346 Graham
689 1315 725 1345 et
743 1309 926 1345 Willelmo
955 1310 999 1346 de
1029 1309 1223 1346 Rotheuen
1247 1309 1418 1345 militibus
1437 1328 1446 1338 ·
1475 1310 1622 1345 domino
1651 1310 1810 1358 Hugone

310 1367 380 1402 Dei
400 1368 514 1414 gratia
531 1367 656 1403 abbate
671 1368 715 1403 de
736 1367 856 1403 Insula
872 1368 1051 1403 miffarum
1071 1387 1079 1395 ·
1095 1368 1242 1403 domino
1260 1367 1437 1403 Nicholao
1455 1368 1597 1403 refitore
1611 1367 1751 1404 ecclefie
1767 1370 1810 1405 de

312 1424 413 1460 Creff
421 1444 428 1452 ·
445 1425 591 1460 domino
607 1424 708 1460 Beda
721 1425 863 1461 rectore
882 1424 1023 1461 ecclefie
1042 1425 1085 1461 de
1104 1424 1281 1473 Muyethe
1294 1444 1303 1453 ·
1323 1425 1505 1460 Duncano
1519 1425 1564 1461 de
1579 1425 1785 1462 Buchfuder
1800 1446 1808 1454 ·

311 1481 508 1519 Malcolmo
528 1483 572 1519 de
591 1482 851 1519 Glendochrad
870 1502 879 1511 ·
899 1483 1031 1520 Colino
1048 1482 1123 1519 filio
1143 1482 1318 1531 Gilleglas
1337 1501 1346 1511 ·
1365 1487 1401 1519 et
1419 1483 1540 1518 multis
1557 1483 1635 1519 aliis
1653 1503 1662 1512 ·

312 1655 549 1692 Confirmatio
570 1656 721 1693 Henrici
739 1657 802 1692 filii
821 1655 952 1692 Malifii
971 1676 979 1684 ·

312 1771 490 1807 Omnibus
513 1771 582 1807 hoc
606 1772 772 1820 scriptum
790 1772 916 1808 visuris
938 1771 996 1808 vel
1022 1771 1197 1807 audituris
1222 1770 1404 1808 Henricus
1429 1770 1523 1806 filius
1549 1770 1728 1817 quondam
1749 1770 1810 1805 do-

311 1830 398 1864 mini
418 1828 542 1866 malifii
561 1829 735 1865 senescalli
755 1830 799 1865 de
818 1830 1027 1866 stratheren
1045 1835 1205 1865 eternam
1223 1829 1261 1864 in
1276 1828 1438 1865 Domino
1456 1828 1603 1864 salutem
1618 1847 1627 1856 ·
1655 1827 1809 1864 Noverit

350 1913 366 1929 *·
389 1911 423 1938 In
437 1911 523 1939 alteru
537 1915 610 1939 carta
624 1910 744 1949 ejufilem
759 1911 898 1939 donatoris
913 1911 942 1939 in
957 1911 1054 1940 ceteris
1069 1910 1197 1939 omnibus
1211 1910 1277 1939 huic
1291 1915 1365 1939 carte
1380 1909 1461 1938 simili
1475 1910 1520 1938 hic
1534 1908 1722 1948 interponitur
1732 1920 1781 1938 2-

348 1963 376 1987 et
394 1958 495 1987 sectam
517 1958 592 1986 curie
612 1958 678 1986 dicti
697 1958 802 1986 domini
819 1958 938 1987 Comitis
953 1970 960 1978 ·
981 1959 1020 1987 Et
1041 1958 1135 1987 licebit
1155 1957 1280 1997 predicto
1301 1958 1414 1987 domino
1430 1957 1574 1986 Willelmo
1588 1958 1623 1985 de
1638 1956 1768 1985 Moravia
1781 1961 1809 1986 et

307 2006 413 2044 prefate
430 2006 490 2033 Ade
504 2004 599 2044 sponse
614 2005 660 2033 sue
674 2009 702 2034 et
716 2005 861 2034 heredibus
879 2006 953 2035 dicte
969 2006 1031 2034 Ade
1051 2006 1203 2044 predictam
1224 2011 1327 2034 terram
1348 2010 1380 2034 ut
1398 2005 1580 2044 prescriptum
1594 2004 1633 2033 est
1647 2004 1681 2033 de
1694 2004 1808 2032 domino

310 2053 420 2082 Comite
433 2053 466 2081 de
483 2053 626 2082 Sti-athera
641 2053 670 2080 in
684 2053 773 2091 capite
787 2057 882 2081 tenere
895 2054 1003 2091 quando
1018 2053 1092 2083 dicto
1106 2053 1219 2082 domino
1230 2053 1336 2082 Comiti
1346 2057 1375 2082 et
1386 2053 1461 2082 dicto
1472 2052 1615 2082 Willelmo
1628 2052 1662 2080 de
1679 2051 1809 2080 Moravia

307 2106 335 2130 et
350 2101 456 2139 prefate
471 2101 533 2129 Ade
548 2100 646 2138 sponse
659 2099 706 2129 sue
720 2105 748 2129 et
761 2100 905 2129 heredibus
921 2101 993 2129 dicte
1009 2101 1071 2129 Ade
1090 2101 1225 2139 placuerit
1243 2100 1301 2130 fine
1319 2101 1410 2140 aliqua
1429 2099 1647 2130 contradictione
1661 2099 1708 2128 vel
1721 2099 1807 2138 impe-

307 2148 430 2177 dimento
445 2148 499 2177 mei
514 2148 559 2177 vel
572 2148 705 2177 heredum
720 2157 855 2177 meorum.
895 2148 1055 2183 Reddendo,
1071 2149 1121 2177 &c-
