1912 2660
309 134 381 166 344
707 131 1022 168 REGISTRUM
1051 131 1414 168 MORAVIENSE.

308 230 400 265 natis
419 249 427 258 ·
458 230 597 273 Quibus
620 231 810 267 heredibus
837 231 924 267 (1ὶᾶὶί
947 231 1088 267 Thome
1111 230 1271 265 masculis
1290 227 1535 264 deficientibus
1554 246 1562 255 ·
1582 228 1679 275 quod
1696 227 1779 263 abfit
1800 248 1807 255 ·

307 287 474 323 volumus
497 289 593 336 quod
612 289 730 324 dietus
752 290 941 325 comitatus
962 289 1007 324 ad
1032 301 1097 323 nos
1116 292 1151 323 et
1168 286 1318 322 heredes
1335 284 1472 319 nostros
1490 284 1599 320 libere
1617 290 1653 320 et
1671 285 1808 333 integre

307 358 347 380 ac
366 343 437 381 fine
458 346 576 394 aliqua
594 347 881 383 contradictione
899 350 1100 382 revertatur
1119 364 1127 372 ·
1156 343 1336 379 Volumus
1355 341 1460 377 etiam
1481 341 1560 390 [et]
1579 343 1807 379 concedimus

305 416 371 451 pro
395 404 498 439 nobis
515 409 551 439 et
570 404 759 440 heredibus
785 404 910 439 nostris
928 403 1023 450 quod
1043 414 1167 437 omnes
1185 400 1336 435 barones
1350 404 1386 435 et
1403 399 1513 435 libere
1531 405 1694 436 tenentes
1718 401 1804 436 dieti

304 461 493 497 comitatus
519 462 579 509 qui
607 462 650 498 de
677 462 778 497 nobis
805 467 840 496 et
866 459 1166 509 predecessoribus
1194 457 1320 493 nostris
1347 457 1384 492 in
1411 457 1525 504 capite
1547 463 1743 494 tenuerunt
1770 466 1805 494 et

303 531 427 554 eorum
451 520 599 556 heredes
625 520 723 555 dieto
743 519 883 554 Thome
910 523 945 553 et
972 515 1162 551 heredibus
1188 515 1255 550 suis
1281 515 1452 563 predictis
1474 515 1640 563 homagia¹
1658 535 1675 548 ·.
1694 516 1805 552 fideli-

303 582 392 612 tates
413 597 421 605 ·
447 578 556 613 sectas
575 578 672 613 curie
691 582 726 612 et
745 576 865 611 onmia
883 575 951 610 alia
973 573 1113 609 servitia
1134 573 1265 609 faciant
1284 592 1292 601 ·
1311 578 1346 608 et
1364 572 1528 608 baronias
1546 578 1582 609 et
1600 579 1805 610 tenementa

301 633 361 669 sua
387 635 430 670 de
452 635 524 683 ipso
543 641 578 670 et
596 634 785 670 heredibus
807 633 874 668 suis
892 631 1063 680 predififis
1082 631 1125 666 de
1145 636 1264 667 cetero
1290 635 1436 666 teneant
1453 650 1461 658 ·
1489 630 1590 666 salvis
1608 636 1728 668 tamen
1746 632 1804 667 ba-

300 692 447 728 ronibus
472 698 507 728 et
532 693 641 728 libere
666 691 870 727 tenentibus
893 689 1062 738 predictis
1080 702 1120 724 ac
1139 702 1264 724 eorum
1285 688 1475 724 heredibus
1487 688 1629 737 juribus
1647 694 1683 725 et
1700 689 1803 725 liber-

299 749 431 785 tatibus
449 751 627 785 curiarum
646 750 786 784 suarum
810 748 985 782 haetenus
1002 746 1094 795 juste
1118 745 1250 781 ufitatis
1269 766 1277 774 ·
1306 746 1486 782 Volumus
1507 746 1649 795 insuper
1667 753 1703 783 et
1720 761 1803 783 con-

297 807 456 843 cedimus
483 808 579 855 quod
608 807 711 854 burgi
738 811 774 841 et
797 805 988 852 burgenses
1016 804 1066 839 sui
1094 804 1138 839 de
1158 804 1274 851 Elgyn
1291 823 1299 831 ·
1328 804 1372 839 de
1392 803 1501 840 Fores
1517 824 1525 832 ·
1551 810 1586 840 et
1610 805 1653 840 de.
1675 805 1801 841 Inwir-

298 877 410 900 narne
429 865 565 900 easdem
586 864 766 899 libertates
792 862 946 898 habeant
973 866 1008 897 et
1032 866 1222 897 exerceant
1243 874 1329 909 quas
1350 867 1511 910 tempore
1536 862 1672 897 domini
1691 863 1802 899 Alex-

296 922 399 957 andri
428 922 538 969 Regis
566 921 688 957 Scocie
715 919 869 968 predicti
896 924 932 955 et
958 919 1077 955 nostro
1101 919 1305 955 habuerunt
1324 938 1332 948 ·
1360 919 1428 955 hoc
1455 919 1568 955 solum
1591 920 1685 957 salvo
1704 922 1801 969 quod

295 980 339 1015 de
364 979 465 1015 nobis
491 978 660 1015 tenebant
685 977 756 1013 fine
784 977 902 1013 medio
930 982 966 1013 et
989 990 1087 1013 nunc
1114 978 1158 1013 de
1186 978 1313 1013 eodem
1337 977 1479 1014 Comite
1497 983 1622 1014 tenent
1640 991 1720 1014 cum
1741 980 1800 1014 eis-

295 1038 376 1073 dem
404 1037 625 1073 libertatibus
644 1056 652 1063 ·
681 1035 788 1071 Salvo
807 1035 913 1071 etiam
932 1035 1035 1071 nobis
1054 1041 1089 1071 et
1107 1035 1297 1072 heredibus
1321 1034 1447 1071 nostris
1464 1035 1502 1071 in
1519 1036 1585 1072 hac
1605 1036 1798 1073 donatione

295 1095 410 1130 nostra
441 1095 555 1142 burgo
583 1093 702 1129 nostro
732 1094 777 1129 de
806 1093 996 1129 Inwirness
1023 1107 1104 1129 cum
1131 1094 1212 1130 loco
1239 1093 1368 1130 castelli
1395 1099 1431 1130 et
1457 1094 1560 1130 terris
1588 1095 1633 1130 ad
1660 1096 1798 1132 difflmm

292 1154 446 1200 burgum
464 1152 727 1201 pertinentibus
745 1165 826 1187 cum
845 1152 1038 1200 piscatione
1052 1165 1143 1199 aque
1158 1152 1202 1188 de
1216 1152 1296 1188 Niss
1311 1157 1346 1188 et
1360 1165 1441 1188 cum
1461 1152 1676 1188 molendinis
1694 1153 1797 1202 burgi

290 1210 445 1258 ejusdem
465 1223 544 1246 cum
565 1210 705 1257 sequela
723 1210 810 1245 dicti
828 1210 933 1258 burgi
948 1216 983 1246 et
997 1215 1174 1246 terrarum
1190 1210 1235 1246 ad
1249 1210 1360 1258 ipsum
1374 1211 1529 1258 burgum
1544 1213 1796 1248 tantummodo

289 1268 545 1316 pertinentium
566 1288 574 1296 ·
604 1274 639 1304 et
665 1268 766 1304 salvis
793 1267 896 1303 nobis
923 1273 959 1304 et
985 1268 1176 1304 heredibus
1202 1267 1328 1304 nostris
1358 1268 1588 1304 fidelitatibus
1619 1269 1796 1318 episcopo-

288 1339 366 1361 rum
387 1346 395 1354 ·
415 1326 581 1362 abbatum
602 1347 610 1354 ·
630 1327 789 1375 priorum
822 1332 857 1362 et
883 1326 1036 1362 aliorum
1065 1326 1286 1374 prelatorum
1314 1325 1457 1363 ecclefie
1485 1326 1716 1363 (Doravienfis
1732 1347 1739 1356 ·
1759 1334 1795 1363 et

287 1384 522 1420 advocatione
546 1385 604 1420 seu
622 1384 705 1433 jure
732 1389 943 1433 patronatus
965 1383 1188 1420 ecclefiarum
1208 1384 1403 1420 earundem
1423 1404 1431 1412 ·
1451 1390 1487 1420 et
1505 1398 1630 1420 eorum
1648 1385 1737 1421 statu
1756 1386 1794 1421 in

287 1442 452 1477 omnibus
479 1456 584 1490 quem
612 1443 815 1479 habuerunt
843 1448 1006 1491 tempore
1031 1442 1142 1490 Regis
1166 1442 1366 1478 Alexandri
1397 1442 1550 1492 predicti
1580 1448 1615 1478 et
1640 1443 1793 1479 aliorum

287 1502 571 1547 predecessorum
592 1501 792 1537 nostrorum
815 1502 959 1550 Regum
976 1501 1093 1537 Scotie
1109 1521 1117 1529 ·
1137 1507 1288 1550 excepto
1303 1502 1400 1549 quod
1419 1502 1581 1537 homines
1595 1502 1793 1537 eorundem

286 1559 382 1594 citati
402 1572 464 1607 per
482 1572 547 1594 nos
566 1560 610 1595 ad
631 1559 869 1596 defensionem
885 1560 988 1608 regni
1007 1559 1116 1595 nostri
1135 1560 1325 1595 intendant
1338 1559 1470 1595 vexillo
1490 1565 1525 1595 et
1539 1559 1633 1607 sequi
1649 1564 1793 1595 tenean-

286 1623 346 1651 tur
371 1617 539 1653 vexillum
569 1618 657 1653 dicti
682 1617 825 1654 Thome
852 1618 992 1654 comitis
1018 1623 1054 1653 et
1080 1618 1252 1653 heredum
1280 1618 1424 1653 suorum
1447 1617 1693 1666 predi&orum
1720 1630 1793 1652 una

286 1687 366 1709 cum
395 1675 471 1723 alijs
497 1675 556 1722 qui
578 1676 749 1711 vexillum
770 1675 934 1713 moravie
951 1675 1047 1723 sequi
1065 1675 1223 1711 solebant
1241 1676 1436 1723 antiquitus
1456 1694 1464 1703 ·
1493 1675 1671 1710 Faciendo
1689 1675 1791 1710 nobis

287 1738 322 1767 et
340 1732 529 1768 heredibus
547 1733 672 1768 nostris
692 1734 811 1769 dictus
830 1733 989 1769 Thomas
1012 1739 1048 1769 et
1070 1734 1218 1769 heredes
1241 1733 1290 1768 sui
1310 1732 1463 1781 predicti
1481 1745 1546 1781 pro
1566 1733 1664 1768 dicto
1683 1733 1791 1768 comi-

286 1795 363 1824 tatu
382 1789 566 1826 servicium
587 1792 670 1826 octo
689 1792 838 1828 militum
859 1792 896 1826 in
915 1792 1073 1827 exercitu
1093 1791 1211 1827 nostro
1227 1811 1235 1819 ·
1255 1796 1291 1827 et
1310 1791 1535 1827 Scoticanum
1555 1790 1734 1826 servitium
1755 1796 1790 1826 et

286 1847 456 1882 auxilium
474 1848 517 1883 de
537 1847 680 1895 lingulis
699 1850 834 1885 davatis
852 1850 1012 1886 debitum
1031 1856 1067 1885 et
1085 1850 1292 1885 consuetum
1311 1848 1562 1884 tantummodo
1578 1868 1586 1876 ·
1605 1847 1676 1884 fine
1694 1849 1789 1884 sefihz

286 1905 383 1940 curie
402 1906 445 1940 ad
465 1919 713 1953 quamcunque
733 1908 866 1943 curiam
886 1908 1040 1943 nostram
1058 1908 1219 1943 facienda
1238 1927 1246 1935 ·
1277 1907 1320 1942 In
1345 1906 1445 1955 cujus
1471 1907 1521 1942 rei
1549 1906 1788 1942 testimonium

285 1963 437 2011 presenti
465 1969 560 1999 carte
588 1963 703 1999 nostre
726 1963 877 2012 sigillum
895 1965 1052 2001 nostrum
1072 1966 1296 2014 precepimus
1315 1965 1445 2014 apponi
1465 1984 1473 1992 ·
1502 1963 1665 2000 Testibus
1683 1977 1789 2000 vene-

285 2021 454 2056 rabilibus
486 2021 642 2069 patribus
671 2021 852 2058 willelmo
885 2024 1004 2059 Sancti
1037 2023 1187 2060 Andree
1206 2043 1215 2051 ·
1248 2023 1430 2059 Willelmo
1462 2021 1757 2058 Dunkeldenenfi
1776 2041 1784 2050 ·

286 2078 447 2114 Heni-ico
469 2078 713 2114 Aberdenenfi
732 2080 804 2115 Dei
822 2081 937 2128 gratia
958 2081 1127 2130 episcopis
1147 2101 1155 2109 ·
1185 2081 1371 2118 Bernardo
1389 2080 1514 2116 abbate
1533 2081 1577 2116 de
1598 2081 1787 2117 Abirbrot-

282 2137 386 2172 thocc
406 2136 616 2172 cancellario
641 2136 759 2172 nostro
779 2157 786 2165 ·
815 2138 1008 2174 (Dalcolmo
1028 2140 1158 2175 comite
1178 2139 1348 2176 Levenax
1366 2158 1375 2167 ο
1404 2138 1570 2175 Gilberto
1590 2139 1634 2174 de
1656 2138 1761 2187 Haya
1776 2159 1784 2167 ·

283 2194 445 2230 Roberto
464 2194 507 2229 de
530 2194 625 2230 Keth
644 2195 845 2231 marescallo
865 2196 986 2232 Scocie
1002 2216 1009 2224 ·
1031 2197 1243 2234 Alexandro
1262 2199 1455 2246 (Deygners
1473 2216 1481 2224 ·
1502 2202 1538 2233 et
1558 2196 1719 2233 Henrico
1739 2197 1783 2233 de

282 2254 412 2289 Sancto
433 2252 540 2291 Claro
559 2252 727 2289 militibus
746 2273 753 2280 ·
