2060 2660
72 440 141 473 183

562 172 878 210 REGISTRUM
906 173 1269 211 MORAVIENSE.
1588 181 1659 214 213

169 329 352 367 Sententia
369 328 696 364 Commiffariorum
717 328 820 376 super
839 328 984 364 decimis
1003 334 1165 365 ortorum
1185 329 1229 365 de
1249 330 1367 378 Elgyn
1383 350 1390 358 ·

169 445 260 481 Cum
279 444 373 479 inter
391 444 626 479 reverendum
646 444 684 478 in
703 443 843 479 Christo
862 449 999 492 patrem
1019 444 1204 479 dominum
1220 444 1441 480 WVillelmum
1460 445 1532 481 Dei
1549 447 1661 492 gratia

167 502 367 551 episcopum
392 502 652 538 moraviensem
681 515 725 536 ex
752 507 853 550 parte
879 515 952 537 una
983 507 1019 537 et
1042 502 1230 538 discretum
1254 501 1371 537 virum
1401 503 1585 538 dominum
1603 504 1663 540 Jo-

166 561 318 595 hannem
345 559 388 594 de
408 559 634 595 Abirkerdor
651 560 824 595 vicarium
843 560 887 595 de
907 559 1026 607 Elgyn
1044 572 1088 595 ex
1106 559 1218 595 altera
1236 579 1244 587 ·
1276 559 1378 607 super
1402 560 1546 595 decimis
1570 567 1663 595 orto-

165 631 244 653 rum
268 623 340 653 tam
360 630 538 653 novorum
557 631 664 665 quam
688 617 918 664 antiquorum
938 637 947 645 ·
967 617 1008 652 lis
1026 622 1062 653 et
1080 617 1213 665 questio
1232 622 1438 653 moveretur
1457 637 1465 645 ·
1493 618 1587 653 idem
1612 631 1664 654 re-

165 676 342 711 verendus
368 680 469 723 pater
496 695 505 703 ·
534 688 616 711 cum
641 675 743 710 causa
764 675 824 710 illa
842 675 954 723 ipsum
972 680 1137 723 tangeret
1154 674 1280 710 nolens
1299 675 1336 710 in
1354 675 1425 723 ipsa
1442 675 1634 723 procedere
1655 696 1662 703 ·

166 733 412 781 cognicionem
440 732 543 781 ipsius
573 739 609 769 et
638 733 977 769 determinacionem
1002 746 1068 781 pro
1095 733 1157 768 suo
1184 732 1360 768 duntaxat
1384 738 1545 781 tempore
1563 733 1664 768 nobis

166 791 347 826 willelmo
372 791 416 826 de
435 790 622 827 Cheshelm
643 791 861 827 thesaurario
888 797 924 827 et
944 790 1103 827 Johanni
1131 791 1175 826 de
1199 790 1332 839 Inneys
1358 790 1593 839 prebendario
1621 792 1664 826 de

166 848 321 884 Duffous
347 862 428 884 cum
454 849 718 897 emergentibus
741 849 981 884 incidentibus
1003 848 1287 897 dependentibus
1315 853 1351 884 et
1379 849 1549 884 connexis
1573 862 1666 884 com-

166 905 269 941 miffit
288 926 296 934 ·
332 907 410 942 Nos
436 920 522 942 vero
542 907 744 942 iVillelmus
770 912 806 942 et
831 907 1017 944 ,Iohannes
1042 907 1195 955 predicti
1215 926 1224 934 ·
1252 906 1382 942 auditis
1405 905 1482 942 vifis
1506 912 1541 942 et
1565 907 1666 942 intel-

166 964 268 999 lectis
295 963 430 999 statutis
458 965 734 1013 provincialibus
762 965 864 1013 regni
893 965 1015 1000 Scocie
1040 970 1076 1000 et
1102 964 1299 1000 rationibus
1322 964 1503 1012 utriusque
1529 965 1639 1012 partis
1658 984 1665 991 ·

167 1021 296 1059 Christi
323 1022 469 1057 nomine
497 1023 663 1058 invocato
691 1042 700 1050 ·
728 1022 887 1058 sedentes
915 1036 980 1071 pro
1007 1022 1178 1058 tribunali
1205 1028 1241 1058 et
1267 1022 1437 1058 habentes
1465 1035 1529 1070 pre
1557 1022 1668 1057 oculis

166 1079 278 1115 solum
298 1079 420 1115 Deum
434 1099 442 1107 ·
456 1080 499 1115 de
518 1081 715 1126 peritorum
734 1079 878 1116 confilio
897 1100 905 1108 ·
925 1094 989 1129 per
1007 1080 1098 1116 hanc
1117 1080 1271 1116 nostram
1290 1080 1513 1115 diffinitivam
1532 1080 1668 1115 senten-

167 1138 257 1173 ciam
276 1151 382 1185 quam
401 1138 438 1172 in
457 1138 523 1173 hiis
541 1138 675 1187 scriptis
694 1139 908 1187 proferimus
924 1139 1203 1186 pronunciamus
1217 1138 1443 1174 decernimus
1461 1143 1497 1173 et
1515 1138 1668 1173 declara-

167 1208 245 1230 mus
263 1196 359 1242 quod
377 1195 438 1230 ubi
459 1195 593 1231 constat
619 1197 804 1232 evidenter
833 1196 876 1231 de
905 1196 1073 1231 clausuris
1099 1202 1263 1231 ortorum
1291 1196 1521 1243 antiquorum
1549 1195 1669 1231 secun-

167 1253 252 1288 dum
272 1253 513 1300 prolixitatem
532 1259 695 1289 ortorum
714 1254 913 1289 clausorum
931 1267 1028 1289 nunc
1046 1253 1275 1289 existencium
1295 1273 1303 1281 ·
1322 1253 1420 1300 quod
1438 1253 1573 1288 decime
1591 1253 1667 1287 illo-

166 1323 247 1346 rum
266 1316 428 1346 ortorum
447 1311 492 1346 ad
510 1311 695 1357 Vicarium
717 1311 919 1360 pertineant
942 1317 978 1346 et
1000 1324 1075 1346 non
1096 1311 1141 1346 ad
1161 1311 1375 1359 Episcopum
1395 1330 1403 1338 ·
1432 1310 1667 1346 Declaramus

166 1374 286 1404 tamen
304 1368 400 1416 quod
424 1368 448 1404 fi
471 1369 579 1416 aliqui
598 1369 787 1416 burgenses
805 1369 862 1404 vel
886 1369 945 1404 alii
963 1369 1055 1404 infra
1072 1369 1226 1417 burgum
1245 1381 1357 1417 prope
1382 1373 1479 1404 ortos
1502 1368 1667 1415 antiquos

166 1426 316 1462 fecerint
334 1431 432 1461 ortos
450 1439 563 1462 novos
580 1427 676 1462 ultra
693 1432 804 1463 metas
822 1427 1052 1474 antiquorum
1071 1432 1233 1462 ortorum
1262 1445 1270 1454 ·
1300 1426 1396 1473 quod
1426 1425 1561 1461 decime
1591 1425 1667 1460 illo-

167 1497 248 1519 rum
275 1484 319 1518 ad
346 1483 558 1532 Episcopum
586 1485 789 1532 pertineant
812 1504 820 1512 ·
850 1484 983 1519 Linum
1001 1497 1088 1520 vero
1106 1484 1204 1532 porri
1222 1483 1280 1519 vel
1298 1483 1416 1519 caules
1433 1483 1479 1518 ad
1495 1483 1667 1518 vicarium

166 1541 370 1589 pertineant
393 1541 596 1589 ubicunque
617 1542 751 1577 fuerint
774 1542 942 1578 seminate
961 1562 970 1570 ·
999 1542 1047 1577 Et
1063 1540 1088 1577 11
1106 1542 1292 1589 contingat
1309 1541 1427 1588 aliqua
1441 1541 1548 1576 dubia
1565 1541 1667 1588 super

166 1599 233 1633 hiis
262 1611 445 1646 emergere
475 1599 512 1634 in
542 1599 704 1635 futurum
731 1599 1067 1647 interpretacionem
1096 1605 1132 1635 et
1161 1599 1443 1635 declaracionem
1469 1598 1666 1633 eorundem

166 1656 269 1691 nobis
291 1656 486 1703 specialiter
512 1657 730 1692 reservamus
749 1677 757 1685 ·
786 1657 898 1692 Lecta
916 1657 987 1693 lata
1004 1662 1040 1692 et
1058 1657 1095 1692 in
1113 1657 1247 1705 scriptis
1264 1656 1501 1705 pronunciata
1517 1655 1585 1690 suit
1602 1655 1667 1691 hec

166 1713 284 1749 nostra
302 1713 490 1748 diffinitiva
508 1714 684 1750 sentencia
702 1720 738 1750 et
755 1715 923 1750 ambabus
942 1714 1099 1763 partibus
1124 1714 1344 1763 presentibus
1369 1714 1407 1749 in
1431 1712 1573 1749 ecclefia
1590 1715 1667 1750 mo-

165 1770 314 1807 ravienfi
340 1771 512 1819 peultimo
540 1772 597 1808 die
615 1771 740 1808 menfis
758 1773 845 1809 maii
863 1785 958 1808 anno
974 1772 1126 1808 Domini
1144 1776 1302 1810 ·‹1›⁰·ccc⁰·
1320 1769 1550 1820 nonogesimo
1569 1784 1666 1806 nono

120 1827 122 1829 ¹
164 1829 202 1864 in
221 1830 329 1865 domo
348 1829 534 1876 capitulari
553 1849 561 1857 ·

70 2179 139 2212 184

168 2000 359 2050 Responfio
378 2001 550 2037 Willelmi
569 2002 721 2050 episcopi
739 2002 836 2049 quod
862 2001 1050 2038 subfidium
1071 2002 1117 2038 ad
1142 2002 1313 2039 fabricam
1340 2001 1481 2039 00010110
1508 2014 1582 2037 11011
1607 2002 1664 2037 de-

166 2060 298 2108 pendet
315 2073 360 2096 ex
376 2060 492 2108 gratia
508 2059 709 2095 beneficiati
727 2060 766 2095 in
784 2059 911 2096 diocefi
928 2060 987 2096 sed
1004 2073 1049 2096 ex
1067 2060 1187 2097 debito
1203 2080 1212 2089 ·

167 2174 345 2211 Sinceram
372 2175 411 2210 in
438 2174 600 2210 Domino
627 2175 809 2211 caritatem
836 2180 938 2224 pater
960 2176 1157 2212 reverende
1183 2175 1329 2212 domine
1356 2180 1392 2211 et
1417 2175 1530 2210 amice
1557 2174 1662 2209 karis-

166 2230 247 2268 111110
266 2251 274 2260 ·
303 2232 396 2269 Cum
421 2231 564 2268 ecclesia
583 2232 814 2270 moraviensis
842 2234 954 2282 proch
977 2233 1082 2270 dolor
1104 2233 1145 2270 fit
1168 2232 1348 2270 combusta
1374 2238 1410 2269 et
1433 2230 1574 2267 diocefis
1596 2244 1661 2279 pro

166 2289 291 2338 majori
309 2296 408 2338 parte
427 2290 605 2327 devastata
629 2310 637 2319 ·
667 2291 895 2339 redditusque
921 2291 1085 2341 Episcopi
1111 2297 1147 2329 et
1170 2291 1426 2328 canonicorum
1445 2289 1534 2325 adeo
1554 2288 1661 2324 demi-
