1912 2660
111 1486 182 1522 229

600 168 915 206 REGISTRUM
944 169 1309 208 MORAVIENSE.
1630 183 1700 217 995

210 268 267 305 vel
291 267 406 304 eidem
432 266 676 302 contradicere
700 267 759 302 seu
785 267 888 315 super
915 280 956 303 ea
982 267 1081 303 litem
1108 281 1253 304 movere
1273 288 1281 296 -
1307 270 1426 318 obligo
1451 285 1507 308 me
1528 281 1563 308 et
1584 288 1644 310 eos
1668 277 1705 310 in

210 331 355 362 centum
382 323 479 359 libris
507 323 758 372 sterlingorum
781 324 913 360 fabrice
942 323 1083 360 ecclefie
1108 325 1319 361 cathedralis
1341 327 1539 375 supradicte
1560 333 1704 367 nomine

209 396 301 430 pene
319 382 494 417 solvendis
511 387 594 418 ante
610 394 754 417 omnem
772 381 844 417 litis
862 382 1053 430 ingrefl'um
1069 402 1077 410 -
1096 382 1258 430 presente
1277 383 1471 421 donatione
1489 399 1567 422 mea
1584 389 1706 424 nichil-

211 441 351 476 ominus
379 440 417 474 in
445 439 508 475 suo
535 439 666 475 robore
691 439 925 486 perhenniter
951 439 1124 475 duratura
1142 459 1151 467 ·
1179 445 1215 476 et
1238 440 1323 476 volo
1349 442 1446 488 quod
1469 443 1599 479 totiens
1616 458 1707 492 pena

210 497 410 546 supradicta
428 497 675 533 committatur
699 497 864 545 quotiens
887 497 1040 545 presenti
1069 497 1255 533 donationi
1284 510 1361 534 mee
1384 499 1492 534 fuerit
1510 502 1706 537 contradic-

210 562 286 591 tum
306 568 386 590 cum
406 554 536 590 effectu
557 574 565 583 ·
592 554 778 602 subjiciens
796 554 903 590 etiam
930 567 987 590 me
1013 555 1162 590 heredes
1186 568 1284 590 meos
1307 561 1344 591 et
1368 555 1471 591 nobis
1493 557 1706 594 successuros

205 612 444 661 jurisdictioni
463 612 600 648 domini
622 612 786 661 Episcopi
812 611 1042 649 moravienfis
1067 612 1127 660 qui
1146 625 1211 661 pro
1229 617 1391 661 tempore
1408 613 1516 649 fuerit
1533 620 1595 650 aut
1612 616 1706 651 vices

215 670 291 718 ejus
303 671 461 718 gerentis
478 683 519 706 ac
538 670 683 719 capituli
701 670 752 706 sui
770 670 850 706 sede
868 675 1018 705 vacante
1036 675 1078 705 ut
1095 670 1201 706 liceat
1218 670 1267 706 eis
1286 676 1322 706 et
1339 683 1465 706 eorum
1483 671 1627 707 cuilibet
1653 686 1709 708 me

210 728 357 763 heredes
371 741 469 763 meos
488 734 524 763 et
542 728 643 764 nobis
661 728 874 764 succeffuros
892 728 937 763 ad
956 727 1077 763 omnia
1093 727 1256 776 premiffa
1272 733 1308 763 et
1325 728 1509 775 quodlibet
1532 730 1709 777 premiss'o-

209 799 287 820 rum
312 785 565 821 inviolabiliter
583 785 802 821 observanda
819 799 860 821 ac
880 791 1058 821 terrarum
1083 798 1244 821 mearum
1269 785 1550 833 supradictarum
1576 787 1709 822 incolas

209 849 244 878 et
261 843 446 879 firmarum
464 849 667 892 receptores
684 844 730 879 ad
748 844 959 880 solutionem
979 844 1310 892 prenominatamm
1330 844 1414 879 octo
1433 857 1632 880 marcarum
1647 859 1710 894 per

208 901 451 937 omnimodam
478 902 662 937 censuram
686 900 949 938 eeclefiasticam
976 921 985 929 ·
1011 906 1047 937 et
1072 899 1097 936 fi
1123 914 1213 950 opus
1236 901 1345 937 fuerit
1371 914 1436 950 per
1463 903 1704 939 namationem

209 959 409 1007 captionem
429 964 465 995 et
483 958 739 995 districtionem
760 959 940 995 bonorum
959 965 1032 995 tam
1051 972 1214 995 meorum
1233 959 1407 995 heredum
1425 965 1461 995 et
1478 959 1709 996 suceefforum

208 1029 314 1063 quam
329 1016 527 1052 incolarum
545 1017 743 1053 eorundem
761 1022 798 1053 et
814 1017 998 1052 firmarum
1017 1021 1244 1065 receptorum
1257 1036 1265 1045 ·
1285 1017 1400 1053 arcius
1418 1017 1608 1053 cohercere
1627 1038 1635 1045 ·
1666 1018 1710 1053 In

209 1073 310 1122 cujus
327 1074 379 1109 rei
396 1073 636 1110 testimonium
653 1073 806 1123 figillum
823 1088 945 1110 meum
963 1087 1036 1110 una
1053 1087 1136 1110 cum
1153 1073 1272 1122 figillis
1289 1076 1493 1122 margarete
1513 1094 1520 1102 ·
1542 1074 1659 1111 Alicie
1674 1082 1710 1111 et

210 1131 366 1167 Galfridi
383 1133 716 1180 prenominatorum
734 1132 887 1181 presenti
908 1132 1037 1180 scripto
1060 1131 1108 1168 est
1131 1132 1322 1180 appensum
1342 1151 1350 1160 ·
1380 1132 1519 1168 Datum
1537 1133 1632 1181 apud
1652 1133 1711 1169 El-

209 1202 282 1237 gyn
299 1189 428 1226 ultimo
447 1190 504 1226 die
523 1189 677 1238 Augusti
695 1203 790 1225 anno
810 1190 960 1226 Domini
980 1193 1137 1226 0m⁰·ccc⁰·
1157 1189 1451 1237 quinquagesimo
1464 1209 1472 1217 ·

211 1362 426 1398 Testificatio
445 1363 489 1398 de
508 1364 688 1412 emptione
707 1364 751 1399 de
772 1364 1045 1412 Aberbrandely
1065 1383 1073 1391 ·

210 1477 391 1514 Univerfis
408 1479 527 1514 sancte
550 1479 671 1514 matris
695 1478 835 1515 ecclefie
861 1479 943 1514 filiis
969 1478 1015 1514 ad
1038 1492 1127 1527 quos
1153 1478 1331 1526 presentes
1354 1478 1456 1514 litere
1482 1479 1711 1526 pervenerint

210 1536 411 1572 W'illelmus
434 1537 589 1572 decanus
615 1542 651 1572 et
676 1537 872 1585 capitulum
895 1535 1035 1573 ecclefie
1054 1535 1284 1574 moravienfis
1302 1536 1448 1572 salutem
1466 1536 1504 1571 in
1522 1535 1684 1571 Domino
1702 1556 1709 1563 ·

211 1593 364 1629 Noverit
381 1593 589 1630 universitas
607 1593 719 1630 vestra
737 1595 834 1642 quod
851 1607 917 1630 nos
936 1607 1000 1642 per
1016 1594 1195 1642 presentes
1212 1593 1438 1629 testificamur
1461 1593 1558 1641 quod
1582 1593 1710 1628 nobilis

209 1651 355 1686 domina
378 1651 524 1687 domina
542 1650 704 1688 Ysabella
723 1652 907 1701 Ranulphi
925 1652 1095 1688 comitifl'a
1118 1651 1281 1688 moravie
1304 1664 1386 1687 cum
1409 1650 1470 1686 sua
1489 1651 1634 1699 propria
1651 1664 1710 1697 pe-

210 1709 315 1744 cunia
332 1709 419 1744 emit
437 1709 665 1745 medietatem
684 1715 862 1745 terrarum
881 1710 925 1746 de
944 1709 1220 1757 Aberbrandely
1238 1722 1319 1744 cum
1338 1708 1503 1744 omnibus
1515 1708 1656 1756 juribus
1675 1715 1709 1744 et

210 1766 433 1814 pertinentiis
456 1767 501 1802 ad
528 1767 678 1803 eandem
696 1768 935 1816 spectantibus
956 1768 1016 1804 seu
1038 1768 1076 1802 in
1099 1766 1276 1815 posterum
1295 1766 1453 1815 spectare
1472 1766 1671 1801 valentibus
1690 1780 1709 1801 a

172 1841 175 1843 ·
209 1823 320 1859 nobili
339 1825 417 1859 viro
432 1825 579 1860 domino
599 1824 741 1861 Comite
760 1826 804 1861 de
819 1826 849 1861 F
849 1825 891 1874 ys
904 1853 912 1861 .
932 1831 968 1861 et
985 1826 1053 1861 hoc
1071 1824 1236 1860 omnibus
1254 1837 1408 1871 quorum
1426 1823 1570 1859 interest
1584 1830 1709 1859 tenore

210 1881 423 1929 presentium
438 1881 674 1930 significamus
693 1903 701 1911 ·
731 1883 775 1918 In
793 1883 895 1932 cujus
912 1884 965 1919 rei
983 1882 1222 1919 testimonium
1240 1880 1391 1929 figillum
1410 1893 1601 1917 commune
1619 1882 1710 1929 capi-

210 1939 277 1974 tuli
300 1939 492 1987 supradicti
519 1940 738 1988 presentibus
766 1940 815 1977 est
848 1941 1040 1989 appensum
1067 1940 1162 1988 apud
1186 1939 1382 1988 capitulum
1408 1938 1567 1974 nostrum
1593 1938 1710 1986 supra-

211 1996 347 2032 dictum
375 1997 411 2032 in
437 1997 522 2033 festo
547 1998 808 2035 Purificationis
833 1999 935 2035 beate
961 1998 1075 2036 oearie
1094 1997 1255 2045 Virginis
1281 2010 1377 2033 anno
1408 1997 1521 2044 gratie
1550 2000 1706 2033 -‹o⁰-ccc⁰·

211 2054 502 2103 quinquagesimo
516 2075 524 2084 ·
