<?xml version="1.0" encoding="UTF-8"?>
<!DOCTYPE html PUBLIC "-//W3C//DTD XHTML 1.0 Transitional//EN"
    "http://www.w3.org/TR/xhtml1/DTD/xhtml1-transitional.dtd">
<html xmlns="http://www.w3.org/1999/xhtml" xml:lang="en" lang="en">
 <head>
  <title>
</title>
<meta http-equiv="Content-Type" content="text/html;charset=utf-8" />
  <meta name='ocr-system' content='tesseract 3.04.00' />
  <meta name='ocr-capabilities' content='ocr_page ocr_carea ocr_par ocr_line ocrx_word'/>
</head>
<body>
  <div class='ocr_page' id='page_1' title='image "./registrumepisc5800morauoft_0484.png"; bbox 0 0 1912 2660; ppageno 0'>
   <div class='ocr_carea' id='block_1_1' title="bbox 159 2176 229 2210">
    <p class='ocr_par' dir='ltr' id='par_1_1' title="bbox 159 2176 229 2210">
     <span class='ocr_line' id='line_1_1' title="bbox 159 2176 229 2210; baseline 0.029 -3"><span class='ocrx_word' id='word_1_1' title='bbox 159 2176 229 2210; x_wconf 58' lang='lat'><strong>‘298</strong></span> 
     </span>
    </p>
   </div>
   <div class='ocr_carea' id='block_1_2' title="bbox 260 162 1371 205">
    <p class='ocr_par' dir='ltr' id='par_1_2' title="bbox 260 162 1371 205">
     <span class='ocr_line' id='line_1_2' title="bbox 260 162 1371 205; baseline 0.002 -7"><span class='ocrx_word' id='word_1_2' title='bbox 260 162 333 205; x_wconf 82' lang='lat'><strong>376</strong></span> <span class='ocrx_word' id='word_1_3' title='bbox 657 163 976 200; x_wconf 88' lang='lat' dir='ltr'>REGISTRUM</span> <span class='ocrx_word' id='word_1_4' title='bbox 1005 163 1371 200; x_wconf 82' lang='lat' dir='ltr'>MORAVIENSE.</span> 
     </span>
    </p>
   </div>
   <div class='ocr_carea' id='block_1_3' title="bbox 260 319 1272 368">
    <p class='ocr_par' dir='ltr' id='par_1_3' title="bbox 260 319 1272 368">
     <span class='ocr_line' id='line_1_3' title="bbox 260 319 1272 368; baseline -0.002 -12"><span class='ocrx_word' id='word_1_5' title='bbox 260 321 384 356; x_wconf 88' lang='lat' dir='ltr'><strong>Litera</strong></span> <span class='ocrx_word' id='word_1_6' title='bbox 402 320 637 357; x_wconf 82' lang='lat' dir='ltr'>excusationis</span> <span class='ocrx_word' id='word_1_7' title='bbox 656 340 664 349; x_wconf 93' lang='lat'><strong>·</strong></span> <span class='ocrx_word' id='word_1_8' title='bbox 684 326 720 357; x_wconf 91' lang='lat' dir='ltr'><strong>et</strong></span> <span class='ocrx_word' id='word_1_9' title='bbox 738 321 987 368; x_wconf 88' lang='lat' dir='ltr'><strong>procuratoria</strong></span> <span class='ocrx_word' id='word_1_10' title='bbox 1005 333 1071 368; x_wconf 93' lang='lat' dir='ltr'><strong>pro</strong></span> <span class='ocrx_word' id='word_1_11' title='bbox 1090 319 1244 355; x_wconf 89' lang='lat' dir='ltr'><strong>concilio</strong></span> <span class='ocrx_word' id='word_1_12' title='bbox 1264 339 1272 346; x_wconf 94' lang='lat'><em>-</em></span> 
     </span>
    </p>
   </div>
   <div class='ocr_carea' id='block_1_4' title="bbox 256 433 1765 1234">
    <p class='ocr_par' dir='ltr' id='par_1_4' title="bbox 256 433 1765 1234">
     <span class='ocr_line' id='line_1_4' title="bbox 260 433 1763 485; baseline 0 -13"><span class='ocrx_word' id='word_1_13' title='bbox 260 435 441 473; x_wconf 86' lang='lat' dir='ltr'><strong>Univerfis</strong></span> <span class='ocrx_word' id='word_1_14' title='bbox 455 437 634 485; x_wconf 86' lang='lat' dir='ltr'><strong>presentes</strong></span> <span class='ocrx_word' id='word_1_15' title='bbox 647 437 767 472; x_wconf 83' lang='lat' dir='ltr'><strong>literas</strong></span> <span class='ocrx_word' id='word_1_16' title='bbox 781 435 992 484; x_wconf 64' lang='lat' dir='ltr'><strong>inspeeturis</strong></span> <span class='ocrx_word' id='word_1_17' title='bbox 1005 434 1066 469; x_wconf 90' lang='lat' dir='ltr'><strong>·A·</strong></span> <span class='ocrx_word' id='word_1_18' title='bbox 1082 439 1148 470; x_wconf 90' lang='lat' dir='ltr'><strong>etc·</strong></span> <span class='ocrx_word' id='word_1_19' title='bbox 1164 433 1312 469; x_wconf 83' lang='lat' dir='ltr'><strong>salutem</strong></span> <span class='ocrx_word' id='word_1_20' title='bbox 1328 434 1366 468; x_wconf 90' lang='lat' dir='ltr'><strong>in</strong></span> <span class='ocrx_word' id='word_1_21' title='bbox 1380 434 1541 470; x_wconf 89' lang='lat' dir='ltr'><strong>omnium</strong></span> <span class='ocrx_word' id='word_1_22' title='bbox 1557 434 1739 473; x_wconf 83' lang='lat' dir='ltr'><strong>salvatore</strong></span> <span class='ocrx_word' id='word_1_23' title='bbox 1754 457 1763 465; x_wconf 83' lang='lat'><strong>·</strong></span> 
     </span>
     <span class='ocr_line' id='line_1_5' title="bbox 260 490 1764 542; baseline 0 -12"><span class='ocrx_word' id='word_1_24' title='bbox 260 495 444 530; x_wconf 88' lang='lat' dir='ltr'><strong>Noveritis</strong></span> <span class='ocrx_word' id='word_1_25' title='bbox 462 493 615 530; x_wconf 80' lang='lat' dir='ltr'><strong>universi</strong></span> <span class='ocrx_word' id='word_1_26' title='bbox 634 494 731 541; x_wconf 93' lang='lat' dir='ltr'><strong>quod</strong></span> <span class='ocrx_word' id='word_1_27' title='bbox 755 507 820 529; x_wconf 87' lang='lat' dir='ltr'><strong>nos</strong></span> <span class='ocrx_word' id='word_1_28' title='bbox 845 493 941 528; x_wconf 90' lang='lat' dir='ltr'><strong>senio</strong></span> <span class='ocrx_word' id='word_1_29' title='bbox 967 497 1002 527; x_wconf 91' lang='lat' dir='ltr'><strong>et</strong></span> <span class='ocrx_word' id='word_1_30' title='bbox 1027 491 1187 539; x_wconf 88' lang='lat' dir='ltr'><strong>corporis</strong></span> <span class='ocrx_word' id='word_1_31' title='bbox 1205 490 1412 527; x_wconf 85' lang='lat' dir='ltr'><strong>valetudine</strong></span> <span class='ocrx_word' id='word_1_32' title='bbox 1431 490 1579 540; x_wconf 79' lang='lat' dir='ltr'><strong>depressi</strong></span> <span class='ocrx_word' id='word_1_33' title='bbox 1597 494 1764 542; x_wconf 85' lang='lat' dir='ltr'><strong>precipue</strong></span> 
     </span>
     <span class='ocr_line' id='line_1_6' title="bbox 260 549 1764 601; baseline -0.001 -13"><span class='ocrx_word' id='word_1_34' title='bbox 260 558 296 588; x_wconf 89' lang='lat' dir='ltr'><strong>et</strong></span> <span class='ocrx_word' id='word_1_35' title='bbox 322 552 428 588; x_wconf 87' lang='lat' dir='ltr'><strong>etiam</strong></span> <span class='ocrx_word' id='word_1_36' title='bbox 451 558 598 601; x_wconf 89' lang='lat' dir='ltr'><strong>propter</strong></span> <span class='ocrx_word' id='word_1_37' title='bbox 616 551 858 587; x_wconf 80' lang='lat' dir='ltr'><strong>turbationem</strong></span> <span class='ocrx_word' id='word_1_38' title='bbox 876 549 990 598; x_wconf 87' lang='lat' dir='ltr'><strong>patrie</strong></span> <span class='ocrx_word' id='word_1_39' title='bbox 1009 554 1045 584; x_wconf 90' lang='lat' dir='ltr'><strong>et</strong></span> <span class='ocrx_word' id='word_1_40' title='bbox 1063 554 1241 584; x_wconf 88' lang='lat' dir='ltr'><strong>terrarum</strong></span> <span class='ocrx_word' id='word_1_41' title='bbox 1267 553 1302 584; x_wconf 89' lang='lat' dir='ltr'><strong>et</strong></span> <span class='ocrx_word' id='word_1_42' title='bbox 1326 549 1513 585; x_wconf 89' lang='lat' dir='ltr'><strong>hominum</strong></span> <span class='ocrx_word' id='word_1_43' title='bbox 1538 549 1679 587; x_wconf 88' lang='lat' dir='ltr'><strong>ecclesie</strong></span> <span class='ocrx_word' id='word_1_44' title='bbox 1701 551 1764 587; x_wconf 91' lang='lat' dir='ltr'><strong>dis-</strong></span> 
     </span>
     <span class='ocr_line' id='line_1_7' title="bbox 259 606 1764 658; baseline -0.001 -12"><span class='ocrx_word' id='word_1_45' title='bbox 259 611 478 646; x_wconf 65' lang='lat' dir='ltr'><strong>tructionem</strong></span> <span class='ocrx_word' id='word_1_46' title='bbox 497 609 658 657; x_wconf 88' lang='lat' dir='ltr'><strong>impediti</strong></span> <span class='ocrx_word' id='word_1_47' title='bbox 677 608 868 656; x_wconf 85' lang='lat' dir='ltr'>quominus</span> <span class='ocrx_word' id='word_1_48' title='bbox 883 607 927 642; x_wconf 89' lang='lat' dir='ltr'><strong>ad</strong></span> <span class='ocrx_word' id='word_1_49' title='bbox 943 606 1031 642; x_wconf 90' lang='lat' dir='ltr'>istud</span> <span class='ocrx_word' id='word_1_50' title='bbox 1050 606 1242 641; x_wconf 90' lang='lat' dir='ltr'><strong>concilium</strong></span> <span class='ocrx_word' id='word_1_51' title='bbox 1262 606 1400 642; x_wconf 90' lang='lat' dir='ltr'><strong>domini</strong></span> <span class='ocrx_word' id='word_1_52' title='bbox 1414 607 1522 643; x_wconf 88' lang='lat' dir='ltr'><strong>nostri</strong></span> <span class='ocrx_word' id='word_1_53' title='bbox 1539 608 1650 656; x_wconf 86' lang='lat' dir='ltr'><strong>Regis</strong></span> <span class='ocrx_word' id='word_1_54' title='bbox 1667 608 1764 658; x_wconf 85' lang='lat' dir='ltr'><strong>aflig-</strong></span> 
     </span>
     <span class='ocr_line' id='line_1_8' title="bbox 258 663 1763 716; baseline 0 -13"><span class='ocrx_word' id='word_1_55' title='bbox 258 673 384 703; x_wconf 88' lang='lat' dir='ltr'><strong>natum</strong></span> <span class='ocrx_word' id='word_1_56' title='bbox 402 668 497 716; x_wconf 88' lang='lat' dir='ltr'><strong>apud</strong></span> <span class='ocrx_word' id='word_1_57' title='bbox 521 667 575 702; x_wconf 87' lang='lat' dir='ltr'><strong>-E·</strong></span> <span class='ocrx_word' id='word_1_58' title='bbox 600 667 668 702; x_wconf 71' lang='lat' dir='ltr'><strong>tali</strong></span> <span class='ocrx_word' id='word_1_59' title='bbox 689 667 745 701; x_wconf 92' lang='lat' dir='ltr'><strong>die</strong></span> <span class='ocrx_word' id='word_1_60' title='bbox 771 665 939 701; x_wconf 81' lang='lat' dir='ltr'><strong>accedere</strong></span> <span class='ocrx_word' id='word_1_61' title='bbox 958 663 1191 712; x_wconf 86' lang='lat' dir='ltr'><strong>personaliter</strong></span> <span class='ocrx_word' id='word_1_62' title='bbox 1209 663 1391 700; x_wconf 87' lang='lat' dir='ltr'><strong>valeamus</strong></span> <span class='ocrx_word' id='word_1_63' title='bbox 1409 684 1418 692; x_wconf 93' lang='lat'><strong>·</strong></span> <span class='ocrx_word' id='word_1_64' title='bbox 1439 665 1532 701; x_wconf 75' lang='lat' dir='ltr'><strong>tales</strong></span> <span class='ocrx_word' id='word_1_65' title='bbox 1552 685 1559 693; x_wconf 94' lang='lat'>·</span> <span class='ocrx_word' id='word_1_66' title='bbox 1579 671 1615 702; x_wconf 93' lang='lat' dir='ltr'><strong>et</strong></span> <span class='ocrx_word' id='word_1_67' title='bbox 1639 679 1763 703; x_wconf 90' lang='lat' dir='ltr'><strong>eorum</strong></span> 
     </span>
     <span class='ocr_line' id='line_1_9' title="bbox 259 721 1764 773; baseline -0.001 -12"><span class='ocrx_word' id='word_1_68' title='bbox 259 725 453 773; x_wconf 91' lang='lat' dir='ltr'><strong>quemlibet</strong></span> <span class='ocrx_word' id='word_1_69' title='bbox 472 725 508 760; x_wconf 89' lang='lat' dir='ltr'><strong>in</strong></span> <span class='ocrx_word' id='word_1_70' title='bbox 526 724 677 760; x_wconf 89' lang='lat' dir='ltr'><strong>solidum</strong></span> <span class='ocrx_word' id='word_1_71' title='bbox 696 724 844 759; x_wconf 84' lang='lat' dir='ltr'><strong>facimus</strong></span> <span class='ocrx_word' id='word_1_72' title='bbox 859 721 996 757; x_wconf 87' lang='lat' dir='ltr'><strong>nostros</strong></span> <span class='ocrx_word' id='word_1_73' title='bbox 1010 726 1264 770; x_wconf 84' lang='lat' dir='ltr'><strong>procuratores</strong></span> <span class='ocrx_word' id='word_1_74' title='bbox 1279 727 1314 757; x_wconf 92' lang='lat' dir='ltr'><strong>et</strong></span> <span class='ocrx_word' id='word_1_75' title='bbox 1328 727 1527 758; x_wconf 90' lang='lat' dir='ltr'><strong>attornatos</strong></span> <span class='ocrx_word' id='word_1_76' title='bbox 1541 724 1586 759; x_wconf 85' lang='lat' dir='ltr'><strong>ad</strong></span> <span class='ocrx_word' id='word_1_77' title='bbox 1600 724 1764 760; x_wconf 88' lang='lat' dir='ltr'><strong>excusan-</strong></span> 
     </span>
     <span class='ocr_line' id='line_1_10' title="bbox 259 779 1763 827; baseline 0 -9"><span class='ocrx_word' id='word_1_78' title='bbox 259 783 344 818; x_wconf 91' lang='lat' dir='ltr'><strong>dum</strong></span> <span class='ocrx_word' id='word_1_79' title='bbox 364 783 554 818; x_wconf 84' lang='lat' dir='ltr'><strong>absentiam</strong></span> <span class='ocrx_word' id='word_1_80' title='bbox 575 781 727 817; x_wconf 89' lang='lat' dir='ltr'><strong>nostram</strong></span> <span class='ocrx_word' id='word_1_81' title='bbox 749 786 785 816; x_wconf 90' lang='lat' dir='ltr'><strong>et</strong></span> <span class='ocrx_word' id='word_1_82' title='bbox 802 780 847 815; x_wconf 90' lang='lat' dir='ltr'><strong>ad</strong></span> <span class='ocrx_word' id='word_1_83' title='bbox 869 779 1152 827; x_wconf 87' lang='lat' dir='ltr'><strong>comparendum</strong></span> <span class='ocrx_word' id='word_1_84' title='bbox 1177 779 1324 815; x_wconf 89' lang='lat' dir='ltr'><strong>nomine</strong></span> <span class='ocrx_word' id='word_1_85' title='bbox 1342 779 1461 816; x_wconf 88' lang='lat' dir='ltr'><strong>nostro</strong></span> <span class='ocrx_word' id='word_1_86' title='bbox 1480 781 1526 816; x_wconf 89' lang='lat' dir='ltr'><strong>ad</strong></span> <span class='ocrx_word' id='word_1_87' title='bbox 1544 781 1763 818; x_wconf 86' lang='lat' dir='ltr'><strong>audiendum</strong></span> 
     </span>
     <span class='ocr_line' id='line_1_11' title="bbox 258 836 1764 889; baseline -0.001 -13"><span class='ocrx_word' id='word_1_88' title='bbox 258 841 493 889; x_wconf 88' lang='lat' dir='ltr'><strong>proponenda</strong></span> <span class='ocrx_word' id='word_1_89' title='bbox 508 846 542 875; x_wconf 91' lang='lat' dir='ltr'><strong>et</strong></span> <span class='ocrx_word' id='word_1_90' title='bbox 557 840 659 887; x_wconf 84' lang='lat' dir='ltr'><strong>super</strong></span> <span class='ocrx_word' id='word_1_91' title='bbox 674 836 859 887; x_wconf 88' lang='lat' dir='ltr'><strong>propositis</strong></span> <span class='ocrx_word' id='word_1_92' title='bbox 873 837 1104 873; x_wconf 67' lang='lat' dir='ltr'><strong>tractandum</strong></span> <span class='ocrx_word' id='word_1_93' title='bbox 1119 850 1201 873; x_wconf 88' lang='lat' dir='ltr'><strong>cum</strong></span> <span class='ocrx_word' id='word_1_94' title='bbox 1216 837 1292 872; x_wconf 82' lang='lat' dir='ltr'><strong>aliis</strong></span> <span class='ocrx_word' id='word_1_95' title='bbox 1307 838 1461 873; x_wconf 92' lang='lat' dir='ltr'><strong>dominis</strong></span> <span class='ocrx_word' id='word_1_96' title='bbox 1475 839 1618 887; x_wconf 86' lang='lat' dir='ltr'><strong>prelatis</strong></span> <span class='ocrx_word' id='word_1_97' title='bbox 1632 839 1764 876; x_wconf 89' lang='lat' dir='ltr'><strong>ibidem</strong></span> 
     </span>
     <span class='ocr_line' id='line_1_12' title="bbox 258 895 1765 946; baseline -0.001 -12"><span class='ocrx_word' id='word_1_98' title='bbox 258 898 518 946; x_wconf 82' lang='lat' dir='ltr'><strong>congregandis</strong></span> <span class='ocrx_word' id='word_1_99' title='bbox 546 903 581 932; x_wconf 89' lang='lat' dir='ltr'><strong>et</strong></span> <span class='ocrx_word' id='word_1_100' title='bbox 607 896 877 932; x_wconf 90' lang='lat' dir='ltr'><strong>deliberandum</strong></span> <span class='ocrx_word' id='word_1_101' title='bbox 905 908 987 931; x_wconf 90' lang='lat' dir='ltr'><strong>cum</strong></span> <span class='ocrx_word' id='word_1_102' title='bbox 1011 895 1142 931; x_wconf 89' lang='lat' dir='ltr'><strong>eisdem</strong></span> <span class='ocrx_word' id='word_1_103' title='bbox 1163 895 1266 943; x_wconf 88' lang='lat' dir='ltr'><strong>super</strong></span> <span class='ocrx_word' id='word_1_104' title='bbox 1284 896 1446 932; x_wconf 63' lang='lat' dir='ltr'><strong>tractatis</strong></span> <span class='ocrx_word' id='word_1_105' title='bbox 1465 901 1500 932; x_wconf 87' lang='lat' dir='ltr'><strong>et</strong></span> <span class='ocrx_word' id='word_1_106' title='bbox 1518 897 1563 932; x_wconf 87' lang='lat' dir='ltr'><strong>ad</strong></span> <span class='ocrx_word' id='word_1_107' title='bbox 1582 896 1765 934; x_wconf 90' lang='lat' dir='ltr'><strong>ostenden-</strong></span> 
     </span>
     <span class='ocr_line' id='line_1_13' title="bbox 258 952 1764 1001; baseline 0 -10"><span class='ocrx_word' id='word_1_108' title='bbox 258 956 344 991; x_wconf 89' lang='lat' dir='ltr'><strong>dum</strong></span> <span class='ocrx_word' id='word_1_109' title='bbox 365 956 511 991; x_wconf 90' lang='lat' dir='ltr'><strong>domino</strong></span> <span class='ocrx_word' id='word_1_110' title='bbox 530 954 649 990; x_wconf 89' lang='lat' dir='ltr'><strong>nostro</strong></span> <span class='ocrx_word' id='word_1_111' title='bbox 670 954 764 1001; x_wconf 85' lang='lat' dir='ltr'><strong>Regi</strong></span> <span class='ocrx_word' id='word_1_112' title='bbox 784 958 820 989; x_wconf 87' lang='lat' dir='ltr'><strong>et</strong></span> <span class='ocrx_word' id='word_1_113' title='bbox 839 953 992 989; x_wconf 87' lang='lat' dir='ltr'><strong>concilio</strong></span> <span class='ocrx_word' id='word_1_114' title='bbox 1015 952 1144 989; x_wconf 82' lang='lat' dir='ltr'><strong>statum</strong></span> <span class='ocrx_word' id='word_1_115' title='bbox 1170 952 1330 989; x_wconf 89' lang='lat' dir='ltr'><strong>nostrum</strong></span> <span class='ocrx_word' id='word_1_116' title='bbox 1354 959 1389 989; x_wconf 88' lang='lat' dir='ltr'><strong>et</strong></span> <span class='ocrx_word' id='word_1_117' title='bbox 1413 953 1554 990; x_wconf 89' lang='lat' dir='ltr'><strong>ecclesie</strong></span> <span class='ocrx_word' id='word_1_118' title='bbox 1578 960 1613 990; x_wconf 90' lang='lat' dir='ltr'><strong>et</strong></span> <span class='ocrx_word' id='word_1_119' title='bbox 1639 955 1683 990; x_wconf 86' lang='lat' dir='ltr'><strong>ad</strong></span> <span class='ocrx_word' id='word_1_120' title='bbox 1702 955 1764 991; x_wconf 91' lang='lat' dir='ltr'><strong>im-</strong></span> 
     </span>
     <span class='ocr_line' id='line_1_14' title="bbox 258 1011 1764 1062; baseline 0.001 -14"><span class='ocrx_word' id='word_1_121' title='bbox 258 1014 472 1062; x_wconf 89' lang='lat' dir='ltr'><strong>plorandum</strong></span> <span class='ocrx_word' id='word_1_122' title='bbox 502 1012 685 1047; x_wconf 89' lang='lat' dir='ltr'><strong>humiliter</strong></span> <span class='ocrx_word' id='word_1_123' title='bbox 712 1011 913 1046; x_wconf 87' lang='lat' dir='ltr'><strong>remedium</strong></span> <span class='ocrx_word' id='word_1_124' title='bbox 942 1016 979 1047; x_wconf 88' lang='lat' dir='ltr'><strong>et</strong></span> <span class='ocrx_word' id='word_1_125' title='bbox 1006 1011 1052 1046; x_wconf 85' lang='lat' dir='ltr'><strong>ad</strong></span> <span class='ocrx_word' id='word_1_126' title='bbox 1080 1011 1284 1046; x_wconf 86' lang='lat' dir='ltr'><strong>faciendum</strong></span> <span class='ocrx_word' id='word_1_127' title='bbox 1314 1011 1435 1047; x_wconf 87' lang='lat' dir='ltr'><strong>onmia</strong></span> <span class='ocrx_word' id='word_1_128' title='bbox 1460 1025 1529 1059; x_wconf 91' lang='lat' dir='ltr'><strong>que</strong></span> <span class='ocrx_word' id='word_1_129' title='bbox 1557 1025 1623 1048; x_wconf 85' lang='lat' dir='ltr'><strong>nos</strong></span> <span class='ocrx_word' id='word_1_130' title='bbox 1649 1013 1764 1050; x_wconf 84' lang='lat' dir='ltr'><strong>facere</strong></span> 
     </span>
     <span class='ocr_line' id='line_1_15' title="bbox 257 1068 1763 1119; baseline 0 -13"><span class='ocrx_word' id='word_1_131' title='bbox 257 1072 432 1119; x_wconf 84' lang='lat' dir='ltr'><strong>possemus</strong></span> <span class='ocrx_word' id='word_1_132' title='bbox 449 1069 473 1105; x_wconf 91' lang='lat' dir='ltr'>fi</span> <span class='ocrx_word' id='word_1_133' title='bbox 491 1069 669 1118; x_wconf 80' lang='lat' dir='ltr'><strong>presentes</strong></span> <span class='ocrx_word' id='word_1_134' title='bbox 696 1068 928 1117; x_wconf 82' lang='lat' dir='ltr'><strong>personaliter</strong></span> <span class='ocrx_word' id='word_1_135' title='bbox 953 1069 1198 1104; x_wconf 77' lang='lat' dir='ltr'><strong>interessemus</strong></span> <span class='ocrx_word' id='word_1_136' title='bbox 1217 1088 1225 1096; x_wconf 93' lang='lat'><strong>·</strong></span> <span class='ocrx_word' id='word_1_137' title='bbox 1251 1068 1393 1105; x_wconf 88' lang='lat' dir='ltr'><strong>ecclesie</strong></span> <span class='ocrx_word' id='word_1_138' title='bbox 1411 1069 1576 1106; x_wconf 89' lang='lat' dir='ltr'><strong>libertate</strong></span> <span class='ocrx_word' id='word_1_139' title='bbox 1594 1070 1632 1106; x_wconf 88' lang='lat' dir='ltr'><strong>in</strong></span> <span class='ocrx_word' id='word_1_140' title='bbox 1652 1072 1763 1106; x_wconf 90' lang='lat' dir='ltr'><strong>omni-</strong></span> 
     </span>
     <span class='ocr_line' id='line_1_16' title="bbox 256 1126 1764 1176; baseline 0 -12"><span class='ocrx_word' id='word_1_141' title='bbox 256 1128 322 1164; x_wconf 86' lang='lat' dir='ltr'><strong>bus</strong></span> <span class='ocrx_word' id='word_1_142' title='bbox 341 1129 476 1176; x_wconf 87' lang='lat' dir='ltr'><strong>semper</strong></span> <span class='ocrx_word' id='word_1_143' title='bbox 495 1127 588 1162; x_wconf 87' lang='lat' dir='ltr'><strong>salva</strong></span> <span class='ocrx_word' id='word_1_144' title='bbox 606 1145 614 1154; x_wconf 92' lang='lat'><strong>·</strong></span> <span class='ocrx_word' id='word_1_145' title='bbox 641 1132 675 1162; x_wconf 86' lang='lat' dir='ltr'><strong>et</strong></span> <span class='ocrx_word' id='word_1_146' title='bbox 702 1126 945 1174; x_wconf 88' lang='lat' dir='ltr'><strong>promittimus</strong></span> <span class='ocrx_word' id='word_1_147' title='bbox 969 1139 1035 1163; x_wconf 86' lang='lat' dir='ltr'><strong>nos</strong></span> <span class='ocrx_word' id='word_1_148' title='bbox 1062 1127 1193 1163; x_wconf 88' lang='lat' dir='ltr'><strong>habere</strong></span> <span class='ocrx_word' id='word_1_149' title='bbox 1219 1132 1337 1162; x_wconf 89' lang='lat' dir='ltr'><strong>ratum</strong></span> <span class='ocrx_word' id='word_1_150' title='bbox 1366 1133 1402 1163; x_wconf 93' lang='lat' dir='ltr'><strong>et</strong></span> <span class='ocrx_word' id='word_1_151' title='bbox 1428 1127 1571 1163; x_wconf 89' lang='lat' dir='ltr'><strong>firmum</strong></span> <span class='ocrx_word' id='word_1_152' title='bbox 1598 1129 1764 1176; x_wconf 89' lang='lat' dir='ltr'><strong>quicquid</strong></span> 
     </span>
     <span class='ocr_line' id='line_1_17' title="bbox 256 1182 821 1234; baseline -0.004 -13"><span class='ocrx_word' id='word_1_153' title='bbox 256 1186 383 1234; x_wconf 86' lang='lat' dir='ltr'><strong>prefati</strong></span> <span class='ocrx_word' id='word_1_154' title='bbox 401 1185 551 1221; x_wconf 86' lang='lat' dir='ltr'><strong>fecerint</strong></span> <span class='ocrx_word' id='word_1_155' title='bbox 569 1185 606 1220; x_wconf 92' lang='lat' dir='ltr'><strong>in</strong></span> <span class='ocrx_word' id='word_1_156' title='bbox 624 1182 798 1233; x_wconf 75' lang='lat' dir='ltr'><strong>premissis</strong></span> <span class='ocrx_word' id='word_1_157' title='bbox 812 1203 821 1211; x_wconf 89' lang='lat'><strong>·</strong></span> 
     </span>
    </p>
   </div>
   <div class='ocr_carea' id='block_1_5' title="bbox 259 1357 1231 1407">
    <p class='ocr_par' dir='ltr' id='par_1_5' title="bbox 259 1357 1231 1407">
     <span class='ocr_line' id='line_1_18' title="bbox 259 1357 1231 1407; baseline 0 -14"><span class='ocrx_word' id='word_1_158' title='bbox 259 1358 478 1407; x_wconf 85' lang='lat' dir='ltr'><strong>Responsum</strong></span> <span class='ocrx_word' id='word_1_159' title='bbox 498 1357 663 1406; x_wconf 88' lang='lat' dir='ltr'><strong>Episcopi</strong></span> <span class='ocrx_word' id='word_1_160' title='bbox 682 1358 727 1393; x_wconf 90' lang='lat' dir='ltr'><strong>ad</strong></span> <span class='ocrx_word' id='word_1_161' title='bbox 745 1357 1023 1407; x_wconf 82' lang='lat' dir='ltr'><strong>appellationem</strong></span> <span class='ocrx_word' id='word_1_162' title='bbox 1040 1357 1208 1394; x_wconf 89' lang='lat' dir='ltr'><strong>frivolam</strong></span> <span class='ocrx_word' id='word_1_163' title='bbox 1222 1377 1231 1385; x_wconf 91' lang='lat'><strong>·</strong></span> 
     </span>
    </p>
   </div>
   <div class='ocr_carea' id='block_1_6' title="bbox 257 1472 1764 1917">
    <p class='ocr_par' dir='ltr' id='par_1_6' title="bbox 257 1472 1764 1917">
     <span class='ocr_line' id='line_1_19' title="bbox 258 1472 1763 1522; baseline 0.002 -14"><span class='ocrx_word' id='word_1_164' title='bbox 258 1474 466 1509; x_wconf 85' lang='lat' dir='ltr'><strong>Alexander</strong></span> <span class='ocrx_word' id='word_1_165' title='bbox 486 1474 558 1510; x_wconf 89' lang='lat' dir='ltr'><strong>Dei</strong></span> <span class='ocrx_word' id='word_1_166' title='bbox 583 1474 698 1522; x_wconf 84' lang='lat' dir='ltr'><strong>gratia</strong></span> <span class='ocrx_word' id='word_1_167' title='bbox 720 1473 902 1522; x_wconf 87' lang='lat' dir='ltr'><strong>episcopus</strong></span> <span class='ocrx_word' id='word_1_168' title='bbox 927 1472 1159 1511; x_wconf 68' lang='lat' dir='ltr'><strong>moraviensis</strong></span> <span class='ocrx_word' id='word_1_169' title='bbox 1182 1473 1379 1510; x_wconf 86' lang='lat' dir='ltr'><strong>venerabili</strong></span> <span class='ocrx_word' id='word_1_170' title='bbox 1402 1474 1494 1522; x_wconf 88' lang='lat' dir='ltr'><strong>patri</strong></span> <span class='ocrx_word' id='word_1_171' title='bbox 1513 1474 1660 1510; x_wconf 92' lang='lat' dir='ltr'><strong>domino</strong></span> <span class='ocrx_word' id='word_1_172' title='bbox 1680 1475 1763 1511; x_wconf 89' lang='lat' dir='ltr'><strong>Ade</strong></span> 
     </span>
     <span class='ocr_line' id='line_1_20' title="bbox 258 1530 1763 1581; baseline -0.001 -13"><span class='ocrx_word' id='word_1_173' title='bbox 258 1532 382 1568; x_wconf 87' lang='lat' dir='ltr'><strong>eadem</strong></span> <span class='ocrx_word' id='word_1_174' title='bbox 410 1532 525 1579; x_wconf 87' lang='lat' dir='ltr'><strong>gratia</strong></span> <span class='ocrx_word' id='word_1_175' title='bbox 556 1532 673 1567; x_wconf 89' lang='lat' dir='ltr'><strong>abbati</strong></span> <span class='ocrx_word' id='word_1_176' title='bbox 703 1532 747 1567; x_wconf 90' lang='lat' dir='ltr'><strong>de</strong></span> <span class='ocrx_word' id='word_1_177' title='bbox 777 1531 837 1567; x_wconf 90' lang='lat' dir='ltr'><strong>·K·</strong></span> <span class='ocrx_word' id='word_1_178' title='bbox 868 1530 1100 1569; x_wconf 87' lang='lat' dir='ltr'><strong>moraviensis</strong></span> <span class='ocrx_word' id='word_1_179' title='bbox 1128 1531 1283 1580; x_wconf 79' lang='lat' dir='ltr'><strong>dyocesis</strong></span> <span class='ocrx_word' id='word_1_180' title='bbox 1311 1531 1458 1567; x_wconf 83' lang='lat' dir='ltr'><strong>salutem</strong></span> <span class='ocrx_word' id='word_1_181' title='bbox 1478 1551 1487 1560; x_wconf 90' lang='lat'><strong>·</strong></span> <span class='ocrx_word' id='word_1_182' title='bbox 1517 1531 1763 1581; x_wconf 88' lang='lat' dir='ltr'><strong>Appellationi</strong></span> 
     </span>
     <span class='ocr_line' id='line_1_21' title="bbox 257 1588 1763 1639; baseline 0.001 -14"><span class='ocrx_word' id='word_1_183' title='bbox 257 1603 322 1638; x_wconf 93' lang='lat' dir='ltr'><strong>pro</strong></span> <span class='ocrx_word' id='word_1_184' title='bbox 347 1595 448 1637; x_wconf 89' lang='lat' dir='ltr'><strong>parte</strong></span> <span class='ocrx_word' id='word_1_185' title='bbox 469 1589 582 1626; x_wconf 85' lang='lat' dir='ltr'><strong>vestra</strong></span> <span class='ocrx_word' id='word_1_186' title='bbox 608 1604 628 1625; x_wconf 89' lang='lat' dir='ltr'><strong>a</strong></span> <span class='ocrx_word' id='word_1_187' title='bbox 652 1589 755 1625; x_wconf 91' lang='lat' dir='ltr'><strong>nobis</strong></span> <span class='ocrx_word' id='word_1_188' title='bbox 781 1595 823 1626; x_wconf 89' lang='lat' dir='ltr'><strong>ut</strong></span> <span class='ocrx_word' id='word_1_189' title='bbox 850 1590 980 1626; x_wconf 93' lang='lat' dir='ltr'><strong>dicitur</strong></span> <span class='ocrx_word' id='word_1_190' title='bbox 1006 1588 1211 1639; x_wconf 83' lang='lat' dir='ltr'><strong>interposite</strong></span> <span class='ocrx_word' id='word_1_191' title='bbox 1235 1595 1405 1637; x_wconf 85' lang='lat' dir='ltr'><strong>tanquam</strong></span> <span class='ocrx_word' id='word_1_192' title='bbox 1431 1589 1558 1626; x_wconf 91' lang='lat' dir='ltr'><strong>frivole</strong></span> <span class='ocrx_word' id='word_1_193' title='bbox 1582 1603 1626 1626; x_wconf 88' lang='lat' dir='ltr'><strong>ex</strong></span> <span class='ocrx_word' id='word_1_194' title='bbox 1646 1591 1763 1626; x_wconf 87' lang='lat' dir='ltr'><strong>minus</strong></span> 
     </span>
     <span class='ocr_line' id='line_1_22' title="bbox 257 1646 1763 1696; baseline 0.001 -14"><span class='ocrx_word' id='word_1_195' title='bbox 257 1648 350 1683; x_wconf 87' lang='lat' dir='ltr'><strong>veris</strong></span> <span class='ocrx_word' id='word_1_196' title='bbox 373 1652 408 1682; x_wconf 90' lang='lat' dir='ltr'><strong>et</strong></span> <span class='ocrx_word' id='word_1_197' title='bbox 430 1660 504 1683; x_wconf 91' lang='lat' dir='ltr'><strong>non</strong></span> <span class='ocrx_word' id='word_1_198' title='bbox 527 1647 768 1696; x_wconf 84' lang='lat' dir='ltr'><strong>probabilibus</strong></span> <span class='ocrx_word' id='word_1_199' title='bbox 786 1646 895 1683; x_wconf 87' lang='lat' dir='ltr'><strong>causis</strong></span> <span class='ocrx_word' id='word_1_200' title='bbox 914 1647 1031 1684; x_wconf 79' lang='lat' dir='ltr'><strong>emisse</strong></span> <span class='ocrx_word' id='word_1_201' title='bbox 1050 1648 1284 1684; x_wconf 85' lang='lat' dir='ltr'><strong>deferendum</strong></span> <span class='ocrx_word' id='word_1_202' title='bbox 1304 1660 1379 1683; x_wconf 92' lang='lat' dir='ltr'><strong>non</strong></span> <span class='ocrx_word' id='word_1_203' title='bbox 1410 1648 1577 1683; x_wconf 80' lang='lat' dir='ltr'><strong>duximus</strong></span> <span class='ocrx_word' id='word_1_204' title='bbox 1607 1661 1674 1684; x_wconf 90' lang='lat' dir='ltr'><strong>nec</strong></span> <span class='ocrx_word' id='word_1_205' title='bbox 1705 1649 1763 1684; x_wconf 93' lang='lat' dir='ltr'><strong>de-</strong></span> 
     </span>
     <span class='ocr_line' id='line_1_23' title="bbox 258 1705 1763 1754; baseline 0.001 -14"><span class='ocrx_word' id='word_1_206' title='bbox 258 1706 404 1741; x_wconf 89' lang='lat' dir='ltr'><strong>ferimus</strong></span> <span class='ocrx_word' id='word_1_207' title='bbox 422 1718 485 1753; x_wconf 93' lang='lat' dir='ltr'><strong>per</strong></span> <span class='ocrx_word' id='word_1_208' title='bbox 504 1705 682 1753; x_wconf 89' lang='lat' dir='ltr'><strong>presentes</strong></span> <span class='ocrx_word' id='word_1_209' title='bbox 701 1725 709 1735; x_wconf 76' lang='grc'><em>·</em></span> <span class='ocrx_word' id='word_1_210' title='bbox 729 1711 765 1741; x_wconf 89' lang='lat' dir='ltr'><strong>et</strong></span> <span class='ocrx_word' id='word_1_211' title='bbox 782 1706 851 1742; x_wconf 89' lang='lat' dir='ltr'><strong>hoc</strong></span> <span class='ocrx_word' id='word_1_212' title='bbox 870 1706 1074 1754; x_wconf 89' lang='lat' dir='ltr'><strong>responsum</strong></span> <span class='ocrx_word' id='word_1_213' title='bbox 1092 1705 1252 1742; x_wconf 86' lang='lat' dir='ltr'><strong>nostrum</strong></span> <span class='ocrx_word' id='word_1_214' title='bbox 1271 1706 1351 1742; x_wconf 90' lang='lat' dir='ltr'><strong>loco</strong></span> <span class='ocrx_word' id='word_1_215' title='bbox 1370 1705 1610 1754; x_wconf 86' lang='lat' dir='ltr'><strong>apostolorum</strong></span> <span class='ocrx_word' id='word_1_216' title='bbox 1634 1706 1763 1742; x_wconf 86' lang='lat' dir='ltr'><strong>resuta-</strong></span> 
     </span>
     <span class='ocr_line' id='line_1_24' title="bbox 257 1762 1764 1813; baseline 0.001 -15"><span class='ocrx_word' id='word_1_217' title='bbox 257 1763 434 1798; x_wconf 89' lang='lat' dir='ltr'><strong>toriorum</strong></span> <span class='ocrx_word' id='word_1_218' title='bbox 453 1763 552 1799; x_wconf 83' lang='lat' dir='ltr'><strong>vobis</strong></span> <span class='ocrx_word' id='word_1_219' title='bbox 571 1764 696 1799; x_wconf 87' lang='lat' dir='ltr'><strong>damus</strong></span> <span class='ocrx_word' id='word_1_220' title='bbox 715 1783 723 1792; x_wconf 94' lang='lat'><strong>·</strong></span> <span class='ocrx_word' id='word_1_221' title='bbox 753 1763 798 1799; x_wconf 93' lang='lat' dir='ltr'><strong>In</strong></span> <span class='ocrx_word' id='word_1_222' title='bbox 822 1764 923 1813; x_wconf 87' lang='lat' dir='ltr'><strong>cujus</strong></span> <span class='ocrx_word' id='word_1_223' title='bbox 945 1764 997 1800; x_wconf 91' lang='lat' dir='ltr'><strong>rei</strong></span> <span class='ocrx_word' id='word_1_224' title='bbox 1020 1763 1261 1800; x_wconf 87' lang='lat' dir='ltr'><strong>testimonium</strong></span> <span class='ocrx_word' id='word_1_225' title='bbox 1280 1763 1500 1812; x_wconf 84' lang='lat' dir='ltr'><strong>presentibus</strong></span> <span class='ocrx_word' id='word_1_226' title='bbox 1518 1762 1670 1811; x_wconf 86' lang='lat' dir='ltr'><strong>sigillum</strong></span> <span class='ocrx_word' id='word_1_227' title='bbox 1688 1764 1764 1799; x_wconf 92' lang='lat' dir='ltr'><strong>nos-</strong></span> 
     </span>
     <span class='ocr_line' id='line_1_25' title="bbox 258 1820 1762 1870; baseline 0 -14"><span class='ocrx_word' id='word_1_228' title='bbox 258 1827 354 1857; x_wconf 92' lang='lat' dir='ltr'><strong>trum</strong></span> <span class='ocrx_word' id='word_1_229' title='bbox 368 1821 516 1857; x_wconf 88' lang='lat' dir='ltr'><strong>fecimus</strong></span> <span class='ocrx_word' id='word_1_230' title='bbox 534 1821 665 1869; x_wconf 86' lang='lat' dir='ltr'><strong>apponi</strong></span> <span class='ocrx_word' id='word_1_231' title='bbox 683 1822 721 1856; x_wconf 86' lang='lat' dir='ltr'><strong>in</strong></span> <span class='ocrx_word' id='word_1_232' title='bbox 739 1821 882 1858; x_wconf 85' lang='lat' dir='ltr'><strong>ecclesia</strong></span> <span class='ocrx_word' id='word_1_233' title='bbox 900 1821 1018 1858; x_wconf 89' lang='lat' dir='ltr'><strong>nostra</strong></span> <span class='ocrx_word' id='word_1_234' title='bbox 1031 1822 1227 1858; x_wconf 83' lang='lat' dir='ltr'><strong>cathedrali</strong></span> <span class='ocrx_word' id='word_1_235' title='bbox 1241 1820 1456 1859; x_wconf 85' lang='lat' dir='ltr'><strong>moraviensi</strong></span> <span class='ocrx_word' id='word_1_236' title='bbox 1480 1822 1518 1857; x_wconf 90' lang='lat' dir='ltr'><strong>in</strong></span> <span class='ocrx_word' id='word_1_237' title='bbox 1535 1821 1658 1870; x_wconf 85' lang='lat' dir='ltr'><strong>vigilia</strong></span> <span class='ocrx_word' id='word_1_238' title='bbox 1670 1822 1762 1858; x_wconf 84' lang='lat' dir='ltr'><strong>beati</strong></span> 
     </span>
     <span class='ocr_line' id='line_1_26' title="bbox 258 1879 1558 1917; baseline 0 -2"><span class='ocrx_word' id='word_1_239' title='bbox 258 1879 392 1915; x_wconf 87' lang='lat' dir='ltr'><strong>mathei</strong></span> <span class='ocrx_word' id='word_1_240' title='bbox 413 1899 422 1907; x_wconf 89' lang='lat'><strong>·</strong></span> <span class='ocrx_word' id='word_1_241' title='bbox 441 1892 537 1914; x_wconf 84' lang='lat' dir='ltr'><strong>anno</strong></span> <span class='ocrx_word' id='word_1_242' title='bbox 556 1884 622 1914; x_wconf 91' lang='lat' dir='ltr'><strong>etc·</strong></span> <span class='ocrx_word' id='word_1_243' title='bbox 643 1879 791 1915; x_wconf 84' lang='lat' dir='ltr'><strong>lxxviii⁰·</strong></span> <span class='ocrx_word' id='word_1_244' title='bbox 811 1880 1005 1916; x_wconf 87' lang='lat' dir='ltr'><strong>secundum</strong></span> <span class='ocrx_word' id='word_1_245' title='bbox 1023 1880 1164 1917; x_wconf 88' lang='lat' dir='ltr'><strong>cursum</strong></span> <span class='ocrx_word' id='word_1_246' title='bbox 1183 1879 1324 1916; x_wconf 84' lang='lat' dir='ltr'><strong>ecclesie</strong></span> <span class='ocrx_word' id='word_1_247' title='bbox 1344 1879 1530 1916; x_wconf 83' lang='lat' dir='ltr'><strong>Scoticane</strong></span> <span class='ocrx_word' id='word_1_248' title='bbox 1549 1899 1558 1908; x_wconf 89' lang='lat'><strong>·</strong></span> 
     </span>
    </p>
   </div>
   <div class='ocr_carea' id='block_1_7' title="bbox 260 2051 1611 2101">
    <p class='ocr_par' dir='ltr' id='par_1_7' title="bbox 260 2051 1611 2101">
     <span class='ocr_line' id='line_1_27' title="bbox 260 2051 1611 2101; baseline 0.001 -14"><span class='ocrx_word' id='word_1_249' title='bbox 260 2052 383 2088; x_wconf 86' lang='lat' dir='ltr'><strong>Litera</strong></span> <span class='ocrx_word' id='word_1_250' title='bbox 402 2051 579 2088; x_wconf 87' lang='lat' dir='ltr'><strong>citationis</strong></span> <span class='ocrx_word' id='word_1_251' title='bbox 599 2052 854 2088; x_wconf 86' lang='lat' dir='ltr'><strong>canonicorum</strong></span> <span class='ocrx_word' id='word_1_252' title='bbox 873 2066 939 2101; x_wconf 92' lang='lat' dir='ltr'><strong>pro</strong></span> <span class='ocrx_word' id='word_1_253' title='bbox 958 2054 1225 2091; x_wconf 86' lang='lat' dir='ltr'><strong>reedificatione</strong></span> <span class='ocrx_word' id='word_1_254' title='bbox 1244 2052 1386 2090; x_wconf 87' lang='lat' dir='ltr'><strong>ecclesie</strong></span> <span class='ocrx_word' id='word_1_255' title='bbox 1405 2052 1585 2090; x_wconf 88' lang='lat' dir='ltr'><strong>combuste</strong></span> <span class='ocrx_word' id='word_1_256' title='bbox 1604 2073 1611 2081; x_wconf 92' lang='lat'>·</span> 
     </span>
    </p>
   </div>
   <div class='ocr_carea' id='block_1_8' title="bbox 259 2167 1759 2264">
    <p class='ocr_par' dir='ltr' id='par_1_8' title="bbox 259 2167 1759 2264">
     <span class='ocr_line' id='line_1_28' title="bbox 261 2167 1759 2217; baseline 0 -15"><span class='ocrx_word' id='word_1_257' title='bbox 261 2167 470 2203; x_wconf 87' lang='lat' dir='ltr'><strong>Alexander</strong></span> <span class='ocrx_word' id='word_1_258' title='bbox 497 2167 569 2203; x_wconf 83' lang='lat' dir='ltr'><strong>Dei</strong></span> <span class='ocrx_word' id='word_1_259' title='bbox 594 2168 709 2216; x_wconf 85' lang='lat' dir='ltr'><strong>gratia</strong></span> <span class='ocrx_word' id='word_1_260' title='bbox 735 2168 917 2216; x_wconf 86' lang='lat' dir='ltr'><strong>episcopus</strong></span> <span class='ocrx_word' id='word_1_261' title='bbox 943 2169 1173 2206; x_wconf 70' lang='lat' dir='ltr'><strong>moraviensis</strong></span> <span class='ocrx_word' id='word_1_262' title='bbox 1198 2169 1393 2206; x_wconf 80' lang='lat' dir='ltr'><strong>venerabili</strong></span> <span class='ocrx_word' id='word_1_263' title='bbox 1412 2169 1490 2206; x_wconf 89' lang='lat' dir='ltr'><strong>viro</strong></span> <span class='ocrx_word' id='word_1_264' title='bbox 1508 2167 1673 2217; x_wconf 83' lang='lat' dir='ltr'><strong>magistro</strong></span> <span class='ocrx_word' id='word_1_265' title='bbox 1692 2167 1759 2202; x_wconf 86' lang='lat' dir='ltr'><strong>-w-</strong></span> 
     </span>
     <span class='ocr_line' id='line_1_29' title="bbox 259 2225 1759 2264; baseline 0.001 -3"><span class='ocrx_word' id='word_1_266' title='bbox 259 2225 458 2262; x_wconf 89' lang='lat' dir='ltr'><strong>subdecano</strong></span> <span class='ocrx_word' id='word_1_267' title='bbox 485 2225 627 2262; x_wconf 88' lang='lat' dir='ltr'><strong>ecclesie</strong></span> <span class='ocrx_word' id='word_1_268' title='bbox 654 2225 770 2262; x_wconf 88' lang='lat' dir='ltr'><strong>nostre</strong></span> <span class='ocrx_word' id='word_1_269' title='bbox 798 2226 1027 2263; x_wconf 66' lang='lat' dir='ltr'><strong>moraviensis</strong></span> <span class='ocrx_word' id='word_1_270' title='bbox 1053 2228 1200 2264; x_wconf 91' lang='lat' dir='ltr'><strong>salutem</strong></span> <span class='ocrx_word' id='word_1_271' title='bbox 1228 2241 1309 2264; x_wconf 91' lang='lat' dir='ltr'><strong>cum</strong></span> <span class='ocrx_word' id='word_1_272' title='bbox 1338 2227 1588 2264; x_wconf 89' lang='lat' dir='ltr'><strong>benedictione</strong></span> <span class='ocrx_word' id='word_1_273' title='bbox 1613 2226 1733 2263; x_wconf 83' lang='lat' dir='ltr'><strong>divina</strong></span> <span class='ocrx_word' id='word_1_274' title='bbox 1752 2245 1759 2253; x_wconf 89' lang='lat'><strong>·</strong></span> 
     </span>
    </p>
   </div>
  </div>
 </body>
</html>
