2060 2660
154 1146 184 1181 F
185 1146 331 1182 undatio
350 1146 543 1194 capellanie
561 1146 670 1182 Castri
689 1146 733 1183 de
752 1146 883 1182 Duffus
902 1165 910 1174 ·

54 1260 121 1292 Qll
153 1260 290 1296 Bricius
314 1261 386 1297 Dei
409 1261 523 1309 gratia
545 1261 724 1309 episcopus
752 1260 981 1298 moravienfis
1006 1260 1175 1297 universis
1209 1261 1327 1298 sancle
1355 1262 1473 1299 matris
1501 1262 1641 1299 ecclefie

151 1318 231 1354 filiis
244 1324 403 1355 eternam
422 1319 459 1354 in
478 1319 640 1354 Domino
659 1319 804 1355 salutem
820 1338 828 1347 ·
847 1319 1001 1355 Noverit
1018 1318 1224 1356 univerfitas
1238 1320 1350 1356 vestra
1364 1334 1428 1356 nos
1446 1320 1641 1357 conceffiffe

150 1382 186 1411 et
209 1376 274 1412 hae
301 1381 398 1412 carta
423 1376 539 1411 nostra
565 1376 782 1412 confirmass'e
806 1375 954 1424 Hugoni
977 1377 1021 1413 de
1040 1378 1202 1413 moravia
1225 1378 1371 1413 domino
1396 1378 1439 1414 de
1458 1378 1588 1414 Duffus
1606 1386 1641 1414 et

150 1433 337 1469 heredibus
355 1434 422 1469 suis
440 1438 480 1469 ut
493 1433 646 1469 habeant
663 1433 809 1469 liberam
829 1434 999 1482 capellam
1018 1434 1113 1469 suam
1132 1434 1169 1470 in
1187 1434 1327 1470 castello
1346 1435 1406 1471 suo
1425 1435 1469 1471 de
1487 1436 1617 1471 Duffus
1632 1457 1639 1464 ·

150 1496 185 1526 et
208 1491 252 1526 ad
277 1491 560 1527 sustentationem
580 1491 752 1539 capellani
770 1491 807 1526 in
825 1491 947 1527 eadem
967 1491 1102 1540 capella
1125 1492 1350 1528 deservientis
1371 1512 1378 1520 ·
1397 1506 1460 1540 per
1478 1493 1640 1529 volunta-

150 1554 221 1583 tem
248 1554 284 1584 et
309 1549 513 1584 consensum
537 1548 689 1597 ejusdem
711 1548 880 1596 Hugonis
898 1554 934 1584 et
953 1548 1102 1585 Andree
1119 1549 1182 1584 filii
1200 1549 1251 1585 sui
1269 1555 1305 1585 et
1322 1550 1468 1598 persone
1487 1551 1530 1586 de
1550 1551 1641 1586 Duf-

150 1606 203 1641 fus
226 1633 235 1641 .
262 1604 473 1653 affignamus
490 1606 605 1642 eidem
624 1605 757 1654 capelle
776 1619 899 1642 omnes
917 1606 1069 1642 decimas
1086 1606 1276 1654 garbarum
1295 1607 1338 1643 de
1356 1612 1452 1643 terra
1469 1621 1537 1655 que
1556 1609 1638 1643 dici-

149 1670 209 1698 tur
228 1663 416 1698 Aldetoun
438 1677 507 1711 que
529 1663 577 1699 est
598 1664 692 1699 inter
709 1668 866 1699 veterem
888 1662 1066 1699 ecclefiam
1085 1664 1129 1699 de
1149 1663 1291 1712 Kyntra
1313 1664 1441 1700 scilicet
1464 1678 1485 1700 a
1502 1665 1640 1713 Lauga-

148 1721 262 1768 phage
280 1733 344 1768 per
360 1719 466 1756 ficum
485 1721 545 1768 qui
563 1721 661 1756 vadit
679 1733 722 1756 ex
741 1720 933 1768 aquilonali
950 1726 1050 1768 parte
1069 1721 1160 1757 dele
1175 1721 1328 1757 Brinhill
1346 1721 1453 1769 usque
1471 1723 1515 1757 ad
1530 1736 1640 1758 mare-

149 1776 232 1813 fium
247 1778 343 1825 quod
362 1778 409 1813 est
427 1778 520 1814 inter
538 1784 695 1814 veterem
713 1776 891 1813 ecelefiam
910 1783 945 1814 et
963 1778 996 1814 le
1012 1778 1174 1814 Aldeton
1192 1784 1228 1814 et
1244 1777 1331 1814 ficut
1348 1778 1532 1815 mareslum
1552 1779 1639 1815 illud

129 1840 131 1842 '
148 1835 245 1870 vadit
262 1835 369 1883 usque
387 1835 432 1870 ad
451 1835 570 1883 Blynd
588 1835 715 1871 Wollis
733 1841 769 1871 et
786 1835 835 1871 ita
851 1835 958 1883 usque
976 1836 1020 1871 ad
1038 1849 1172 1872 novum
1191 1836 1351 1872 fofl'atum
1371 1842 1406 1872 et
1424 1850 1487 1884 per
1505 1850 1637 1872 novum

148 1892 308 1928 foffatum
334 1893 442 1940 usque
466 1893 511 1928 ad
534 1893 627 1928 viam
654 1906 722 1940 que
748 1893 846 1928 vadit
870 1893 914 1928 de
937 1893 1050 1929 veteri
1077 1892 1219 1929 ecclefia
1245 1893 1289 1929 de
1310 1893 1451 1941 Kyntra
1470 1894 1577 1942 usque
1595 1896 1638 1930 ad

148 1949 326 1985 castellum
346 1969 353 1977 ·
384 1949 610 1998 Affignamus
635 1949 792 1987 similiter
818 1950 934 1986 eidem
959 1950 1092 1999 capelle
1113 1963 1177 1999 per
1194 1951 1416 1987 voluntatem
1441 1957 1476 1986 et
1498 1952 1639 1987 consen-

149 2007 222 2042 sum
240 2008 437 2043 eornndem
456 2020 579 2043 omnes
598 2007 751 2043 decimas
767 2007 957 2055 garbarum
977 2008 1020 2044 de
1038 2013 1114 2043 tota
1131 2013 1227 2044 terra
1243 2021 1312 2055 que
1331 2007 1379 2043 est
1396 2008 1489 2043 inter
1506 2010 1640 2056 predic-

148 2070 218 2099 tam
238 2065 330 2100 viam
350 2071 385 2100 et
403 2065 527 2100 divisas
541 2065 585 2101 de
606 2065 791 2113 Kyntraye
810 2078 854 2101 ex
868 2071 967 2113 parte
985 2065 1124 2101 australi
1142 2065 1237 2101 strati
1256 2065 1412 2101 australis
1429 2067 1524 2113 quod
1543 2067 1637 2102 vadit

148 2122 191 2157 de
218 2123 357 2158 castello
385 2124 429 2159 de
456 2123 587 2158 Duffus
614 2124 659 2158 ad
687 2123 811 2158 salinas
832 2122 998 2159 australes
1016 2143 1024 2151 ·
1044 2136 1126 2159 cum
1150 2123 1316 2159 omnibus
1340 2123 1575 2159 oblationibus
1602 2125 1636 2159 in

148 2180 269 2215 eadem
289 2181 423 2229 capella
441 2181 543 2216 factis
562 2200 570 2208 ·
598 2181 777 2216 Volumus
795 2180 900 2216 etiam
919 2186 955 2216 et
972 2181 1200 2217 concedimus
1217 2186 1258 2216 ut
1275 2180 1456 2228 predidstus
1473 2181 1583 2229 Hugo
1601 2189 1636 2216 et

148 2236 292 2273 heredes
322 2238 372 2273 sui
405 2239 663 2286 imperpetuum
695 2238 894 2285 cuicunque
923 2238 1102 2274 voluerint
1132 2238 1329 2287 predictam
1359 2237 1527 2285 capellam
1554 2250 1635 2273 con-

852 2299 875 2331 ‘2
895 2308 923 2330 M
