1912 2660
618 174 936 213 REGISTRUM
963 177 1324 215 MORAVIENSE.
1637 187 1710 225 317

223 274 260 309 in
274 273 307 309 le
319 272 420 309 Halo
433 291 441 300 ·
461 273 695 309 extendentes
712 274 746 310 se
763 274 991 322 longitudine
1009 276 1054 310 ad
1065 276 1156 311 viam
1170 290 1238 324 que
1250 278 1380 313 dicitur
1395 278 1583 327 Scotg'sgat
1593 280 1711 316 versus

226 330 477 378 Knokyntinol
496 331 541 366 ad
558 331 704 367 boream
723 345 767 367 ex
793 337 895 380 parte
923 345 995 368 una
1013 351 1022 360 ·
1041 338 1078 368 et
1095 334 1214 369 versus
1232 335 1477 371 molendinum
1495 337 1540 371 ad
1557 337 1710 373 austrum

222 402 267 425 ex
284 389 395 424 altera
413 407 422 416 ·
450 388 519 424 due
538 402 619 424 acre
643 389 767 437 jacent
784 389 822 425 in
840 402 965 438 campo
984 391 1114 426 veteris
1132 391 1232 427 castri
1258 393 1490 428 extendentes
1516 394 1548 428 se
1572 394 1609 429 in
1634 395 1711 429 lon-

220 446 383 493 gitudine
400 446 508 493 usque
525 446 619 481 viam
645 460 709 495 per
727 460 833 495 quam
860 447 933 483 itur
956 448 1013 483 ad·
1028 448 1275 484 molendinum
1296 449 1406 497 Regis
1428 450 1474 485 ad
1496 450 1649 486 austrum
1668 464 1711 487 ex

220 508 320 552 parte
345 516 419 538 una
436 522 445 531 ·
473 509 508 539 et
526 504 644 540 versus
663 504 916 553 Brumynbauc
938 506 983 540 ad
1010 505 1153 541 boream
1181 520 1225 542 ex
1251 506 1363 542 altera
1380 526 1389 534 ·
1416 507 1511 542 sexta
1528 521 1613 543 vero
1632 521 1713 544 acra

214 561 312 609 jacet
334 561 371 596 in
396 561 522 597 eodem
549 575 675 610 campo
693 563 813 598 versus
839 563 1013 598 orientem
1041 564 1237 599 extendens
1254 564 1288 599 se
1304 563 1391 600 ficut
1408 565 1478 600 due
1496 577 1575 600 acre
1595 578 1713 613 prece-

221 619 344 654 dentes
370 619 407 653 in
433 619 659 667 longitudine
684 619 780 655 inter
805 620 960 655 austrum
988 626 1024 656 et
1049 620 1195 657 boream
1214 641 1223 649 ·
1253 621 1344 657 Item
1371 635 1480 657 unam
1506 622 1712 670 perticatam

220 682 314 712 terre
339 690 383 712 ex
404 677 500 712 dono
519 677 690 725 marjorie
708 678 804 713 dicte
822 677 901 713 Dill
921 677 1101 726 jacentem
1129 692 1174 714 ex
1199 679 1411 715 occidentali
1437 685 1536 727 parte
1562 692 1651 726 aque
1670 680 1713 715 de

220 733 310 782 Nyss
336 734 428 770 infra
454 734 600 783 erftis
626 735 720 771 inter
747 740 880 771 terram
909 736 1044 771 domini
1072 736 1214 772 Thome
1242 737 1329 772 dieti
1348 737 1456 785 Weyt
1480 737 1652 785 capellani
1669 737 1713 772 ad

219 791 364 827 boream
399 805 443 827 ex
477 798 578 840 parte
605 806 679 828 una
705 812 714 821 ·
755 798 790 828 et
821 798 954 829 terram
985 793 1127 830 Thome
1158 794 1246 830 dieti
1282 794 1375 830 Coki
1401 794 1445 829 ad
1480 794 1633 829 austrum
1669 808 1713 830 ex

219 848 331 884 altera
342 849 378 884 in
390 849 578 885 latitudine
593 869 601 878 ·
616 850 653 885 in
664 850 890 898 longitudine
901 864 989 887 vero
1003 852 1256 888 extendentem
1270 851 1313 887 ab
1327 865 1418 899 aqua
1436 852 1480 887 de
1493 852 1584 899 Nyss
1595 852 1713 888 versus

219 906 394 942 orientem
421 907 530 954 usque
556 908 601 943 ad
627 913 759 944 terram
780 909 824 944 de
854 908 1038 957 Kynmyly
1056 909 1177 945 versus
1203 910 1426 945 occidentem
1445 928 1453 937 ·
1484 909 1574 944 Item
1603 923 1711 945 unam

218 964 426 1012 perticatam
454 970 548 1000 terre
578 978 623 1001 ex
649 966 746 1001 dono
775 966 946 1014 Stephani
973 966 1138 1014 Skynner
1163 966 1345 1015 jacentem
1371 967 1408 1002 in
1435 967 1561 1002 eodem
1588 980 1712 1015 campo

219 1022 312 1057 inter
330 1027 461 1057 terram
480 1023 656 1059 ,Iohannis
675 1023 760 1059 dicti
780 1023 932 1059 Roffach
958 1024 1003 1059 ad
1021 1023 1176 1060 austrum
1203 1038 1247 1061 ex
1272 1030 1373 1073 parte
1398 1037 1472 1060 una
1490 1044 1498 1052 ·
1527 1030 1562 1060 et
1580 1030 1712 1060 terram

219 1079 359 1114 heredis
371 1078 546 1116 Johannis
558 1081 815 1117 Chwelwricth
827 1082 872 1116 ad
889 1081 1035 1117 boream
1047 1095 1092 1117 ex
1105 1082 1217 1118 altera
1235 1102 1244 1111 ·
1274 1082 1366 1118 Item
1382 1095 1490 1118 unam
1505 1082 1712 1130 perticatam

219 1143 314 1172 terre
333 1150 377 1172 ex
395 1138 491 1173 dono
512 1138 713 1173 Alexandri
733 1138 907 1187 Irynpurs
927 1139 1108 1187 jacentem
1127 1140 1164 1174 in
1183 1140 1310 1175 eodem
1328 1153 1454 1188 campo
1472 1140 1567 1175 inter
1580 1146 1712 1175 terram

219 1208 323 1242 quam
336 1195 359 1231 J
361 1195 519 1231 ohannes
533 1196 701 1243 Hugonis
719 1196 813 1231 filius
825 1197 868 1232 de
882 1196 1035 1232 Cristino
1048 1197 1092 1232 de
1105 1196 1187 1233 Ard
1204 1198 1320 1233 tenuit
1333 1198 1378 1232 ad
1390 1197 1544 1232 austrum
1557 1210 1600 1232 ex
1612 1203 1711 1245 parte

218 1265 291 1287 una
310 1272 318 1280 ·
338 1259 374 1288 et
391 1258 522 1288 terram
536 1253 707 1289 Willelmi
723 1253 854 1301 Pylche
868 1254 913 1289 ad
927 1253 1072 1289 boream
1089 1267 1133 1290 ex
1147 1255 1259 1290 altera
1271 1274 1279 1282 ·
1301 1255 1393 1290 Item
1410 1254 1497 1289 duas
1508 1267 1606 1289 acras
1617 1260 1712 1290 terre

219 1322 300 1345 cum
316 1310 462 1346 dimidia
476 1324 519 1346 ex
538 1311 634 1346 dono
654 1310 871 1359 [Willelmi]
891 1311 1079 1347 Tauerner
1091 1311 1251 1360 jacentes
1268 1311 1368 1347 fimul
1379 1312 1418 1347 in
1436 1312 1469 1347 le
1482 1311 1712 1359 Damgsdale

218 1367 313 1403 inter
338 1373 469 1403 terram
499 1368 636 1403 domini
666 1368 816 1404 Abbatis
843 1369 887 1404 de
914 1368 1055 1404 Kinloss
1081 1369 1126 1404 ad
1153 1369 1327 1405 orientem
1353 1382 1397 1405 ex
1422 1374 1523 1417 parte
1548 1382 1621 1404 una
1639 1388 1647 1397 ·
1676 1375 1711 1405 et

218 1431 351 1460 terram
368 1425 544 1462 Johannis
563 1426 651 1461 dieti
671 1425 791 1462 Pedoc
808 1427 854 1462 ad
872 1426 1094 1462 occidentem
1115 1440 1159 1462 ex
1172 1427 1284 1462 altera
1301 1427 1338 1462 in
1356 1426 1544 1462 latitudine
1557 1445 1564 1454 ·
1584 1426 1622 1461 in
1635 1426 1712 1462 lon-

217 1483 380 1530 gitudine
398 1496 484 1519 vero
504 1484 737 1520 extendentes
754 1484 788 1520 se
808 1497 829 1519 a
847 1484 904 1520 via
921 1485 1020 1532 regia
1037 1484 1098 1520 sub
1116 1497 1205 1532 rupe
1222 1484 1342 1520 versus
1360 1484 1514 1519 austrum
1532 1484 1639 1530 usque
1666 1484 1711 1519 ad

218 1546 350 1576 terram
368 1541 555 1589 capitalem
573 1541 618 1576 ad
635 1541 780 1577 boream
800 1561 809 1569 ·
830 1542 922 1577 Item
942 1547 1095 1589 quatuor
1108 1555 1244 1577 marcas
1257 1542 1367 1577 annui
1381 1541 1541 1577 redditus
1555 1554 1600 1576 ex
1613 1541 1709 1576 dono

217 1597 346 1633 nobilis
372 1598 439 1633 viri
457 1598 629 1634 Willelmi
655 1599 793 1634 comitis
821 1599 865 1635 de
885 1599 974 1634 Ross
1000 1600 1244 1647 percipiendas
1270 1599 1454 1634 annuatim
1482 1598 1526 1634 de
1552 1603 1649 1633 terra
1666 1598 1710 1633 de

219 1655 417 1703 Culclochy
436 1674 444 1683 ·
475 1656 566 1691 Item
582 1669 692 1691 unam
710 1657 917 1703 perticatam
932 1662 1027 1692 terre
1042 1670 1086 1692 ex
1104 1657 1200 1692 dono
1215 1657 1364 1693 matilde
1379 1656 1474 1691 dicte
1489 1655 1583 1691 Dese
1590 1655 1710 1703 jacen-

217 1718 289 1748 tem
308 1726 352 1748 ex
371 1713 536 1749 orientali
553 1719 654 1761 parte
672 1714 806 1762 capelle
824 1714 1024 1762 supradiete
1042 1714 1135 1750 inter
1153 1714 1364 1750 cimiterium
1384 1713 1540 1761 ejusdem
1558 1713 1602 1748 ad
1621 1713 1711 1748 occi-

217 1770 361 1805 dentem
381 1783 425 1806 ex
443 1776 543 1818 parte
561 1784 634 1806 una
652 1790 661 1799 ·
689 1777 724 1807 et
750 1777 882 1807 terram
907 1771 1009 1807 beate
1030 1771 1202 1807 Katerine
1219 1771 1380 1819 Virginis
1403 1771 1448 1806 ad
1473 1770 1648 1806 orientem
1667 1783 1710 1806 ex

172 1834 175 1836 '
217 1827 329 1863 altera
347 1847 355 1855 ·
376 1828 424 1863 Et
441 1841 551 1863 unam
568 1829 778 1876 perticatam
796 1834 890 1865 terre
909 1842 977 1876 que
995 1829 1195 1877 appellatur
1214 1835 1309 1865 terra
1323 1829 1451 1864 Sancte
1468 1828 1639 1863 Katerine
1657 1828 1709 1863 su-

217 1886 378 1933 pmdi&e
391 1886 572 1934 jacentem
588 1900 632 1922 ex
646 1892 746 1935 parte
761 1887 925 1922 orientali
940 1887 1074 1935 capelle
1085 1887 1285 1935 supradicte
1297 1886 1402 1934 juxta
1415 1891 1547 1921 terram
1560 1885 1709 1921 Abbatis

218 1944 262 1979 de
280 1943 541 1979 Aberbrothok
560 1963 568 1972 ·
593 1957 659 1992 pro
678 1957 748 1991 qua
764 1945 937 1992 perticata
963 1945 1061 1980 idem
1078 1944 1262 1981 Johannes
1280 1949 1316 1979 et
1334 1943 1482 1979 heredes
1500 1943 1551 1978 sui
1569 1941 1710 1990 singulis

217 2002 319 2037 annis
345 2002 390 2037 ad
416 2001 541 2037 festum
561 2002 684 2037 Sancti
703 2002 853 2038 martini
870 2002 908 2037 in
932 2015 1034 2050 yeme
1054 2002 1252 2037 duodecem
1280 2002 1445 2037 denarios
1462 2000 1710 2048 sterlingorum

217 2059 263 2094 ad
281 2058 458 2094 luminare
476 2059 579 2095 beate
601 2059 773 2095 Katerine
792 2059 994 2108 supradiete
1012 2060 1050 2094 in
1068 2058 1210 2095 ecclefia
1227 2058 1420 2107 parochiali
1437 2058 1568 2094 vicario
1588 2058 1631 2093 de
1650 2057 1708 2092 In-

217 2129 348 2165 uernys
366 2117 426 2164 qui
452 2130 518 2164 pro
545 2122 707 2165 tempore
724 2117 833 2152 fuerit
857 2117 1058 2165 persolvent
1076 2136 1085 2145 ·
1113 2117 1304 2152 Tenendas
1330 2122 1366 2152 et
1392 2116 1569 2151 habendas
1589 2114 1648 2150 fibi
1672 2120 1707 2149 et

219 2173 409 2210 heredibus
428 2174 495 2210 suis
514 2175 550 2209 in
568 2180 782 2223 perpetuum
801 2175 846 2210 de
863 2174 966 2210 nobis
985 2179 1021 2210 et
1043 2174 1290 2211 succefl'oribus
1315 2173 1441 2210 nostris
1466 2173 1575 2209 libere
1592 2171 1708 2219 quiete
