2060 2660
363 170 432 208 172
752 165 1071 204 REGISTRUM
1099 163 1467 202 MORAVIENSE.

360 321 641 359 Instrumentum
660 323 764 372 super
781 324 1020 372 appellatione
1039 322 1083 358 de
1102 321 1248 356 decimis
1266 319 1408 356 ecclesie
1427 320 1471 355 de
1492 319 1671 367 Inuernys
1686 340 1695 347 -

259 441 328 472 155
359 440 402 475 In
422 439 495 476 Dei
518 440 664 475 nomine
691 452 796 475 amen
821 458 830 467 ·
859 439 928 474 Per
953 438 1022 473 hoc
1048 437 1190 485 presens
1217 435 1398 483 publicum
1427 433 1702 470 instrumentum
1721 436 1861 472 cunstis

355 503 474 545 pateat
501 497 686 534 evidenter
709 497 805 544 quod
827 509 922 531 anno
943 495 1094 530 Domini
1121 491 1304 528 millefimo
1324 495 1422 527 ·ccc⁰·
1441 490 1695 540 septuagesimo
1713 493 1830 539 primo
1849 513 1858 521 ·

356 555 569 591 duodecimo
598 555 655 591 die
680 553 804 590 menfis
824 552 977 600 Augusti
1001 552 1090 587 hora
1115 551 1303 586 tertiarum
1328 569 1337 577 ·
1367 549 1567 585 indictione
1592 562 1690 585 nona
1708 570 1716 579 ·
1744 552 1860 600 ponti-

355 613 479 649 ficatus
506 611 705 648 sanctissimi
731 612 769 647 in
796 610 934 647 Christo
960 609 1071 658 patris
1098 614 1134 644 et
1161 607 1299 643 domini
1324 606 1434 643 nostri
1460 607 1597 643 domini
1615 607 1787 656 Gregorii
1810 609 1859 644 di-

354 670 437 706 vina
455 671 682 719 providentia
700 670 795 718 Pape
812 668 993 704 undecimi
1012 679 1108 702 anno
1126 666 1243 714 primo
1256 684 1264 693 ·
1294 665 1340 700 In
1358 665 1430 701 mei
1447 666 1578 701 notarii
1595 666 1728 714 publici
1747 672 1782 703 et
1796 667 1859 703 tes-

354 728 443 763 tium
470 728 743 777 subscriptorum
761 726 937 776 presentia
953 724 1185 774 personaliter
1203 722 1414 759 constitutus
1432 723 1602 760 discretus
1618 724 1674 760 vir
1692 725 1859 761 dominus

355 786 522 822 Andreas
540 784 601 823 Ox
619 786 740 822 rector
762 783 902 821 ecclefie
921 784 965 819 de
986 782 1190 830 Inuerarity
1209 781 1332 817 83ηᾶὶί
1351 780 1502 818 Andree
1525 780 1670 819 diocefis
1690 795 1858 831 procura-

354 850 411 879 tor
430 844 674 892 religiosorum
693 843 852 879 virorum
873 841 1102 877 dominorum
1126 839 1278 875 Abbatis
1305 844 1341 875 et
1365 845 1565 876 conventus
1589 840 1791 876 monasterii
1813 841 1858 877 de

356 901 608 937 Aberbrothoc
628 901 750 937 Sancti
769 900 918 936 Andree
944 897 1088 934 diocefis
1114 898 1294 946 quandam
1321 897 1485 933 cedulam
1510 898 1692 946 papiream
1719 912 1764 934 ex
1785 912 1858 935 una

353 964 454 1007 parte
480 958 574 1006 quafi
600 959 759 994 totaliter
783 957 1015 1005 conscriptam
1041 957 1078 991 in
1101 969 1211 991 manu
1229 955 1290 991 sua
1307 956 1424 991 tenuit
1442 961 1478 991 et
1495 955 1603 1004 ipsam
1622 956 1667 992 de
1684 957 1795 993 verbo
1813 957 1857 993 ad

353 1016 501 1052 verbum
528 1016 678 1064 perlegit
696 1035 705 1044 ·
725 1015 826 1064 cujus
852 1015 995 1062 quidem
1024 1014 1151 1049 cedule
1177 1019 1283 1049 tenor
1307 1013 1463 1061 sequitur
1489 1013 1528 1049 in
1553 1014 1619 1049 hac
1645 1014 1783 1050 forma·
1813 1015 1858 1050 In

354 1073 425 1110 Dei
443 1075 589 1110 nomine
612 1086 716 1109 amen
741 1093 749 1101 ·
778 1086 858 1108 cum
882 1072 1130 1120 appellationis
1148 1071 1207 1107 seu
1225 1071 1493 1120 provocationis
1510 1072 1710 1107 remedium
1728 1072 1766 1108 in
1783 1073 1858 1109 sub-

352 1131 474 1167 fidium
494 1131 736 1179 oppressorum
754 1131 813 1166 seu
831 1128 1067 1166 verisimiliter
1085 1129 1119 1165 se
1138 1129 1291 1178 opprimi
1310 1130 1514 1165 timentium
1533 1142 1554 1165 a
1564 1129 1649 1178 jure
1672 1129 1858 1167 salubriter

350 1187 391 1224 fit
408 1189 594 1224 inventum
619 1208 627 1216 ·
657 1189 740 1224 hinc
764 1187 812 1224 est
838 1188 935 1235 quod
960 1200 1042 1222 cum
1064 1200 1129 1223 vos
1155 1188 1353 1223 reverende
1376 1192 1478 1235 pater
1496 1192 1532 1223 et
1550 1187 1694 1223 domine
1713 1188 1858 1225 domine

351 1245 561 1281 Alexander
586 1245 657 1281 Dei
683 1246 798 1293 gratia
824 1245 984 1294 episcope
1009 1243 1242 1282 moraviensis
1268 1258 1385 1293 nuper
1412 1245 1508 1293 apud
1534 1245 1784 1282 monasterium
1813 1247 1857 1283 de

352 1304 469 1339 Scona
484 1303 606 1339 Sancti
622 1303 770 1339 Andree
789 1302 935 1339 diocefis
954 1322 962 1331 ·
982 1303 1021 1338 in
1035 1303 1270 1339 coronatione
1285 1303 1438 1339 Domini
1453 1302 1562 1339 nostri
1577 1303 1689 1352 Regis
1704 1304 1855 1341 Roberti

343 1363 418 1410 jam
437 1361 619 1409 regnantis
642 1381 649 1389 ·
677 1361 869 1397 verbaliter
886 1360 1071 1397 intimastis
1089 1361 1285 1397 venerabili
1303 1361 1342 1397 in
1360 1360 1500 1398 Christo
1518 1361 1612 1408 patri
1630 1362 1777 1398 domino
1795 1363 1857 1400 Jo-

349 1420 457 1455 hanni
479 1419 596 1455 abbati
621 1419 665 1455 de
685 1418 941 1455 Aberbrothoc
960 1419 1117 1468 ejusdem
1138 1419 1261 1455 Sancti
1281 1418 1432 1455 Andree
1450 1417 1595 1455 diocefis
1619 1420 1716 1467 quod
1739 1421 1785 1456 ad
1804 1421 1856 1456 in-

350 1478 509 1513 stantiam
528 1477 682 1525 magistri
702 1477 880 1513 Eustachii
899 1477 1019 1513 vicarii
1040 1477 1084 1513 de
1105 1477 1284 1526 Inuernys
1302 1476 1415 1514 vestre
1434 1476 1579 1513 diocefis
1596 1477 1701 1526 super
1718 1479 1856 1526 quibus-

352 1536 433 1570 dam
448 1535 592 1571 decimis
604 1535 761 1583 ejusdem
777 1534 920 1572 ecclesie
934 1535 1133 1584 proceffum
1148 1535 1332 1571 ordinastis
1346 1540 1473 1571 contra
1486 1548 1569 1571 eum
1582 1554 1591 1564 ·
1603 1535 1706 1584 cujus
1717 1537 1853 1586 copiam

351 1606 433 1629 cum
452 1593 545 1629 idem
564 1593 686 1629 Abbas
704 1607 725 1629 a
742 1594 842 1630 vobis
860 1607 942 1630 cum
961 1593 1126 1630 instantia
1142 1594 1318 1642 petivisset
1336 1613 1345 1622 ·
1365 1598 1401 1629 et
1419 1593 1463 1629 de
1481 1606 1525 1629 eo
1542 1599 1648 1630 antea
1664 1607 1740 1630 non
1758 1596 1856 1632 audi-

351 1651 450 1687 viss'et
477 1670 485 1678 ·
512 1650 734 1699 respondistis
760 1652 857 1699 quod
881 1652 950 1700 ipse
975 1652 1020 1688 ad
1043 1657 1162 1700 partes
1185 1651 1299 1688 vestre
1323 1650 1554 1689 moravienfis
1579 1651 1723 1688 diocefis
1740 1666 1804 1702 per
1821 1654 1855 1690 se

352 1709 410 1745 vel
428 1721 492 1757 per
509 1714 778 1757 procuratorem
797 1710 993 1746 declinaret
1013 1710 1075 1746 ubi
1096 1711 1293 1759 processum
1317 1710 1430 1758 ipsum
1455 1708 1624 1746 dimisistis
1648 1716 1684 1746 et
1706 1712 1852 1760 petitam

351 1767 490 1815 copiam
511 1766 638 1814 absque
657 1767 864 1803 difficultate
882 1767 942 1803 fibi
960 1769 1150 1805 traderetis
1168 1788 1176 1797 ·
1200 1769 1305 1815 super
1322 1781 1394 1816 quo
1411 1768 1506 1804 idem
1526 1768 1650 1805 Abbas
1671 1769 1750 1806 satis
1772 1784 1854 1807 con-

350 1825 464 1860 fidens
490 1824 576 1860 dum
603 1825 686 1861 effet
712 1825 788 1861 aliis
814 1826 1015 1862 monasterii
1032 1827 1084 1862 sui
1101 1827 1255 1876 negotiis
1272 1827 1466 1876 impeditus
1483 1827 1529 1862 ad
1547 1827 1695 1863 vestram
1715 1829 1854 1877 presen-

350 1882 436 1918 tiam
451 1882 488 1918 in
506 1883 670 1919 moravia
687 1883 854 1919 discretos
871 1884 967 1920 viros
985 1885 1172 1921 dominum
1190 1885 1366 1923 Jacobum
1382 1885 1506 1921 Fraser
1523 1885 1673 1922 militem
1691 1891 1728 1922 et
1742 1886 1853 1923 Alex-

350 1940 503 1976 andrum
523 1939 777 1976 Skirmechour
794 1948 1044 1989 procuratores
1061 1956 1127 1991 pro
1147 1944 1180 1979 se
1199 1949 1235 1979 et
1252 1948 1435 1979 conventu
1452 1943 1514 1979 suo
1533 1956 1615 1979 cum
1632 1943 1741 1992 pleno
1755 1958 1852 1981 man-

351 1998 434 2033 dato
461 2010 526 2046 pro
553 1998 716 2034 habenda
742 1999 813 2046 ipsa
838 2000 940 2048 copia
962 2001 1007 2036 ad
1031 2001 1140 2037 finem
1160 2001 1381 2037 deliberandi
1399 2001 1502 2049 super
1520 2001 1620 2037 dicto
1636 2002 1796 2050 procefl'u
1814 2004 1850 2038 in

349 2068 421 2103 quo
438 2054 499 2091 fibi
516 2056 675 2104 prodesse
692 2057 803 2104 poffet
816 2057 873 2092 vel
891 2058 1004 2094 obess'e
1023 2059 1218 2107 specialiter
1232 2058 1419 2095 destinavit
1433 2078 1441 2087 ·
1456 2058 1583 2107 quibus
1597 2059 1703 2095 dietis
1713 2060 1850 2097 Jacobo

350 2118 386 2148 et
399 2113 611 2149 Alexandro
626 2114 787 2161 premissa
799 2127 820 2150 a
833 2114 933 2150 vobis
946 2116 1148 2163 petentibus
1162 2117 1274 2165 sepius
1292 2122 1328 2153 et
1345 2116 1514 2152 instanter
1527 2117 1661 2153 adtunc
1678 2115 1738 2152 fibi
1756 2119 1847 2155 tradi

349 2171 408 2206 seu
426 2171 521 2206 diem
540 2176 576 2207 et
593 2171 711 2207 locum
730 2170 790 2207 fibi
808 2170 969 2220 affignari
987 2174 1032 2208 ad
1052 2174 1306 2210 exhibitionem
1326 2173 1429 2223 ipfius
1449 2174 1626 2222 procefl'us
1643 2180 1684 2210 ut
1700 2175 1848 2212 facultas

348 2227 409 2264 fibi
427 2228 573 2264 daretur
590 2229 702 2277 ipsum
721 2229 916 2265 describere
940 2236 975 2265 et
994 2231 1135 2279 copiare
1163 2251 1171 2260 ·
1199 2232 1464 2281 respondebatis
1484 2232 1640 2280 expresse
1658 2233 1755 2279 quod
1773 2247 1847 2270 non

349 2286 488 2322 vacavit
504 2286 605 2322 vobis
622 2286 668 2322 ad
685 2291 773 2323 tunc
790 2287 952 2335 premissa
969 2288 1080 2336 petita
1101 2289 1248 2337 implere
1272 2303 1339 2326 nec
1360 2288 1501 2326 scivistis
1525 2289 1619 2326 diem
1641 2295 1704 2326 aut
1727 2290 1845 2328 locum
