2066 2780
575 136 892 173 REGISTRUM
920 137 1282 175 MORAVIENSE.
1627 149 1675 185 49

180 237 376 274 tra6hmdis
394 242 430 272 et
448 236 652 271 decidendis
669 248 880 283 quecunque
902 235 941 269 in
964 235 1139 282 parochiis
1162 235 1424 282 prebendarum
1442 240 1646 277 emerserint
1665 263 1672 270 ·

178 294 239 343 ipsi
262 294 423 330 canonici
447 294 655 329 omnimoda
679 299 715 328 et
740 298 915 341 perpetua
939 292 1120 340 gaudeant
1146 292 1309 328 libertate
1337 299 1373 328 et
1396 295 1506 331 libera
1526 304 1674 335 utantur

177 351 346 399 potestate
365 370 373 378 ·
394 351 504 393 Quod
518 356 559 386 ut
573 356 689 386 ratum
704 350 876 385 habeatur
890 355 926 385 et
944 349 1088 384 firmum
1101 349 1272 397 presentis
1289 349 1406 398 scripti
1424 352 1623 390 testimonio
1638 363 1674 391 et

176 407 286 456 sigillo
301 407 419 443 nostro
434 408 680 443 roboravimus
693 427 701 436 ·
715 407 877 443 Testibus
891 406 1072 442 Haimone
1087 407 1223 442 decano
1236 405 1476 443 Lincolnienfi
1489 428 1497 436 ·
1512 410 1672 447 Roberto

175 465 425 500 archidiacono
446 464 777 512 Huntingdonienfi
804 484 812 492 ·
840 463 1002 512 magistro
1023 464 1170 511 Rogero
1190 464 1235 499 de
1255 463 1451 500 Rolveston
1476 485 1484 493 ·
1508 466 1672 504 Johanne

173 522 308 558 sacrista
326 542 334 550 ·
355 522 522 558 Galsrido
541 524 584 559 de
604 523 785 571 Lychelad
800 541 808 550 ·
823 521 986 569 magistro
1004 521 1162 557 Ricardo
1181 522 1226 557 de
1245 522 1462 558 Sunathlech
1482 543 1490 551 ·
1511 525 1671 571 magistro

174 580 340 616 Gerardo
360 581 404 616 de
424 581 597 616 Rothwol
626 600 634 609 ·
667 580 828 628 Hugone
855 580 899 615 de
923 579 1106 615 Edwardo
1138 598 1147 607 ·
1179 579 1368 615 Eustachio
1387 580 1432 616 de
1451 580 1588 616 Wilton
1608 602 1616 611 ·
1636 589 1670 618 et

173 637 248 672 aliis
268 657 276 665 ·

172 808 350 844 Omnibus
369 808 498 844 Christi
515 809 679 844 fidelibus
697 809 743 844 ad
760 822 850 856 quos
867 809 1009 857 presens
1026 809 1193 857 scriptum
1211 809 1415 856 pervenerit
1443 829 1450 837 ·
1470 809 1670 846 VVillelmus

172 866 243 902 Dei
269 866 384 914 gratia
407 865 664 902 Lincolnienfis
691 867 872 915 episcopus
899 866 1047 902 salutem
1072 867 1111 902 in
1133 866 1296 902 Domino
1332 885 1340 894 ·
1378 867 1435 902 Ex
1452 867 1669 915 inspefitione

171 925 341 959 autentici
366 924 589 960 instrumenti
616 924 710 960 bone
733 925 905 960 memorie
925 924 1078 960 Roberti
1102 924 1284 971 quondam
1303 923 1560 961 Lincolnienfis
1587 927 1670 975 epis-

171 982 249 1029 copi
277 982 526 1029 predecessoris
554 982 663 1018 nostri
691 983 925 1029 cognovimus
953 982 1065 1030 ipsum
1096 980 1258 1018 remififl'e
1287 982 1453 1017 omnibus
1479 983 1668 1031 prebendis

171 1037 476 1074 Lincolnienfibus
494 1040 531 1075 in
549 1045 762 1088 perpetuum
777 1040 899 1076 omnia
910 1040 996 1088 jura
1009 1039 1218 1088 episcopalia
1233 1059 1240 1068 ·
1255 1046 1291 1076 et
1303 1053 1427 1076 omnes
1441 1041 1646 1078 exactiones
1659 1062 1667 1070 ·

171 1101 236 1132 etc·
257 1102 300 1132 ut
318 1098 360 1132 in
377 1097 509 1133 charta
523 1098 806 1144 prebendarum
819 1117 828 1125 ·

171 1268 371 1304 Willelmus
393 1269 465 1305 Dei
488 1270 603 1317 gratia
626 1267 882 1304 Lincolnienfis
907 1268 1088 1316 episcopus
1116 1268 1255 1303 dilectis
1280 1266 1341 1303 fibi
1363 1268 1401 1303 in
1424 1268 1563 1305 Christo
1587 1271 1667 1306 filiis

169 1326 304 1361 decano
323 1332 359 1361 et
377 1327 532 1375 capitulo
551 1325 808 1362 Lincolnienfis
831 1324 972 1361 ecclesie
993 1325 1141 1361 salutem
1159 1326 1196 1360 in
1214 1325 1377 1361 Domino
1395 1331 1431 1361 et
1447 1326 1666 1364 benedictio-

167 1396 250 1418 nem
286 1403 294 1411 ·
328 1384 431 1420 Licet
449 1398 492 1420 ex
512 1385 617 1420 officii
636 1383 744 1419 nostri
763 1383 882 1419 debito
900 1382 1120 1430 singulorum
1138 1395 1202 1430 per
1219 1381 1393 1430 dyocesim
1411 1383 1565 1420 nostram
1583 1398 1666 1421 con-

168 1439 370 1476 stitutorum
396 1442 608 1477 utilitatibus
634 1447 783 1488 paterna
810 1441 1046 1476 sollicitudine
1076 1440 1265 1488 providere
1295 1445 1482 1476 teneamur
1509 1461 1518 1469 ·
1545 1442 1666 1479 vestris

168 1503 288 1534 tamen
311 1499 508 1534 commodis
532 1505 567 1535 et
590 1498 808 1547 profectibus
827 1503 862 1534 et
883 1498 1083 1533 animarum
1100 1497 1295 1533 vestrarum
1319 1497 1421 1533 saluti
1439 1498 1500 1545 qui
1524 1499 1607 1535 Deo
1630 1506 1666 1536 et

167 1555 269 1591 beate
288 1557 401 1593 marie
420 1557 564 1604 Virgini
581 1556 739 1592 nostrum
763 1555 1002 1604 impendimus
1026 1554 1230 1602 obsequium
1256 1554 1415 1590 uberiori
1440 1556 1666 1603 providentia

167 1613 280 1649 adesse
310 1614 477 1649 volumus
507 1613 593 1649 ficut
624 1619 660 1649 et
690 1614 860 1650 debemus
889 1632 897 1641 ·
929 1612 1028 1648 Hinc
1058 1611 1106 1647 est
1135 1612 1233 1659 quod
1260 1611 1380 1647 habita
1410 1612 1664 1651 deliberatione

166 1683 247 1706 cum
264 1671 411 1719 Rogero
426 1672 470 1707 de
487 1671 673 1708 Rolleston
687 1671 823 1707 decano
837 1676 873 1706 et
887 1670 1042 1719 capitulo
1056 1668 1313 1705 Lincolnienfis
1327 1668 1467 1706 ecclefie
1483 1689 1492 1698 ·
1512 1671 1556 1707 de
1570 1685 1665 1708 com-

105 1768 107 1770 ,
165 1729 266 1763 muni
284 1742 410 1764 eorum
428 1727 571 1765 confilio
590 1734 626 1765 et
643 1729 829 1765 voluntate
858 1748 866 1756 ·
895 1727 1079 1764 statuimus
1100 1732 1142 1763 ut
1164 1726 1401 1774 unusquisque
1418 1727 1572 1764 vestrum
1594 1728 1663 1766 five

165 1785 292 1821 debitis
315 1785 355 1822 fit
377 1787 574 1822 honoratus
595 1785 664 1822 five
690 1799 766 1822 non
792 1787 836 1822 de
858 1785 1034 1821 fructibus
1052 1790 1089 1821 et
1106 1784 1380 1821 obventionibus
1398 1785 1578 1834 prebende
1603 1787 1663 1824 sue

164 1856 185 1878 a
211 1843 267 1879 die
294 1843 411 1879 obitus
435 1844 486 1879 sui
512 1845 622 1892 usque
648 1844 686 1879 in
711 1856 847 1879 annum
875 1842 1093 1891 completum
1118 1842 1266 1878 liberam
1296 1855 1363 1891 pro
1388 1842 1575 1880 voluntate
1603 1844 1663 1881 sua

164 1901 291 1937 habeat
315 1901 523 1950 disponendi
544 1902 750 1938 facultatem
781 1921 790 1929 ·
822 1901 872 1937 ita
896 1906 938 1937 ut
963 1900 1015 1936 illi
1041 1900 1105 1936 soli
1126 1899 1196 1936 hoc
1213 1900 1394 1948 gaudeant
1410 1900 1584 1938 beneficio
1602 1903 1663 1950 qui

165 1959 349 1995 existentes
367 1959 529 1995 canonici
547 1957 803 1995 Lincolnienfis
821 1957 962 1995 ecclefie
980 1958 1075 1994 diem
1097 1957 1286 1994 clauserint
1310 1963 1511 1994 extremum
1542 1978 1551 1987 ·
1582 1973 1663 2008 pro-

164 2017 317 2052 vidimus
334 2017 441 2053 etiam
458 2022 499 2052 ut
517 2015 643 2065 singuli
660 2016 783 2052 vicarii
805 2016 1068 2065 prebendarum
1092 2015 1274 2051 dimidiam
1293 2029 1448 2052 marcam
1465 2016 1562 2052 ultra
1578 2030 1661 2054 con-

163 2074 259 2110 sueta
275 2074 446 2123 stipendia
462 2075 660 2123 percipiant
677 2073 821 2122 singulis
838 2073 940 2110 annis
956 2093 965 2102 ·
981 2074 1033 2110 Ut
1047 2078 1168 2109 autem
1180 2072 1246 2109 hec
1260 2072 1378 2109 nostra
1392 2074 1570 2110 ordinatio
1583 2088 1660 2123 per-

162 2137 306 2179 petuam
321 2132 480 2168 obtineat
498 2132 703 2168 firmitatem
723 2151 731 2160 ·
751 2144 829 2168 eam
846 2131 1000 2180 presenti
1016 2130 1145 2180 scripto
1164 2136 1200 2167 et
1216 2129 1319 2179 figilli
1336 2130 1444 2166 nostri
1461 2132 1660 2179 patrocinio

163 2189 408 2225 roboravimus
435 2208 443 2218 ·
486 2189 648 2225 Testibus
678 2189 839 2237 magistro
866 2188 1048 2225 Willelmo
1077 2189 1121 2225 de
1152 2188 1313 2225 Branflet
1342 2188 1540 2224 subdecano
1572 2208 1580 2217 ·
1609 2189 1657 2225 G·

162 2247 411 2283 archidiacono
430 2247 474 2283 de
495 2247 675 2283 Bedeford
694 2267 702 2276 ·
725 2247 936 2283 Alexandro
955 2247 1000 2283 de
1018 2246 1199 2283 Bedeford
1227 2266 1236 2274 ·
1262 2246 1426 2294 Philippo
1444 2246 1488 2282 de
1506 2246 1659 2283 malber—

940 2309 964 2332 G
