2060 2660
369 173 442 211 260
768 174 1084 212 REGISTRUM
1114 171 1478 212 MORAVIENSE.

369 279 405 309 et
431 273 578 310 obtenta
603 287 668 323 pro
695 274 895 311 litterarum
922 274 1036 311 studio
1059 281 1094 310 et
1117 275 1194 310 aliis
1212 273 1320 310 causis
1338 273 1491 309 honestis
1509 273 1554 308 ad
1573 278 1713 308 certum
1733 276 1873 321 tempus

369 331 448 366 illos
466 331 578 368 abefl'e
598 333 790 381 contigerit
802 352 810 361 ·
830 333 888 368 Illi
907 339 1026 368 autem
1046 333 1105 380 qui
1125 345 1199 367 non
1218 330 1261 367 fic
1280 329 1433 366 resident
1450 330 1633 378 septimam
1652 329 1804 378 prestare
1823 337 1872 366 at-

367 402 436 436 que
454 389 590 426 solvere
609 390 764 426 debitam
783 396 919 439 partem
938 390 1123 425 frufihium
1139 388 1403 437 prebendarum
1423 387 1563 423 suarum
1583 388 1620 423 in
1639 394 1870 435 augmentum

367 460 558 483 commune
576 448 831 484 canonicorum
852 446 1079 483 residentium
1100 446 1217 481 debite
1232 445 1327 493 apud
1342 445 1493 481 eandem
1507 465 1515 473 ·
1531 451 1638 494 prout
1652 446 1754 481 sacris
1768 459 1871 482 cano-

366 505 470 540 nibus
485 525 493 533 ·
513 506 675 554 predicte
690 504 830 541 ecclesie
850 503 1160 540 constitutionibus
1178 508 1284 550 atque
1303 502 1449 550 registro
1464 502 1579 538 vestro
1594 502 1699 552 [ubi]
1715 503 1759 539 de
1777 504 1871 540 illius

365 563 620 599 canonicorum
644 564 763 611 agitur
784 562 971 599 residentia
997 560 1188 609 expressius
1214 566 1362 596 cavetur
1381 580 1389 588 ·
1417 561 1585 596 nonnulli
1606 561 1771 608 equidem
1793 575 1869 610 pre-

365 620 435 656 fate
453 620 594 657 ecclefie
613 621 775 657 canonic-i
795 619 1003 669 prebendati
1018 617 1208 667 (premissis
1226 631 1290 666 per
1308 618 1448 653 eosdem
1469 619 1615 655 minime
1633 620 1867 667 prepensatis)

364 678 458 726 apud
477 679 609 714 dictam
630 677 809 714 ecclesiam
830 675 1093 712 Moraviensem
1118 681 1159 711 ut
1183 676 1404 724 premittitur
1428 674 1578 712 residere
1604 675 1734 725 suaque
1753 678 1868 714 officia

364 749 529 772 exercere
541 736 681 785 jamdiu
701 736 847 771 minime
866 739 1040 770 curarunt
1054 753 1062 761 ·
1088 733 1166 769 Nos
1184 733 1295 781 igitur
1312 734 1474 769 unanimi
1493 734 1662 770 consensu
1681 741 1717 770 ct
1734 736 1866 772 assensu

362 794 452 841 ipsos
473 795 567 842 apud
592 794 742 830 eandem
767 793 885 829 debite
912 791 1063 827 refidere
1089 791 1220 839 suaque
1248 791 1364 827 officia
1390 798 1431 827 ut
1456 792 1560 840 supra
1586 806 1649 839 per
1676 793 1709 828 se
1737 793 1865 830 devote

361 864 527 887 exercere
546 852 606 887 sub
630 865 722 900 pena
741 851 929 887 solucionis
947 850 1093 898 septime
1114 855 1303 897 prenotate
1329 849 1415 885 alias
1439 850 1613 898 legittime
1642 857 1677 886 et
1704 865 1865 900 peremp-

358 909 449 945 torie
468 923 531 957 per
549 914 711 957 patentes
730 909 865 944 litteras
881 907 1016 943 nostras
1034 907 1152 943 debita
1169 907 1285 943 forma
1303 913 1483 943 emanatas
1500 908 1593 943 infra
1611 914 1727 944 certos
1744 911 1864 945 termi-

358 979 424 1002 nos
442 973 685 1015 competentes
703 968 740 1002 in
760 966 887 1002 eisdem
907 965 1121 1014 expreffatos
1140 966 1346 1001 monuimus
1364 971 1400 1001 et
1418 979 1481 1013 per
1495 979 1617 1002 earum
1634 972 1861 1003 executorem

358 1025 497 1060 moneri
525 1025 672 1060 fecimus
698 1025 813 1060 forma
837 1023 1066 1071 subsequente
1086 1043 1094 1051 ·
1131 1023 1298 1059 Gavinus
1317 1023 1473 1059 Dunbar
1491 1024 1702 1060 cathedralis
1721 1024 1862 1061 ecclesie

358 1081 592 1117 Moravienfis
611 1082 766 1118 decanus
780 1087 816 1117 et
834 1082 997 1117 canonici
1016 1081 1212 1130 capitulum
1232 1081 1388 1129 ejusdem
1416 1081 1698 1130 representantes
1716 1095 1861 1118 venera-

356 1139 416 1174 bili
436 1139 513 1175 viro
533 1139 697 1187 magistro
715 1140 873 1177 Johanni
893 1139 1115 1175 VVinchester
1133 1140 1295 1188 predi&e
1319 1138 1460 1175 ecclesie
1488 1139 1687 1175 subdecano
1714 1140 1859 1177 salutem

355 1203 390 1232 et
417 1198 637 1246 infrascripta
664 1198 791 1245 exequi
818 1197 1010 1245 diligenter
1029 1217 1037 1225 ·
1067 1197 1161 1233 Cum
1189 1211 1313 1233 omnes
1340 1204 1376 1233 et
1402 1196 1529 1245 singuli
1553 1198 1690 1245 prefate
1719 1197 1859 1234 ecclesie

353 1255 514 1291 canonici
532 1255 811 1303 prebendatique
830 1255 1022 1291 secundum
1043 1255 1183 1290 suarum
1207 1255 1454 1291 fundationem
1477 1255 1738 1303 prebendarum
1764 1257 1858 1304 apud

353 1312 500 1348 eandem
530 1312 647 1349 debite
674 1312 825 1350 residere
852 1313 1081 1362 septimamve
1108 1313 1294 1349 fru6tuum
1321 1318 1460 1361 partem
1484 1313 1680 1349 earundem
1702 1314 1746 1349 ad
1765 1327 1858 1349 com-

352 1371 508 1405 muniam
529 1371 709 1407 cauonicis
723 1370 879 1420 ejusdem
894 1377 936 1407 ut
950 1371 1170 1420 premittitur
1185 1370 1302 1406 debite
1317 1369 1550 1407 residentibus
1564 1371 1699 1407 solvere
1713 1377 1858 1408 tenean-

350 1433 409 1463 tur
435 1441 516 1464 cum
545 1429 675 1465 effectu
700 1449 708 1457 ·
738 1429 839 1465 vobis
865 1430 975 1477 igitur
999 1429 1037 1465 in
1063 1430 1196 1465 virtute
1224 1429 1344 1464 sancte
1371 1429 1573 1465 obedientie
1600 1428 1719 1465 striGte
1745 1431 1856 1478 preci-

349 1486 480 1533 piendo
504 1487 714 1523 mandamus
732 1493 908 1535 quatenus
927 1488 1102 1523 moneatis
1120 1487 1279 1535 legitime
1298 1493 1334 1523 et
1351 1487 1590 1535 peremptorie
1609 1487 1716 1523 unico
1735 1493 1854 1524 tamen

349 1549 520 1579 contextu
546 1558 611 1592 pro
635 1545 766 1593 triplici
791 1546 911 1581 edicto
937 1559 1061 1581 omnes
1085 1550 1121 1581 et
1147 1544 1302 1593 singulos
1324 1545 1485 1593 predicte
1504 1543 1645 1581 ecelefie
1664 1546 1854 1581 canonicos

350 1601 587 1649 prebendatos
614 1603 845 1651 personaliter
871 1604 1108 1652 apprehensos
1134 1602 1159 1638 fi
1185 1603 1339 1652 ipsorum
1364 1603 1555 1651 presentias
1579 1603 1768 1639 commode
1795 1604 1852 1639 ha-

348 1659 432 1694 bere
451 1660 612 1707 poteritis
632 1680 639 1688 ·
663 1661 821 1708 alioquin
839 1662 877 1697 in
896 1662 992 1698 dicta
1010 1660 1153 1698 ecclesia
1173 1660 1390 1697 Moravienfi
1409 1666 1445 1697 et
1463 1661 1648 1709 capitulari
1667 1661 1747 1697 loco
1766 1661 1851 1710 ejus-

348 1717 429 1752 dem
454 1717 555 1752 solito
575 1723 610 1753 et
628 1718 782 1766 ipsorum
804 1720 899 1767 apud
917 1719 1034 1755 stallos
1055 1720 1198 1767 suasque
1223 1717 1419 1755 mansiones
1443 1719 1578 1767 prefate
1598 1718 1678 1767 [in]
1698 1719 1849 1768 collegio

348 1773 489 1810 ecclesie
515 1773 656 1810 situatas
682 1776 754 1811 alta
780 1782 816 1812 et
842 1790 930 1813 voce
956 1778 1200 1825 intelligibili·
1228 1776 1272 1813 sic
1298 1778 1395 1825 quod
1424 1777 1644 1825 infrascripta
1671 1777 1792 1813 omnia
1814 1783 1849 1813 et

347 1831 482 1880 lingula
507 1833 552 1867 ad
582 1833 736 1881 ipsorum
764 1840 799 1870 et
826 1848 950 1871 eorum
977 1835 1161 1885 cujussibet
1185 1835 1334 1871 noticias
1362 1841 1398 1871 et
1425 1834 1590 1871 sciencias
1616 1834 1849 1871 verisimiliter

346 1891 504 1938 poterint
522 1891 691 1927 devenire
711 1911 719 1919 ·
747 1906 836 1940 quos
862 1907 927 1929 nos
952 1894 1058 1929 etiam
1084 1894 1305 1942 presencium
1331 1899 1457 1929 tenore
1483 1891 1641 1928 similiter
1662 1906 1848 1929 monemus

345 1948 442 1996 quod
460 1948 552 1984 infra
570 1950 691 1984 0xxx‘⁸·
712 1950 786 1986 dies
804 1951 937 1987 nostras
956 1952 1177 1987 moniciones
1195 1951 1358 2000 proxime
1381 1956 1417 1987 et
1439 1950 1644 1986 immediate
1666 1950 1848 1998 sequentes

344 2018 433 2053 quos
459 2007 522 2042 eiis
548 2012 583 2042 et
610 2021 735 2043 eorum
763 2009 908 2044 cuilibet
933 2023 999 2058 pro
1026 2010 1120 2045 trina
1145 2015 1181 2045 et
1204 2009 1376 2046 canonica
1402 2009 1606 2044 monicione
1633 2014 1669 2044 et
1693 2009 1846 2044 termino

343 2065 587 2112 peremptorio
614 2064 825 2113 aflignamus
851 2072 887 2102 et
911 2080 974 2102 vos
1000 2066 1157 2104 fimiliter
1179 2066 1357 2115 aflignetis
1376 2086 1384 2095 ·
1403 2067 1498 2115 apud
1517 2067 1650 2102 dictam
1669 2064 1846 2102 ecclesiam

345 2121 608 2158 Moraviensem
636 2129 672 2159 et
698 2124 735 2159 in
762 2124 885 2160 eadem
907 2125 1013 2173 juxta
1034 2131 1070 2161 et
1093 2126 1287 2162 secundum
1310 2125 1451 2161 suarum
1474 2124 1722 2160 fundationem
1741 2129 1846 2171 atque

343 2185 507 2216 naturam
531 2180 794 2229 prebendarum
821 2183 1042 2230 personalem
1069 2189 1175 2231 atque
1203 2183 1358 2219 debitam
1384 2182 1608 2219 refidentiam
1632 2182 1846 2230 principient

340 2238 472 2274 saciant
495 2244 530 2274 et
554 2239 768 2276 continuent
788 2259 795 2268 .
825 2239 886 2276 sub
914 2240 1102 2277 solucionis
1128 2255 1221 2289 pena
1247 2241 1392 2289 septime
1419 2241 1527 2289 partis
1554 2245 1741 2288 prenotate
1761 2260 1768 2267 ·
1798 2239 1844 2275 Et
