1912 2660
130 228 188 256 362

130 653 186 681 363

131 795 186 823 364

128 1460 184 1488 865

128 2030 184 2058 366

601 122 918 160 REGISTRUM
953 124 1317 164 MORAVIENSE.
1631 136 1703 168 403

214 225 299 254 Carta
319 222 477 252 feodifirmae
498 225 638 249 terrarum
660 221 903 249 ecclesiasticarum
924 222 957 250 de
976 222 1013 250 lie
1029 222 1174 251 Kirktoun
1191 224 1225 252 de
1243 225 1361 263 Duppill
1376 227 1447 255 infra
1461 228 1513 256 vic:
1528 229 1561 257 de
1578 229 1661 266 Elgin
1675 235 1703 258 et

213 273 321 306 Fortes,
341 280 391 309 per
403 269 573 307 Episcopum
593 278 658 297 cum
679 268 814 296 consensu
833 269 948 306 capituli
969 270 1092 298 concessa
1112 270 1217 298 Jacobo
1237 271 1322 300 Innes
1342 274 1376 301 de
1397 274 1559 312 Tolquheis‚
1580 277 1627 314 qui
1647 277 1704 305 eas-

213 321 276 349 dem
296 318 373 358 prius
396 320 588 354 occupaverat.
630 316 784 344 Reddendo
813 316 877 344 L.6.
902 317 947 344 11.
969 316 1017 355 5⁴}-
1041 327 1098 345 una
1119 327 1182 345 cum
1205 319 1223 345 2
1248 320 1395 356 quarteriis
1416 327 1515 356 merte,
1542 324 1555 350 l
1579 329 1705 357 mutone,

212 369 231 396 2
244 365 377 396 duodenis
390 373 537 403 caponum,
551 365 570 391 2
584 363 667 392 bollis
681 373 842 397 avenarum,
858 364 1003 392 annuatim
1017 376 1024 397 ;
1046 364 1198 393 Prestando
1211 365 1378 403 presentiam
1397 368 1431 395 ad
1449 368 1503 396 tria
1520 369 1620 406 placita
1633 372 1706 410 capi-

211 414 277 444 talia
293 413 366 452 apud
385 412 480 450 Spyne
494 421 525 440 ac
539 411 569 439 in
583 411 708 449 quolibet
721 411 822 439 itinere
831 410 993 449 justiciariae
1008 411 1148 450 Episcopi.
1189 412 1318 441 Testibus
1332 414 1463 450 magistro
1476 415 1606 444 ,Iohanne
1620 417 1707 445 Dow-

210 462 278 499 glas,
295 460 456 489 Alexandro
472 459 549 487 Blair
562 459 713 487 camerario
730 459 837 492 Sconae,
853 459 968 487 Andrea
984 459 1134 493 Monereff,
1149 460 1255 488 Jacobo
1272 460 1421 495 Moncrefl}
1440 461 1546 490 Jacobo
1560 463 1707 502 Hepburn.

212 509 297 548 Apud
312 509 431 537 Sconam
445 511 474 536 et
490 506 576 545 Elgin
589 506 744 545 respective
758 507 796 534 26
814 507 986 545 Septembris
1001 511 1029 535 et
1048 509 1063 545 [
1109 509 1123 544 ]
1143 507 1274 536 Octobris
1292 508 1375 536 1561.

211 652 379 689 Preceptum
393 649 485 678 safinae
499 648 632 688 ejusdem,
647 649 754 677 Jacobo
768 649 854 677 Innes
868 649 902 677 de
918 648 1019 686 Drany
1033 648 1144 677 ballivo.
1187 649 1295 678 Eodem
1309 650 1353 678 die
1368 655 1396 679 et
1410 651 1481 679 loco.

213 795 296 823 Carta
308 793 469 822 feodifirmae
482 802 609 820 acrarum
623 792 656 820 de
671 791 751 829 Dyk,
767 801 836 820 acrae
851 791 1006 829 vulgariter
1023 796 1193 830 nuncupatae
1214 792 1360 831 thestabil
1372 793 1445 821 akir
1459 793 1572 828 ibidem,
1594 795 1707 824 brafinae

210 843 243 870 de
259 842 327 879 Dyk
341 851 405 869 cum
419 851 481 868 acra
500 839 633 878 ejusdem,
649 844 677 868 et
695 839 791 867 croftae
806 839 892 867 manfi
907 840 940 867 de
956 839 1035 877 Dyk,
1051 849 1116 867 cum
1131 840 1227 867 manso
1242 845 1270 868 et
1285 840 1377 874 horto,
1397 851 1447 878 per
1461 841 1630 880 Episcopum
1645 853 1709 871 cum

210 889 344 918 consensu
364 889 478 927 capituli
494 887 616 916 concefl'a
632 887 797 915 Alexandro
813 887 925 925 Brodye
946 888 979 915 de
1001 888 1098 915 eodem
1120 893 1148 916 et
1171 887 1314 926 Marjoriae
1333 888 1454 916 Dunbar
1474 888 1533 927 ejus
1555 889 1660 927 sponsae
1682 897 1710 919 et

210 938 269 965 her:
292 936 374 964 masc:
396 936 463 964 dicti
487 935 652 964 Alexandri.
694 935 791 963 Pretio
811 935 903 963 soluto
924 936 963 963 80
984 944 1151 963 mercatum.
1194 935 1348 964 Reddendo
1367 935 1432 963 L.4.
1455 937 1483 963 9.
1505 939 1534 964 4.
1556 937 1710 966 annuatim.

211 984 361 1013 Prestando
375 983 540 1022 presentiam
552 983 586 1011 ad
597 982 650 1011 tria
660 982 763 1020 placita
778 982 906 1020 capitalia
919 983 992 1020 apud
1002 982 1192 1020 Bischopmill‚
1207 982 1302 1020 Spyne
1316 982 1364 1011 seu
1378 983 1451 1017 alibi,
1463 994 1494 1011 ac
1508 984 1537 1011 in
1552 985 1613 1013 aliis
1627 985 1710 1013 curiis

211 1032 349 1070 Episcopi,
370 1041 422 1060 nec
444 1041 500 1059 non
523 1030 691 1069 presentiam
709 1030 739 1058 in
757 1030 882 1068 quolibet
900 1030 1001 1058 itinere
1016 1030 1177 1068 justiciariae
1200 1030 1329 1069 Episcopi
1350 1031 1422 1069 apud
1440 1031 1536 1069 Spyne
1549 1033 1649 1070 pannis
1663 1033 1712 1062 seu

208 1079 283 1107 alibi.
323 1079 476 1107 Reservato
496 1079 578 1107 horto
593 1083 621 1107 et
636 1079 738 1106 horreo
752 1087 802 1116 pro
817 1078 981 1106 collectione
996 1083 1024 1106 et
1039 1077 1248 1106 conservatione
1266 1079 1415 1115 garbarum
1434 1079 1611 1108 decimalium
1631 1091 1712 1119 paro-

209 1127 279 1155 chiae
292 1127 326 1155 de
340 1127 420 1164 Dyk.
459 1126 494 1154 In
515 1126 571 1155 fine
591 1126 754 1155 continetur
774 1130 939 1164 preceptum
961 1125 1063 1154 sasmae.
1106 1125 1235 1154 Testibus
1254 1126 1368 1154 domino
1385 1127 1510 1155 Henrico
1526 1128 1711 1166 Abircromye

208 1174 299 1213 priore
321 1175 354 1202 de
378 1174 477 1208 Scona,
502 1174 633 1211 magistro
655 1174 787 1203 Johanne
810 1174 955 1211 Dowglas,
979 1174 1095 1202 Andrea
1116 1173 1273 1207 Monerefe,
1295 1174 1426 1202 Johanne
1449 1174 1593 1209 Bounche,
1618 1176 1712 1205 David

211 1222 373 1260 Cumming,
396 1222 502 1251 Jacobo
525 1222 704 1255 Monerefffe,
731 1222 838 1250 Jacobo
861 1221 1018 1259 Hepburne
1042 1221 1171 1258 burgensi
1195 1222 1229 1249 de
1252 1221 1350 1255 perth,
1373 1221 1518 1250 willelmo
1543 1222 1710 1257 Lermonth,

209 1269 339 1307 magistro
354 1270 481 1298 Hem-ico
497 1270 596 1298 Schaw
611 1274 639 1298 et
654 1270 768 1298 domino
777 1269 923 1297 willelmo
939 1269 1067 1306 Douglas
1082 1269 1201 1297 notario.
1232 1269 1318 1307 Apud
1334 1269 1452 1297 Sconam
1466 1275 1494 1298 et
1510 1270 1595 1308 Elgin
1609 1271 1711 1300 ultimo

212 1317 341 1346 Octobris
356 1323 384 1346 et
401 1319 436 1346 19
452 1317 623 1346 Novembris
641 1318 726 1346 1566.

213 1459 396 1489 Confirmatio
423 1461 456 1488 ab
485 1460 624 1498 Episcopo
653 1460 716 1488 data
746 1464 829 1487 cartae
859 1459 953 1487 vitalis
981 1458 1105 1487 redditus
1133 1459 1284 1487 earundem
1314 1463 1460 1493 terrarum,
1492 1460 1525 1488 ab
1547 1461 1710 1491 Alexandro

212 1507 306 1545 Brody
320 1508 353 1536 de
370 1508 468 1536 eodem
489 1508 619 1536 conceffae
635 1508 805 1545 Margaretae
822 1507 887 1544 Hay
902 1507 966 1534 filiae
983 1506 1101 1534 Joannis
1117 1507 1183 1544 Hay
1197 1507 1231 1534 (le
1246 1506 1402 1544 Loycbloy,
1417 1507 1525 1536 intuitu
1539 1509 1711 1538 matrimonii

209 1554 285 1583 inter
297 1555 369 1593 ipsos
384 1555 576 1584 contrahendi.
617 1555 744 1584 Tenend:
759 1555 792 1583 de
808 1554 946 1592 Episcopo
961 1554 1009 1581 sub
1024 1554 1128 1582 eisdem
1142 1554 1349 1582 conditionibus
1364 1554 1464 1592 quibus
1477 1555 1535 1593 ipse
1548 1556 1712 1585 Alexander

210 1601 275 1630 usus
289 1603 346 1636 est;
368 1603 439 1631 datae
457 1603 531 1641 apud
546 1603 641 1640 Elgin,
660 1603 694 1630 15
712 1602 810 1630 Martii
824 1603 908 1635 1569,
920 1611 1013 1630 coram
1028 1601 1152 1634 testibus,
1168 1602 1299 1639 magistro
1315 1602 1479 1631 Alexandro
1493 1603 1621 1641 Douglas
1636 1615 1712 1633 com-

210 1649 328 1678 missario
350 1651 542 1684 Moravienfi;
563 1650 709 1679 willelmo
733 1651 865 1684 Gaderar,
887 1649 1032 1677 Willelmo
1055 1649 1123 1686 Hay
1146 1649 1327 1687 burgensibus
1351 1650 1385 1678 de
1408 1650 1504 1688 Elgin‚
1527 1651 1622 1680 David
1644 1652 1712 1691 Hay

209 1696 293 1726 fratre
308 1708 441 1735 germano
456 1698 523 1727 dicti
537 1698 676 1727 Johannis
692 1699 767 1736 Hay,
789 1703 817 1726 et
836 1697 950 1726 domino
965 1697 1110 1726 Willelmo
1125 1697 1254 1735 Douglas
1267 1698 1388 1726 notario.
1420 1698 1549 1727 Testibus
1564 1700 1597 1728 ad
1611 1701 1711 1729 confir-

209 1745 363 1774 mationem
385 1746 517 1784 magistro
531 1747 642 1775 Joanne
657 1746 785 1783 Douglas
801 1745 903 1773 vicario
923 1745 956 1773 de
976 1745 1113 1779 Gastoun,
1138 1746 1253 1774 Andrea
1273 1745 1433 1779 Monereiff,
1455 1746 1587 1783 magistro
1609 1749 1710 1776 Archi-

209 1792 289 1820 baldo
308 1793 431 1831 Lindsay
452 1794 602 1822 camerario
625 1795 658 1822 de
683 1794 777 1831 Spyne
800 1803 831 1821 ac
853 1797 961 1821 rectore
983 1793 1016 1821 de
1036 1793 1191 1830 Kyngufie,
1217 1793 1340 1821 Patricio
1363 1793 1500 1830 Kynnard
1520 1794 1554 1822 de
1575 1795 1661 1830 Lark,
1682 1801 1711 1825 et

210 1840 342 1876 magistro
356 1841 501 1869 Willelmo
515 1841 651 1879 Wysman
666 1841 768 1869 vicario
786 1841 820 1869 de
840 1840 1014 1869 Dundurcus
1035 1845 1064 1869 et
1085 1840 1203 1869 notario.
1244 1841 1330 1879 Apud
1344 1841 1479 1879 palatium
1498 1842 1531 1870 de
1547 1842 1651 1881 Spyne,
1676 1845 1711 1872 18

211 1886 311 1915 Martii
328 1888 411 1915 1569.

212 2028 296 2058 Carta
309 2028 472 2058 feodifirmae
486 2030 519 2057 ab
535 2029 673 2068 Episcopo
687 2039 753 2057 cum
767 2029 901 2058 consensu
915 2029 1030 2068 capituli
1046 2030 1110 2058 data
1123 2029 1265 2058 Dunoano
1279 2029 1372 2059 Grant
1386 2036 1414 2060 et
1428 2032 1488 2060 her:
1502 2032 1583 2060 masc:
1598 2033 1631 2061 de
1650 2043 1709 2060 cor·-

211 2086 277 2114 pore
291 2076 350 2111 suo,
370 2078 423 2115 q.d.
437 2077 543 2106 Jacobo
558 2077 651 2106 Grant
665 2077 698 2106 de
714 2077 853 2115 Fruychie
874 2082 903 2106 et
924 2077 983 2116 ejus
1004 2078 1064 2106 her:
1084 2077 1166 2106 masc:
1188 2077 1405 2116 quibuscunque,
1428 2084 1566 2108 terrarum
1580 2080 1614 2108 de
1629 2079 1709 2108 Ester

212 2124 352 2162 Elloquhy
367 2125 397 2152 in
411 2125 525 2153 baronia
539 2125 572 2153 de
586 2125 750 2163 Strathspey
764 2130 792 2153 et
808 2125 861 2153 vic:
875 2125 909 2154 de
924 2125 1011 2163 Elgin
1031 2129 1060 2155 et
1076 2125 1099 2154 F
1101 2135 1197 2160 orres3
1220 2125 1374 2155 Reddenda
1391 2126 1475 2156 L.11.
1489 2128 1517 2155 5.
1531 2128 1558 2156 4.
1592 2127 1624 2155 In
1646 2127 1707 2155 loco

212 2171 354 2209 capitulari
369 2172 487 2201 ecclefiae
504 2172 698 2207 Moravienfis‚
715 2174 731 2200 7
747 2172 820 2200 Maii
837 2173 921 2201 1541.
