1912 2660
61 1403 132 1439 299

46 1980 136 2015 ¹300

549 169 864 206 REGISTRUM
892 169 1252 208 MORAVIENSE.
1564 179 1634 217 377

156 267 382 303 Arbitrantes
399 266 532 301 summe
550 266 652 302 nobis
674 272 710 302 et
736 265 876 302 ecelefie
902 267 1018 302 nostre
1045 269 1222 304 canonicis
1244 271 1470 306 neceffarium
1494 277 1529 307 et
1551 272 1636 307 utile

155 323 258 373 ipfius
275 323 529 360 reedificationi
545 324 629 358 totis
645 323 779 359 viribus
799 324 984 359 intendere
999 343 1007 352 ·
1027 325 1072 359 ad
1090 326 1185 371 quod
1204 327 1424 362 canonicatio
1443 328 1637 364 eorundem

155 381 201 418 ad
221 386 357 417 certum
374 380 469 415 diem
487 385 523 415 et
540 380 660 415 locum
679 380 836 416 creditur
854 386 1033 428 oportuna
1051 401 1059 409 ·
1088 381 1227 417 Idcirco
1245 383 1344 417 vobis
1370 384 1413 419 de
1439 385 1537 431 cujus
1563 385 1638 419 dili·

154 438 274 485 gentia
299 437 510 472 confidimus
533 437 571 472 in
591 437 724 472 virtute
750 437 868 472 san&e
890 437 1089 473 obedientie
1108 439 1361 474 committimus
1379 445 1414 475 et
1432 441 1638 476 mandamus

155 499 326 542 quatenus
343 494 507 529 adhibitis
521 494 700 529 vobiscum
714 493 856 529 testibus
869 494 1056 542 fidedignis
1074 495 1188 530 citetis
1206 495 1345 543 publice
1363 502 1398 531 et
1416 496 1639 544 solempniter

154 551 242 586 hora
259 563 387 598 magne
405 551 501 586 mifi'e
518 551 556 585 in
574 550 716 586 ecclefia
733 550 946 587 moravienfi
964 565 1087 587 omnes
1101 558 1136 587 et
1150 551 1303 599 singulos
1321 553 1415 588 diere
1430 552 1568 588 ecclefie
1586 566 1641 588 ca-

155 608 302 643 nonicos
319 614 391 643 tam
410 608 448 643 in
466 608 638 655 dignitate
656 607 864 643 constitutos
881 621 986 655 quam
1004 608 1091 643 alios
1108 609 1300 655 quemlibet
1318 610 1528 645 nominatim
1546 609 1642 657 quod

156 670 386 713 compareant
400 678 520 700 coram
538 665 640 700 nobis
657 665 695 700 in
712 665 783 713 ipsa
801 664 942 701 ecclelia
959 665 1021 700 tali
1040 666 1096 701 die
1115 679 1195 701 cum
1214 667 1481 702 continuatione
1504 667 1640 703 dierum

156 721 201 757 ad
217 722 445 757 tractandum
464 722 731 758 deliberandum
758 735 831 757 una
855 722 1036 757 nobiscum
1063 722 1165 770 super
1191 723 1453 758 reedificatione
1480 723 1581 771 ipfius
1607 730 1642 759 et

156 777 302 814 subfidio
326 779 544 815 conferendo
563 797 572 808 ·
600 785 636 815 et
656 780 859 815 habendum
877 778 1057 815 confilium
1077 793 1157 815 cum
1176 780 1330 827 expertis
1348 785 1383 815 et
1400 780 1520 828 peritis
1538 779 1643 816 artifi-

156 836 254 871 cibus
271 836 422 883 qualiter
439 835 480 872 fit
497 837 535 872 in
552 836 729 872 structura
746 842 781 872 et
798 836 930 872 fabrica
947 837 1085 884 lapidea
1103 842 1137 872 et
1154 837 1273 884 lignea
1297 837 1560 884 procedendum
1580 857 1588 864 ·
1610 842 1645 872 et

156 893 252 940 quod
274 894 342 929 hoc
366 907 441 929 non
463 894 633 929 omittatis
652 913 660 921 ·
680 893 740 929 sub
758 907 851 942 pena
870 893 979 929 areste
1001 895 1162 929 omnium
1183 895 1367 929 fructuum
1391 894 1644 929 beneficiorum

156 950 300 985 suorum
318 951 363 985 ad
380 950 547 986 fabricam
568 951 786 986 antedifitam
805 970 813 978 ·
842 956 877 986 et
895 950 992 985 istam
1011 950 1216 986 citationem
1234 951 1284 986 ita
1301 950 1439 998 publice
1458 950 1592 986 faciatis
1611 956 1646 985 et

157 1007 269 1054 sepius
296 1008 392 1054 quod
418 1008 463 1043 ad
489 1007 678 1043 citatorum
696 1008 859 1043 notitiam
878 1006 979 1055 possit
996 1007 1228 1043 verisimiliter
1246 1008 1431 1055 pervenire
1450 1027 1458 1035 ·
1478 1013 1513 1043 et
1531 1008 1567 1042 in
1585 1007 1646 1054 fig-

158 1077 245 1099 num
272 1065 491 1100 executionis
513 1065 728 1113 presentium
754 1064 903 1112 figillum
927 1064 1079 1100 vestrum
1104 1064 1321 1112 presentibus
1344 1064 1493 1111 affigatis
1512 1084 1519 1092 ·
1545 1064 1646 1100 nobis

159 1121 263 1157 dietis
282 1122 338 1157 die
356 1127 392 1157 et
409 1122 489 1157 loco
507 1122 712 1169 presentetis
730 1122 866 1158 easdem
886 1140 894 1149 ·
923 1122 1059 1157 Datum
1080 1122 1218 1157 talibus
1236 1122 1292 1157 die
1310 1126 1346 1157 et
1363 1121 1442 1156 loco
1462 1140 1469 1147 ·

160 1293 324 1336 Qualiter
341 1292 515 1329 Vaffallus
527 1293 651 1342 jurare
669 1293 774 1329 debet
791 1293 997 1329 fidelitatem
1017 1312 1025 1320 ·

158 1407 250 1444 Juro
269 1421 336 1455 ego
356 1408 443 1443 talis
461 1408 506 1443 ad
523 1408 588 1443 hec
606 1407 726 1443 sanfflm
744 1406 816 1442 Dei
834 1407 1017 1454 evangelia
1034 1406 1130 1452 quod
1148 1407 1276 1442 amodo
1295 1407 1438 1442 inantea
1455 1420 1517 1442 ero
1535 1407 1647 1443 fidelis

160 1465 242 1500 huic
270 1465 339 1500 tali
364 1464 451 1500 ficut
477 1464 582 1500 debet
603 1464 669 1500 effe
686 1464 847 1500 vafl'allus
865 1464 1011 1498 domino
1030 1482 1038 1491 ·
1066 1476 1132 1498 nec
1150 1463 1187 1498 id
1205 1464 1301 1510 quod
1319 1464 1403 1498 mihi
1421 1464 1481 1499 sub
1502 1464 1647 1499 nomine

160 1522 339 1557 fidelitatis
358 1521 529 1557 commisit
546 1521 697 1569 pandam
715 1520 820 1556 alicui
834 1533 890 1555 me
904 1520 1033 1555 sciente
1046 1519 1091 1555 ad
1104 1519 1198 1555 istius
1213 1521 1465 1556 detrimentum
1480 1540 1488 1548 ·
1504 1525 1539 1556 et
1552 1521 1648 1567 quod

161 1578 272 1626 ipsum
301 1578 464 1614 exaltabo
493 1579 530 1613 in
558 1583 730 1625 quantum
756 1582 882 1625 potero
902 1596 910 1605 ·
935 1583 971 1612 et
995 1589 1197 1623 nuncquam
1223 1578 1331 1612 vitam
1359 1582 1421 1612 aut
1449 1577 1646 1612 membrum

160 1648 276 1682 neque
294 1635 467 1670 honorem
491 1648 596 1682 quem
623 1635 728 1670 habet
754 1647 833 1670 mea
856 1634 1040 1670 voluntate
1063 1639 1124 1668 aut
1148 1633 1290 1669 confilio
1314 1639 1375 1669 aut
1401 1633 1647 1669 exhortatione

160 1692 285 1740 perdet
303 1711 312 1719 ·
331 1692 389 1727 sed
409 1692 446 1727 in
464 1692 530 1727 hiis
549 1692 713 1727 omnibus
730 1691 872 1739 adjutor
891 1690 966 1738 ejus
984 1704 1045 1726 ero
1064 1690 1254 1726 secundum
1273 1703 1391 1727 meum
1410 1690 1503 1738 pofl'e
1523 1710 1530 1717 ·

161 1863 247 1899 Alia
262 1863 377 1899 forma
394 1863 572 1899 fidelitatis
591 1882 598 1891 -

166 1977 245 2025 Ego
265 1977 353 2013 talis
364 1977 450 2025 juro
469 1978 571 2025 super
592 1977 657 2012 hec
681 1977 801 2012 san&a
822 1976 893 2013 Dei
917 1976 1101 2024 evangelia
1123 1977 1219 2023 quod
1241 1976 1284 2011 ab
1308 1976 1373 2012 hac
1398 1977 1485 2012 hora
1508 1977 1649 2012 inantea

161 2034 269 2082 usque
287 2035 333 2070 ad
350 2034 516 2070 ultimum
539 2034 634 2069 diem
657 2034 729 2070 vite
750 2047 828 2070 mee
853 2047 915 2069 ero
941 2033 1004 2069 tibi
1029 2033 1142 2069 fidelis
1169 2033 1238 2069 tali
1263 2034 1408 2068 domino
1426 2047 1506 2069 meo
1525 2039 1648 2069 contra

163 2104 306 2127 omnem
319 2091 502 2126 hominem
515 2110 523 2118 ·
539 2096 687 2138 excepto
700 2090 802 2139 Rege
817 2110 825 2118 ·
849 2090 873 2127 J
875 2103 941 2126 uro
954 2091 1051 2137 quod
1064 2103 1266 2137 nuncquam
1280 2090 1427 2126 scienter
1441 2103 1502 2126 ero
1515 2090 1552 2125 in
1566 2103 1648 2125 con-

162 2146 235 2184 filio
253 2148 310 2184 vel
327 2148 365 2183 in
383 2148 496 2196 prelio
511 2148 568 2183 vel
586 2148 623 2182 in
640 2148 736 2183 fafito
752 2148 811 2183 vel
828 2147 960 2183 auxilio
978 2148 1075 2195 quod
1092 2152 1132 2183 tu
1149 2148 1289 2183 amittas
1305 2147 1414 2183 vitam
1432 2147 1488 2183 vel
1505 2153 1545 2182 tu
1563 2146 1648 2181 reci-

161 2205 236 2253 pias
252 2205 290 2241 in
308 2205 492 2253 personam
510 2204 665 2252 aliquam
680 2203 846 2241 lesionem
859 2204 917 2240 vel
934 2204 1100 2253 injuriam
1114 2204 1171 2241 vel
1185 2204 1436 2240 contumeliam
1451 2223 1459 2232 ·
1478 2204 1534 2240 vel
1552 2202 1645 2249 quod

869 2264 933 2298 33
