2060 2660
244 1023 312 1055 135

353 183 422 216 14⁴8
746 176 1063 215 REGISTRUM
1090 174 1455 213 MORAVIENSE.

348 279 528 326 lingorum
547 278 592 314 ad
610 276 733 314 festum
755 277 978 313 Pentecostes
1008 295 1017 304 ·
1045 281 1080 311 et
1103 274 1266 310 faciendo
1293 272 1471 308 servitium
1500 271 1713 307 forinsecum
1737 285 1847 319 quan-

346 341 423 371 tum
450 336 606 384 pertinet
632 335 676 371 ad
703 335 816 371 dietas
841 341 995 383 quatuor
1016 334 1161 368 bovatas
1186 337 1280 366 terre
1306 350 1314 358 ·
1342 330 1448 365 etiam
1471 329 1515 363 ad
1538 328 1783 365 molendinum
1803 330 1847 366 de

348 393 580 442 Inuerloc-hty
595 393 771 441 sequelam
786 412 795 421 ·
811 398 846 428 et
860 391 1022 427 faciendo
1039 390 1168 425 seetam
1183 388 1228 423 ad
1247 387 1381 423 curiam
1400 385 1554 422 nostram
1573 386 1733 433 quolibet
1750 400 1845 423 anno

345 451 390 487 ad
409 451 477 487 tria
494 451 611 487 nostra
629 451 758 500 placita
776 450 939 498 capitalia
958 468 966 476 ·
987 448 1079 483 salvo
1092 446 1176 494 jure
1194 443 1378 492 cujussibet
1399 463 1407 472 ·
1441 443 1485 479 In
1503 443 1605 492 cujus
1623 445 1675 480 rei
1693 444 1845 481 testimo-

344 509 444 544 nium
462 508 612 557 sigillum
632 508 790 543 nostrum
809 506 1028 542 autenticum
1047 517 1119 539 una
1137 515 1218 538 cum
1237 500 1349 549 figillo
1368 501 1551 536 communi
1570 502 1715 550 capituli
1736 502 1843 539 nostri

343 566 491 603 fecimus
509 566 639 615 apponi
661 586 668 593 -
700 565 781 600 Hiis
799 563 941 599 testibus
961 582 969 590 ·
989 560 1153 608 magistro
1173 559 1321 606 Rogero
1341 559 1385 594 de
1405 559 1597 607 Inuernyss
1615 559 1822 596 succentore
1834 580 1842 588 ·

344 624 496 659 dominis
514 624 680 661 Johanne
700 623 743 657 de
762 620 925 658 moravia
943 617 1178 667 prebendario
1199 617 1243 652 de
1263 616 1379 664 Petyn
1410 635 1418 644 ·
1457 616 1618 664 Hugone
1643 617 1687 653 de
1706 617 1815 666 Dyke
1834 638 1842 646 ·

342 682 521 717 canonicis
556 679 696 716 ecclefie
732 676 961 715 moraviensis
993 696 1001 704 ·
1047 675 1259 710 Alexandro
1295 673 1479 722 capellano
1515 674 1559 710 de
1592 675 1814 723 Kymnedore
1834 696 1841 704 ·

343 738 503 774 Waltero
522 739 565 774 de
585 738 809 773 Strathawan
829 755 836 763 ·
857 740 892 771 et
910 734 1031 769 multis
1049 732 1125 768 aliis
1141 752 1148 760 ·

342 912 451 947 Carta
469 911 513 947 de
532 908 747 947 medilhalch
767 927 775 935 ·

340 1025 519 1063 Omnibus
533 1026 623 1060 hanc
642 1029 773 1059 cartam
789 1022 912 1057 visuris
926 1020 983 1056 vel
1001 1020 1177 1056 audituris
1191 1020 1312 1056 David
1326 1018 1552 1069 permistione
1566 1020 1688 1057 divina
1701 1021 1842 1059 ecclefie

341 1082 570 1121 moravienfis
584 1082 765 1130 episcopus
783 1080 928 1115 salutem
948 1079 985 1114 in
1004 1078 1167 1114 Domino
1186 1078 1435 1127 sempiternam
1451 1098 1459 1106 ·
1488 1078 1671 1114 Noveritis
1689 1079 1842 1116 univerfi

340 1154 406 1177 nos
425 1142 468 1177 de
486 1140 645 1175 unanimi
665 1138 834 1174 consensu
854 1157 862 1165 ·
890 1135 1034 1172 confilio
1053 1142 1089 1172 et
1106 1136 1292 1172 voluntate
1311 1136 1452 1172 Decani
1470 1141 1505 1172 et
1523 1137 1668 1185 capituli
1687 1138 1842 1174 moravi-

339 1197 426 1234 ensis
445 1218 453 1226 ·
473 1198 602 1233 dediss'e
622 1216 629 1225 ·
650 1194 846 1232 concessisse
865 1200 900 1230 et
918 1195 984 1230 hac
1003 1194 1156 1243 presenti
1175 1199 1273 1230 carta
1289 1194 1408 1230 nostra
1425 1195 1644 1231 confirmafi'e
1658 1195 1841 1232 Willelmo

338 1256 411 1291 filio
432 1256 514 1291 Ade
532 1255 594 1290 filii
614 1254 783 1303 Stephani
802 1251 967 1300 burgensi
985 1253 1029 1288 de
1049 1252 1168 1301 Elgyn
1196 1258 1232 1288 et
1256 1252 1447 1288 heredibus
1468 1252 1536 1288 suis
1564 1253 1599 1288 in
1626 1259 1841 1302 perpetuum

338 1313 518 1348 dimidiam
547 1313 716 1348 dauacam
742 1317 837 1347 terre
864 1310 981 1346 nostre
1008 1311 1053 1346 de
1080 1310 1113 1346 le
1135 1310 1353 1347 medilhalch
1378 1324 1446 1358 que
1467 1310 1565 1359 jacet
1589 1312 1683 1347 inter
1707 1322 1838 1348 terram

338 1371 381 1407 de
407 1371 645 1419 VVthyrspyny
671 1383 715 1406 ex
741 1374 842 1418 parte
865 1382 939 1404 una
961 1374 997 1404 et
1022 1374 1155 1404 terram
1183 1369 1228 1404 de
1256 1369 1289 1404 le
1312 1368 1549 1404 Frakcoklaw
1575 1382 1619 1405 ex
1645 1369 1714 1404 alia
1739 1376 1840 1418 parte

338 1443 381 1464 ex
400 1435 500 1477 parte
519 1428 652 1464 boreali
671 1441 760 1475 aque
780 1428 824 1462 de
844 1426 975 1475 Loffyn
991 1446 1001 1455 ·
1019 1440 1100 1462 cum
1120 1426 1286 1462 omnibus
1304 1426 1528 1475 pertinentiis
1546 1432 1582 1463 et
1600 1427 1708 1463 reetis
1726 1426 1840 1463 divisis

338 1487 404 1522 suis
432 1506 440 1514 ·
471 1487 662 1521 tenendam
682 1491 717 1521 et
737 1485 934 1521 habendam
959 1485 1075 1520 eidem
1093 1484 1276 1520 Willelmo
1296 1490 1331 1520 et
1349 1484 1539 1520 heredibus
1557 1484 1624 1520 suis
1642 1498 1706 1533 per
1724 1486 1840 1522 reetas

340 1544 462 1579 divisas
481 1544 556 1578 suas
575 1543 684 1579 libere
700 1563 708 1571 ·
724 1544 842 1590 quiete
858 1562 866 1570 ·
886 1542 1046 1590 plenarie
1064 1547 1100 1578 et
1118 1542 1315 1577 honorifice
1334 1555 1417 1577 cum
1435 1542 1600 1577 omnibus
1617 1543 1840 1590 pertinentiis

340 1601 406 1636 suis
419 1601 518 1649 justis
537 1601 573 1635 in
591 1601 699 1636 moris
727 1620 734 1628 ·
762 1600 914 1636 marefiis
943 1620 951 1628 ·
979 1601 1017 1636 in
1038 1600 1148 1649 pratis
1167 1605 1203 1635 et
1220 1600 1354 1648 pascuis
1381 1619 1389 1628 ·
1417 1600 1454 1635 in
1472 1599 1576 1635 bosco
1595 1605 1630 1635 et
1648 1600 1756 1648 plano
1775 1620 1783 1628 ·
1803 1602 1840 1636 in

341 1658 493 1706 stangnis
508 1664 543 1693 et
557 1658 707 1706 piscariis
720 1678 728 1686 ·
743 1664 779 1694 et
793 1659 829 1693 in
844 1658 1009 1694 omnibus
1027 1658 1104 1694 aliis
1122 1656 1343 1706 ayfiamentis
1362 1663 1397 1693 et
1415 1657 1690 1693 rectitudinibus
1704 1659 1749 1693 ad
1763 1671 1840 1707 pre·

341 1716 474 1751 dietam
502 1716 683 1750 dimidiam
711 1716 880 1751 dauacam
907 1722 1001 1752 terre
1024 1717 1068 1751 de
1090 1716 1123 1752 le
1142 1715 1360 1753 medilhalch
1386 1715 1647 1764 pertinentibus
1670 1716 1727 1752 vel
1754 1729 1840 1763 quo—

342 1773 523 1821 quomodo
542 1773 720 1820 pertinere
737 1773 936 1809 valentibus
955 1794 963 1802 ·
991 1774 1177 1810 reddendo
1196 1773 1298 1809 nobis
1317 1773 1400 1809 inde
1418 1773 1604 1809 annuatim
1623 1779 1658 1809 et
1675 1773 1840 1810 successo-

343 1830 438 1866 ribus
456 1830 581 1865 nostris
599 1830 668 1878 ipse
687 1836 722 1866 et
740 1831 887 1866 heredes
905 1831 955 1867 sui
974 1832 1012 1867 in
1029 1837 1242 1880 perpetuum
1258 1844 1323 1879 pro
1338 1831 1436 1866 omni
1452 1831 1593 1867 servitio
1605 1851 1613 1859 ·
1629 1831 1817 1868 exaffione
1830 1852 1838 1859 ·

342 1888 597 1923 consuetudine
625 1894 660 1923 et
688 1889 863 1924 demanda
888 1894 1041 1936 quatuor
1068 1890 1197 1925 solidos
1223 1889 1401 1925 bonorum
1418 1894 1453 1925 et
1471 1889 1639 1937 legalium
1658 1889 1839 1937 sterlingo-

343 1959 422 1981 rum
451 1965 459 1973 ·
488 1945 655 1981 videlicet
674 1946 763 1981 duos
781 1946 908 1982 solidos
933 1947 977 1982 ad
999 1947 1123 1983 festum
1144 1947 1392 1983 Penthecostes
1419 1953 1455 1983 et
1481 1946 1568 1982 alios
1595 1947 1684 1983 duos
1711 1947 1839 1983 solidos

342 2003 387 2038 ad
405 2002 528 2038 festum
549 2003 670 2038 Saneti
690 2004 836 2040 martini
855 2004 891 2039 in
910 2018 1011 2052 yeme
1026 2025 1034 2033 ·
1050 2010 1086 2041 et
1099 2005 1262 2041 faciendo
1277 2005 1489 2041 forinsecum
1503 2005 1683 2041 servitium
1702 2005 1837 2040 domini

344 2061 454 2108 Regis
471 2066 645 2108 quantum
663 2061 818 2109 pertinet
835 2062 879 2097 ad
897 2067 1029 2098 terram
1046 2063 1245 2111 medietam
1273 2083 1282 2091 ·
1309 2068 1346 2099 et
1362 2062 1525 2099 faciendo
1543 2063 1651 2098 modo
1669 2062 1837 2098 consueto

341 2118 534 2154 multuram
554 2118 599 2153 ad
618 2118 863 2154 molendinum
882 2119 1039 2156 nostrum
1058 2121 1102 2157 de
1121 2121 1281 2169 malathy
1298 2121 1401 2170 super
1416 2121 1547 2169 Loss'yn
1565 2139 1573 2148 ·
1604 2120 1648 2156 In
1666 2120 1767 2168 cujus
1785 2121 1836 2157 rei

341 2175 581 2212 testimonium
599 2189 673 2211 una
690 2189 770 2212 cum
790 2175 901 2224 sigillo
919 2177 1037 2213 nostro
1055 2179 1207 2227 presenti
1229 2184 1326 2215 carte
1352 2191 1541 2215 commune
1567 2176 1719 2225 sigillum
1745 2179 1837 2226 capi-

342 2234 407 2269 tuli
426 2232 566 2270 ecclesie
585 2233 815 2271 moraviensis
833 2234 881 2270 est
897 2236 1088 2284 appensum
1104 2256 1113 2264 ·
1141 2236 1303 2273 Testibus
1317 2236 1488 2285 magistris
1502 2235 1663 2271 Waltero
1678 2235 1813 2271 decano
1827 2255 1834 2263 ·

344 2291 525 2327 Willelmo
555 2292 598 2328 de
625 2292 819 2340 Keriswyle
848 2298 1058 2341 precentore
1077 2313 1086 2322 ·
1117 2294 1278 2332 Henrico
1305 2295 1350 2331 de
1377 2294 1484 2331 Banff
1504 2293 1721 2330 thesaurario
1741 2313 1749 2321 ·
1775 2293 1837 2331 Jo-
