2060 2660
367 151 439 188 ‘262
767 153 1082 191 REGISTRUM
1112 153 1476 190 MORAVIENSE.

369 252 524 287 decanus
543 271 551 280 ·
589 251 709 288 Adam
738 252 919 289 Gordoun
951 258 1142 301 precentor
1169 272 1177 280 ·
1212 251 1421 288 Alexander
1452 251 1607 287 Stewart
1636 253 1870 291 cancellarius

369 309 503 356 prefate
532 309 744 345 cathedralis
776 308 918 346 ecclesie
945 315 980 345 et
1007 310 1201 358 capitulum
1232 309 1386 357 ejusdem
1420 309 1464 343 de
1493 313 1529 343 et
1558 309 1660 358 super
1685 312 1870 347 nonnullis

368 367 503 414 prefate
531 366 673 403 ecclesie
702 368 868 404 decorem
892 387 900 395 ·
933 380 1096 402 normam
1127 373 1162 402 et
1191 367 1353 401 ordinem
1377 384 1385 393 ·
1418 366 1647 402 commodum
1676 373 1713 403 et
1739 368 1870 406 utilita-

368 431 439 460 tem
471 438 511 461 ac
543 424 646 473 ipsius
681 425 936 461 canonicorum
963 444 971 452 ·
999 424 1266 472 capellanorum
1290 442 1298 450 ·
1324 423 1541 458 vicariorum
1560 443 1568 452 ·
1600 423 1833 462 stallariorum
1860 447 1868 456 ·

368 482 598 518 choristarum
632 483 668 518 in
694 483 819 518 eadem
851 481 1124 517 ministrantium
1151 479 1450 516 concernentibus
1469 499 1477 508 ·
1504 480 1601 517 ultra
1629 482 1749 530 priora
1776 484 1870 520 illius

370 539 495 576 statuta
514 560 522 568 ·
550 539 626 589 ipsis
645 541 681 575 in
700 541 767 575 suis
786 539 913 575 robore
932 544 967 574 et
986 538 1115 573 effthu
1138 537 1318 572 duraturis
1337 557 1346 564 ·
1375 537 1412 573 in
1438 537 1535 574 dista
1562 538 1704 576 ecclesia
1722 560 1730 568 ·
1759 542 1869 577 choro

370 606 404 632 et
433 599 588 646 capitulo
617 598 770 647 ejusdem
800 597 844 632 de
872 604 991 632 cetero
1014 595 1181 643 gerendis
1208 600 1243 631 et
1270 595 1478 631 exercendis
1497 615 1505 624 ·
1533 596 1651 645 aliqua
1673 598 1716 634 de
1740 599 1868 636 eisdem

371 656 550 692 declarare
569 655 812 702 nonnullaque
831 655 893 689 eiis
911 653 1043 688 addere
1058 653 1226 688 ordinare
1240 652 1355 688 facere
1371 658 1407 689 et
1420 653 1634 691 constituere
1652 655 1844 704 satagentis
1859 678 1867 685 ·

371 714 500 749 octavo
528 714 584 749 die
609 711 733 749 mensis
754 712 843 747 Maii
870 724 965 746 anno
985 710 1137 746 Domini
1164 709 1347 746 millesimo
1374 711 1720 760 quadringentesimo
1747 715 1869 751 ofitua-

369 770 498 818 gesimo
518 784 615 806 nono
635 791 643 798 ·
668 770 796 806 statuta
815 789 823 798 ·
850 768 1118 805 constitutiones
1138 788 1146 796 -
1172 768 1435 805 declaraciones
1453 788 1462 797 ·
1490 770 1735 807 ordinationes
1754 792 1762 800 ·
1786 786 1868 809 con-

371 828 541 865 clusiones
569 828 789 876 infrascripta
815 833 850 863 et
876 827 921 862 ad
949 825 1185 874 infrascriptas
1214 826 1381 875 deinceps
1406 827 1443 862 in
1471 827 1567 863 dieta
1593 828 1735 865 ecclefia
1757 830 1868 866 choro

370 894 405 922 et
426 887 581 935 capitulo
601 886 754 935 ejusdem
779 898 819 921 ac
843 898 904 933 per
928 890 964 919 et
988 884 1024 918 in
1047 884 1175 919 eisdem
1198 884 1434 920 ministrantes
1456 885 1673 922 observanda
1696 892 1732 923 et
1755 887 1869 924 obser-

370 945 502 980 vandas
521 965 530 973 ·
556 945 600 980 de
625 943 787 992 prelibati
810 942 997 978 reverendi
1018 942 1054 976 in
1074 941 1188 977 Cristo
1207 942 1316 990 patris
1334 955 1374 978 ac
1393 942 1500 978 nostri
1518 944 1679 979 unanimi
1701 945 1868 982 consensu

370 1010 404 1038 et
431 1003 562 1038 ass'ensu
581 1022 589 1030 ·
617 1002 751 1037 solenni
774 1014 814 1036 ac
838 1000 1001 1047 diligenti
1025 1000 1237 1035 traEtatibus
1260 999 1353 1036 inter
1376 1013 1442 1035 nos
1464 1000 1566 1049 super
1589 1001 1658 1037 illis
1679 1002 1870 1050 prehabitis

369 1075 409 1096 ac
441 1074 521 1096 cuni
553 1059 670 1095 nostra
700 1058 959 1094 deliberacione
991 1063 1132 1093 matura
1155 1078 1162 1086 ·
1191 1059 1325 1094 vocatis
1355 1059 1525 1094 vocandis
1552 1079 1560 1087 ·
1598 1059 1832 1097 Declaramus
1860 1081 1868 1089 ·

369 1119 516 1154 facimus
535 1138 543 1145 ·
566 1117 748 1153 statuimus
772 1122 807 1152 et
831 1116 1038 1151 ordinamus
1060 1121 1096 1151 et
1119 1115 1222 1164 super
1244 1116 1312 1151 illis
1336 1116 1380 1152 de
1404 1122 1524 1152 cetero
1543 1116 1769 1154 observandis
1787 1132 1869 1155 con-

370 1176 544 1211 cludimus
571 1181 607 1211 et
634 1174 867 1210 terminamus
894 1187 962 1221 que
989 1179 1025 1210 et
1051 1187 1138 1221 quas
1164 1187 1228 1223 per
1254 1174 1437 1222 publicum
1465 1175 1645 1211 notarium
1672 1176 1709 1211 in
1736 1176 1869 1226 scriptis

371 1234 481 1282 redigi
501 1239 537 1269 et
555 1232 727 1282 publicari
745 1232 893 1268 fecimus
912 1226 1020 1268 modo
1040 1238 1075 1267 et
1093 1232 1208 1269 forma
1226 1231 1454 1280 subsequente
1470 1252 1477 1260 ·

371 1350 428 1385 De
447 1348 678 1386 residentibus
695 1354 732 1385 et
750 1348 873 1384 officiis
893 1368 900 1377 ·

374 1465 553 1513 Imprimis
581 1465 787 1501 ordinamus
815 1464 912 1512 quod
942 1469 1097 1512 quatuor
1126 1464 1223 1500 diae
1252 1462 1393 1500 ecclesie
1420 1464 1695 1501 excellenciores
1722 1466 1869 1514 persone

374 1523 539 1559 videlicet
555 1523 690 1558 domini
706 1523 876 1558 Decanus
893 1543 900 1551 ·
921 1523 1118 1558 Precentor
1133 1542 1142 1550 ·
1163 1522 1408 1559 Cancellarius
1426 1542 1435 1550 ·
1455 1528 1490 1558 et
1501 1522 1758 1559 Thesaurarius
1775 1525 1870 1573 apud

372 1581 503 1616 dstfkam
528 1580 704 1616 ecclesiam
737 1587 772 1616 et
799 1581 835 1616 in
860 1581 983 1616 eadem
1006 1579 1150 1616 ecclesia
1169 1579 1386 1616 Moraviensi
1406 1600 1414 1608 ·
1442 1579 1541 1616 sicuti
1566 1581 1603 1616 in
1629 1581 1790 1629 prediffle
1817 1596 1870 1618 ec-

372 1637 470 1674 clesie
503 1638 647 1686 registro
677 1638 737 1674 ubi
769 1639 812 1674 de
844 1638 967 1674 officiis
997 1639 1116 1687 agitur
1147 1638 1373 1674 constituitur
1403 1638 1591 1674 ordinatur
1621 1644 1657 1675 et
1687 1645 1834 1676 cavetur
1860 1660 1868 1669 ·

372 1695 543 1732 resideant
566 1702 602 1731 et
628 1709 751 1732 eorum
779 1697 927 1744 quilibet
953 1695 1101 1733 resideat
1127 1710 1168 1732 ac
1194 1696 1255 1732 sua
1280 1696 1396 1733 officia
1423 1696 1461 1732 in
1489 1697 1587 1733 (Ιίἃο
1615 1696 1762 1745 registro
1788 1711 1871 1734 con-

372 1755 498 1803 scripta
526 1754 643 1790 debite
666 1755 703 1789 in
725 1754 822 1790 dieta
845 1754 987 1791 ecclesia
1010 1760 1201 1791 exerceant
1228 1760 1263 1791 et
1289 1760 1512 1802 exequantur
1531 1775 1539 1783 ·
1569 1760 1605 1791 et
1622 1755 1776 1804 ipsorum
1796 1756 1870 1804 qui.

373 1813 458 1848 libet
485 1813 562 1847 vice
586 1812 645 1847 sua
667 1811 868 1860 hujusmodi
894 1813 994 1848 suum
1020 1813 1177 1849 officium
1204 1826 1268 1862 per
1291 1813 1324 1849 se
1350 1813 1583 1861 personaliter
1608 1813 1785 1862 legittimo
1808 1814 1870 1850 im·

375 1871 580 1919 pedimento
607 1870 756 1905 ceffante
784 1877 946 1906 exerceat
972 1876 1008 1906 et
1035 1876 1232 1919 exequatur
1252 1891 1260 1899 -
1287 1871 1443 1919 alioquin
1464 1871 1525 1919 qui
1544 1871 1580 1906 in
1598 1871 1666 1907 hoc
1686 1871 1870 1920 negligens

373 1935 435 1964 aut
460 1928 616 1964 remiss'us
642 1927 749 1964 fuerit
771 1934 930 1976 repertus
959 1942 1039 1964 cum
1067 1929 1144 1965 aliis
1169 1929 1349 1965 canonicis
1375 1929 1412 1965 in
1436 1929 1642 1966 communia
1667 1942 1742 1965 non
1765 1931 1870 1978 parti·

372 1986 500 2034 cipabit
520 2005 527 2013 ·

375 2102 432 2137 De
451 2101 568 2137 officio
587 2101 785 2137 Cantoruni
806 2121 813 2128 ·

377 2218 466 2253 Item
484 2217 705 2253 declaramus
723 2217 819 2265 quod
834 2218 878 2253 ad
893 2218 1054 2266 predstste
1069 2218 1209 2255 ecclesie
1227 2217 1460 2255 Moraviensis
1475 2218 1699 2257 precentoris
1713 2218 1867 2254 officium

373 2276 526 2324 pertinet
550 2281 585 2311 et
609 2275 743 2324 spestat
767 2281 930 2312 cantores
949 2277 985 2312 in
1004 2276 1123 2312 tabula
1148 2277 1244 2313 dhste
1267 2275 1409 2313 ecclesie
1435 2277 1571 2313 tociens
1594 2277 1762 2324 quociens
1781 2289 1868 2325 opus
