1912 2660
137 1872 208 1905 234

628 149 942 187 REGISTRUM
971 152 1331 192 MORAVIENSE.
1646 166 1714 198 301

228 250 275 283 -tis
288 248 332 283 ad
350 249 417 283 hoc
429 247 594 283 omnibus
617 248 721 283 terris
739 261 825 295 quas
849 248 942 283 idem
960 249 1144 285 Johannes
1156 257 1191 286 et
1204 254 1450 300 progenitores
1463 256 1513 291 sui
1524 262 1718 295 tenuerunt

231 305 443 341 hereditarie
466 305 510 340 de
535 305 697 353 episcopo
722 311 758 340 et
783 304 926 341 ecclefia
943 307 1156 342 moraviensi
1180 314 1216 343 et
1239 310 1344 344 etiam
1370 324 1436 357 ego
1461 325 1556 348 nunc
1583 315 1718 351 heredi-

231 363 321 398 tarie
338 368 445 398 teneo
460 382 468 390 ·
488 375 562 397 non
577 362 746 398 abolitam
761 376 836 397 non
851 363 1081 399 cancellatam
1100 378 1166 400 nec
1180 365 1218 400 in
1231 366 1348 413 aliqua
1361 367 1411 402 sui
1426 375 1524 415 parte
1542 371 1696 407 vitiatam
1711 393 1718 401 ·

230 419 331 467 [me]
344 420 464 455 vidiffe
478 425 514 455 et
528 420 718 468 diligenter
735 420 916 468 inspexiffe
929 439 938 448 ·
950 434 1019 468 que
1031 427 1127 457 carta
1138 435 1219 458 cum
1233 424 1396 459 omnibus
1411 430 1445 459 et
1458 424 1600 473 fingulis
1613 441 1720 475 punc-

230 477 274 512 tis
291 478 328 512 in
346 490 388 513 ea
405 478 583 513 contentis
600 478 803 513 voluntarie
823 483 858 513 et
876 478 1026 513 scienter
1052 480 1210 527 approbo
1237 481 1373 516 ratifico
1396 487 1431 516 et
1456 495 1520 529 per
1545 484 1720 530 presentes

230 535 403 570 confirmo
417 548 482 583 pro
501 548 558 571 me
576 535 765 571 heredibus
783 536 870 571 meis
888 541 924 571 et
942 536 1044 571 nobis
1062 550 1275 584 quocunque
1299 538 1404 573 titulo
1428 539 1628 575 succeffuris
1647 560 1655 569 ·
1676 542 1722 577 Et

229 593 312 639 quia
336 593 516 640 predictus
541 592 701 640 magister
718 593 902 629 Johannes
924 593 1103 629 ordinavit
1129 599 1165 630 et
1190 593 1373 642 affignavit
1400 596 1443 631 de
1470 597 1612 644 prefatis
1639 599 1721 634 oeto

230 650 356 686 marcis
373 650 431 686 sex
448 663 583 686 marcas
600 649 743 698 singulis
761 650 862 686 annis
876 650 1060 686 solvendas
1071 652 1134 686 uni
1148 652 1331 700 capellano
1346 653 1537 688 celebranti
1550 661 1722 703 perpetuo

229 708 274 743 ad
287 707 398 743 altare
411 708 539 744 Sancte
552 708 678 744 Crucis
692 708 729 743 in
743 707 886 744 ecclefia
904 708 1032 744 Sancte
1046 708 1235 744 Trinitatis
1252 710 1296 745 de
1314 710 1433 758 Elgyn
1451 723 1515 758 pro
1532 712 1650 747 anima
1663 712 1721 748 sua

232 771 267 801 et
285 765 403 801 anima
421 766 514 801 bone
533 766 706 801 memorie
725 766 862 801 domini
881 765 1031 802 Andree
1050 766 1093 802 de
1112 767 1276 803 (Doravia
1292 768 1401 815 patris
1420 768 1488 803 mei
1512 787 1519 796 ·
1548 774 1583 804 et
1601 770 1722 805 decem

230 823 358 858 solidos
376 824 486 859 annui
504 824 666 859 redditus
684 823 942 859 distribuendos
963 822 1106 872 fingulis
1130 825 1231 859 annis
1249 825 1306 860 die
1330 825 1557 860 anniversarii
1576 827 1723 874 predicti

231 881 366 916 domini
382 881 531 917 Andree
549 882 643 917 inter
657 882 857 930 capellanos
869 887 904 917 et
915 882 1065 917 vicarios
1083 882 1143 929 qui
1163 882 1285 917 officiis
1301 883 1529 929 exequiarum
1544 897 1624 919 cum
1640 891 1725 919 nota

232 939 450 975 celebrandis
471 939 702 987 personaliter
726 939 955 974 interfuerint
974 959 982 967 -
1010 945 1046 975 et
1063 945 1217 987 quatuor
1235 953 1356 975 cereos
1375 940 1435 975 illo
1454 946 1614 988 tempore
1633 942 1725 977 circa

232 996 412 1032 tumulum
424 997 500 1045 ejus
514 997 678 1032 ardentes
693 997 799 1032 etiam
812 997 991 1032 ordinavit
1001 1016 1009 1024 ·
1030 997 1175 1033 Summe
1188 996 1345 1033 defidero
1358 1003 1399 1033 ut
1412 1011 1552 1033 annuus
1566 999 1725 1034 redditus

233 1055 317 1089 οᾶὶο
337 1067 535 1090 marcarum
555 1055 835 1103 supradietarum
858 1054 1007 1090 firmiter
1026 1060 1062 1090 et
1080 1061 1253 1103 perpetuo
1273 1055 1378 1090 duret
1396 1060 1432 1090 et
1450 1055 1551 1091 nullo
1569 1069 1724 1104 unquam

233 1117 394 1159 tempore
412 1111 553 1147 deficiat
580 1131 588 1140 ·
617 1112 739 1154 Quare
757 1112 840 1147 volo
866 1117 901 1147 et
923 1112 1082 1147 concedo
1100 1125 1166 1160 pro
1185 1125 1241 1148 me
1260 1112 1448 1148 heredibus
1466 1113 1553 1148 meis
1571 1119 1606 1149 et
1624 1114 1726 1149 nobis

232 1182 446 1217 quocunque
464 1169 570 1204 titulo
594 1169 794 1205 successuris
813 1175 854 1204 ut
879 1168 903 1204 fi
921 1170 1106 1217 contingat
1123 1169 1241 1216 aliquo
1260 1170 1340 1205 casu
1359 1170 1471 1205 dictas
1489 1171 1573 1206 06ὶο
1592 1184 1726 1206 marcas

233 1227 276 1263 de
295 1226 505 1274 supradifitis
522 1227 625 1262 terris
644 1227 806 1274 obligatis
824 1240 898 1262 non
916 1227 1009 1275 pofl'e
1027 1227 1138 1263 levari
1157 1247 1165 1254 ·
1192 1228 1288 1274 quod
1307 1228 1351 1262 ad
1370 1240 1495 1263 eorum
1514 1228 1724 1264 solutionem

232 1285 393 1320 terminis
411 1290 447 1320 et
468 1285 549 1320 loco
567 1284 777 1333 supradietis
794 1284 990 1320 faciendam
1016 1297 1139 1320 omnes
1156 1290 1251 1320 terre
1274 1298 1350 1320 mee
1369 1285 1413 1320 de
1433 1284 1547 1333 Petyn
1571 1285 1725 1333 obligate

233 1341 297 1377 fint
319 1348 354 1377 et
380 1342 531 1377 firmiter
557 1342 696 1378 astrffite
724 1362 732 1370 ·
764 1342 865 1377 nullo
893 1343 1128 1390 proponendo
1153 1342 1310 1378 obstante
1337 1362 1345 1370 ·
1378 1348 1475 1378 carta
1495 1343 1726 1379 nihilominus

232 1399 433 1448 supradieta
444 1413 526 1436 cum
541 1400 705 1435 omnibus
719 1400 756 1435 in
770 1413 811 1435 ea
828 1400 1006 1435 contentis
1019 1400 1056 1435 in
1068 1400 1129 1435 suo
1143 1399 1272 1435 robore
1287 1400 1516 1448 perhenniter
1534 1401 1705 1436 duratura
1717 1421 1725 1429 ·

237 1457 281 1492 In
312 1457 412 1505 cujus
439 1458 490 1493 rei
519 1457 757 1493 testimonium
787 1456 938 1505 sigillum
963 1470 1082 1493 meum
1106 1458 1258 1506 presenti
1280 1457 1408 1506 scripto
1433 1456 1481 1493 est
1506 1458 1696 1506 appensum
1717 1479 1724 1486 ·

236 1515 373 1551 Datum
392 1515 488 1563 apud
507 1515 625 1563 Elgyn
644 1515 773 1550 ofitavo
793 1515 848 1550 die
866 1513 990 1550 menfis
1008 1515 1093 1563 (Daij
1115 1535 1123 1543 ·
1143 1528 1237 1551 anno
1256 1515 1402 1550 Domini
1418 1535 1426 1543 ·
1447 1514 1627 1553 millesimo
1645 1530 1705 1552 ecc
1719 1536 1726 1544 ·

236 1573 523 1621 quinquagesimo
542 1572 649 1608 tertio
669 1591 678 1600 ·

237 1747 388 1782 Dotatio
407 1746 600 1794 capellanie
619 1746 663 1781 de
685 1745 859 1794 Inuernys
878 1765 886 1773 ·

238 1863 358 1899 David
386 1862 456 1897 Dei
474 1861 589 1909 gratia
609 1861 689 1896 Rex
708 1862 913 1897 Scottorum
937 1862 1102 1897 omnibus
1125 1860 1244 1909 probis
1271 1860 1473 1897 hominibus
1499 1861 1609 1897 totius
1636 1867 1728 1897 terre

237 1921 295 1956 sue
313 1920 450 1956 clericis
468 1924 503 1955 et
521 1919 617 1954 laicis
634 1919 781 1954 salutem
794 1938 802 1947 ·
821 1918 975 1954 Noverit
992 1917 1198 1955 univerfitas
1213 1918 1325 1954 vestra
1337 1938 1345 1947 ·
1362 1919 1406 1954 de
1424 1919 1676 1967 procuratione
1695 1927 1729 1955 et

237 1977 488 2027 supplicatione
515 1976 654 2024 speciali
678 1976 797 2012 dilecti
825 1981 860 2011 et
884 1976 1039 2024 specialis
1064 1975 1246 2024 burgenfis
1271 1975 1380 2012 nostri
1405 1977 1448 2012 de
1472 1977 1649 2025 Inuernys
1668 1978 1728 2014 Jo-

237 2036 362 2071 hannis
380 2035 464 2071 dicti
483 2034 566 2070 Scot
584 2053 592 2062 ·
612 2039 810 2069 convocata
827 2033 924 2082 prius
942 2034 986 2069 ad
1004 2034 1072 2070 hoc
1090 2034 1355 2069 communitatis
1374 2034 1458 2069 dicti
1482 2034 1585 2081 burgi
1604 2034 1728 2082 majori

237 2099 335 2142 parte
364 2099 399 2128 et
429 2092 556 2127 saniori
576 2111 584 2119 ·
610 2091 647 2126 in
678 2091 852 2139 presentia
882 2091 999 2127 nostra
1026 2091 1299 2127 consentientis·
1331 2091 1388 2127 die
1416 2091 1542 2127 martis
1569 2092 1728 2139 proxime

237 2151 311 2199 post
336 2150 457 2186 festum
483 2149 724 2197 assumptionis
746 2149 847 2184 beate
866 2150 980 2186 marie
998 2149 1159 2196 Virginis
1179 2169 1186 2177 ·
1216 2149 1254 2184 in
1273 2149 1447 2185 cimiterio
1475 2149 1607 2197 capelle
1628 2148 1728 2185 beate
