2060 2660
302 2016 373 2051 ⁴219

396 181 468 213 280
794 178 899 215 REG
906 179 1063 215 ISTRU
1070 179 1110 215 M
1141 179 1506 217 MORAVIENSE.

396 277 536 325 integre
565 290 633 325 que
662 284 812 314 vocatur
840 279 1024 315 Dolbreeh
1054 293 1117 328 per
1147 279 1224 315 suas
1252 279 1369 314 redtas
1397 278 1522 314 divisas
1541 297 1550 305 ·
1578 290 1642 325 per
1669 277 1746 313 illas
1772 278 1903 315 scilicet

396 333 483 370 ficut
509 333 576 371 fica
599 336 748 384 parvula
775 350 819 372 ex
843 343 944 385 parte
969 336 1181 373 occidentali
1206 337 1238 372 se
1263 336 1425 372 extendit
1447 335 1555 382 usque
1579 335 1624 370 ad
1648 349 1757 371 unam
1782 336 1903 372 fossam

395 393 434 428 in
451 393 566 441 capite
585 394 682 430 dieta
702 394 887 431 Dolbrech
907 400 943 430 et
960 394 1047 430 ficut
1065 395 1134 430 alia
1151 393 1218 429 fica
1235 407 1279 429 ex
1297 398 1398 441 parte
1417 393 1582 428 orientali
1604 393 1712 441 usque
1730 394 1775 429 ad
1793 394 1902 429 altam

396 450 490 486 viam
509 451 542 487 se
556 451 737 488 descendit
751 471 760 480 ·
780 466 861 488 cum
877 452 1042 487 omnibus
1057 451 1202 487 edificiis
1216 451 1261 486 ad
1276 450 1475 498 predistam
1494 450 1667 499 capellam
1688 451 1780 487 infra
1797 452 1904 500 cymi-

397 508 527 545 terium
555 509 726 545 edificatis
751 516 787 546 et
809 509 1016 546 edificandis
1039 529 1047 537 ·
1075 509 1249 544 tenendas
1275 513 1311 543 et
1337 507 1517 543 habendas
1542 508 1657 544 eidem
1685 508 1839 544 Cristino
1867 510 1904 545 in

397 572 473 602 tota
493 567 566 603 vita
590 567 650 603 sua
672 568 716 603 de
740 581 797 603 me
820 573 855 603 et
877 567 1068 603 heredibus
1090 566 1177 601 meis
1195 566 1233 600 in
1250 578 1375 614 puram
1395 571 1431 601 et
1450 572 1659 614 perpetuam
1678 565 1902 602 elemosmam

398 624 509 661 libere
541 625 661 673 quiete
692 625 851 674 plenarie
880 630 916 661 et
944 624 1141 660 honorifice
1169 623 1214 659 ab
1242 623 1341 659 omni
1370 636 1478 672 opere
1509 624 1624 659 servili
1653 625 1841 661 exactione
1870 631 1906 660 et

397 682 576 719 demanda
605 683 752 718 seculari
783 683 873 718 adeo
905 682 1015 717 libere
1043 682 1163 729 quiete
1194 681 1353 729 plenarie
1382 687 1418 717 et
1449 681 1645 718 honorifice
1673 681 1759 718 ficut
1789 682 1906 730 aliqua

398 739 588 776 elemofina
617 740 709 776 infra
740 754 892 788 regnum
922 740 1044 775 Scocie
1076 739 1221 774 liberius
1249 739 1403 786 quietius
1431 740 1571 788 plenius
1603 745 1638 776 et
1669 740 1906 776 honorificen-

397 798 467 834 tius
491 803 635 834 tenetur
659 798 716 834 vel
743 797 938 846 poflidetur
957 817 965 826 ·
995 797 1091 833 Volo
1117 797 1223 832 etiam
1250 802 1292 832 ut
1315 798 1519 845 quicunque
1538 798 1741 846 capellanus
1759 799 1820 846 qui
1839 811 1904 847 pro

397 862 559 905 tempore
578 856 740 905 predstste
762 855 897 904 capelle
921 855 1029 891 suerit
1050 855 1245 891 serviturus
1268 855 1313 891 ad
1338 855 1553 891 electionem
1579 861 1616 892 et
1639 856 1903 892 ordinationem

397 927 513 950 meam
536 920 572 950 et
596 914 769 949 heredum
797 926 960 949 meorum
985 926 1049 961 per
1068 912 1252 949 confilium
1271 913 1407 949 domini
1426 913 1578 962 episcopi
1597 913 1827 950 (Doravienfis
1845 915 1905 962 qui

397 984 462 1020 pro
488 977 649 1020 tempore
666 971 775 1007 fuerit
793 971 923 1006 ibidem
943 971 1147 1007 instituatur
1166 991 1174 999 ·
1204 971 1240 1007 Si
1258 984 1345 1008 vero
1368 971 1555 1019 contingat
1578 972 1675 1019 quod
1700 970 1785 1007 abfit
1808 972 1904 1019 quod

397 1043 464 1078 ego
488 1030 545 1066 vel
571 1030 721 1065 heredes
751 1029 822 1064 mei
848 1035 975 1064 contra
1001 1029 1093 1065 hanc
1120 1027 1378 1065 conceffionem
1406 1034 1442 1065 et
1465 1029 1698 1065 donationem
1724 1029 1761 1064 in
1787 1029 1905 1077 aliquo

397 1088 600 1123 venerimus
619 1087 703 1122 volo
731 1093 767 1122 et
791 1087 952 1123 concedo
975 1087 1072 1134 quod
1096 1087 1263 1123 dominus
1282 1087 1477 1136 Episcopus
1495 1085 1727 1124 moraviensis
1754 1088 1813 1135 qui
1841 1100 1905 1136 pro

397 1153 558 1193 tempore
577 1145 685 1180 suerit
703 1158 760 1180 me
779 1150 815 1180 et
833 1145 981 1181 heredes
1001 1158 1099 1181 meos
1117 1145 1160 1180 ad
1180 1145 1334 1194 prefatas
1348 1143 1608 1181 concessionem
1622 1150 1659 1181 et
1673 1145 1905 1181 donationem

396 1216 460 1251 per
474 1202 657 1238 censuram
675 1201 937 1238 ecclesiasticam
951 1203 1106 1239 fideliter
1121 1208 1157 1239 et
1170 1203 1310 1251 integre
1325 1202 1560 1239 observandas
1574 1202 1766 1251 compellat
1780 1222 1788 1230 ·
1808 1202 1904 1239 Volo

396 1261 503 1296 etiam
521 1265 563 1296 ut
580 1260 852 1308 prenominatus
870 1273 1099 1297 communem
1119 1260 1296 1309 pasturam
1316 1274 1398 1297 cum
1417 1260 1629 1296 animalibus
1648 1261 1735 1296 meis
1753 1266 1789 1296 et
1806 1260 1906 1297 here-

397 1319 482 1354 dum
499 1331 661 1353 meorum
678 1318 723 1353 ad
742 1318 941 1355 duodecem
955 1332 1080 1355 vaccas
1098 1324 1135 1355 et
1152 1332 1265 1355 unum
1281 1319 1451 1355 thaurum
1464 1319 1593 1354 habeat
1608 1338 1616 1347 ·
1637 1324 1673 1355 et
1686 1324 1727 1354 ut
1740 1318 1906 1354 animalia

397 1377 457 1411 sua
483 1376 732 1412 rationabilem
760 1376 948 1413 introitum
976 1377 1132 1413 habeant
1149 1377 1194 1412 ad
1213 1377 1352 1413 caulam
1370 1377 1467 1413 suam
1486 1378 1523 1412 in
1542 1382 1639 1413 terra
1657 1377 1753 1412 dic'te
1772 1376 1904 1425 capelle

397 1441 432 1470 et
450 1435 586 1470 exitum
610 1434 655 1469 ad
682 1434 779 1470 suam
806 1434 983 1483 pasturam
1003 1454 1012 1463 ·
1042 1435 1090 1471 Et
1116 1440 1157 1471 ut
1181 1435 1247 1471 hec
1274 1448 1354 1471 mea
1379 1435 1526 1471 donatio
1553 1440 1767 1483 perpetuum
1796 1434 1905 1470 robur

398 1492 557 1528 obtineat
585 1492 726 1540 presens
754 1492 922 1541 scriptum
950 1492 1053 1541 figilli
1081 1491 1299 1542 appositione
1328 1493 1496 1529 roboravi
1527 1493 1597 1528 mei
1625 1492 1788 1541 proprii·
1824 1491 1903 1527 Hiis

398 1549 540 1585 testibus
567 1550 762 1585 venerabili
788 1557 890 1599 patre
915 1551 975 1587 ·A·
1001 1551 1164 1600 episcopo
1188 1550 1402 1588 moravienfi
1421 1570 1429 1579 ·
1460 1551 1643 1587 Willelmo
1666 1551 1710 1586 de
1735 1550 1824 1585 Dun
1846 1549 1904 1585 de-

399 1620 489 1643 cano
518 1606 732 1643 moravienfi
751 1627 760 1636 ·
788 1608 953 1657 magistro
981 1609 1142 1645 Waltero
1171 1609 1301 1657 Surays
1330 1608 1500 1645 officiali·
1529 1608 1723 1646 malcolmo
1750 1608 1794 1643 de
1822 1607 1904 1643 Fer-

401 1665 572 1701 rendratli
593 1685 601 1693 ·
633 1666 800 1702 Johanne
828 1667 872 1702 de
899 1667 1140 1703 Ferrendrath
1161 1686 1169 1695 ·
1203 1666 1386 1702 Willelmo
1414 1667 1458 1703 de
1486 1666 1769 1702 Aberkerdouer
1797 1665 1903 1701 fratre

401 1736 480 1758 meo
501 1742 508 1750 ·
538 1723 718 1759 Duncano
737 1724 811 1760 filio
832 1725 1002 1760 Duncani
1021 1725 1227 1773 QYgartned
1247 1745 1254 1753 ·
1284 1724 1437 1761 Cristino
1457 1724 1693 1773 oeckennayth
1713 1729 1748 1760 et
1767 1723 1845 1759 aliis
1860 1743 1867 1751 ·

402 1896 639 1933 Confirmatio
658 1897 870 1933 vicariarum
890 1899 934 1934 de
952 1899 1116 1935 Invernis
1131 1905 1166 1935 et
1180 1898 1415 1935 Aberkerdor
1429 1912 1492 1948 per
1507 1899 1623 1935 sedem
1637 1899 1877 1948 Apostolicani
1893 1919 1900 1928 ·

405 2013 638 2049 Innocentius
652 2012 834 2061 episcopus
849 2013 966 2049 servus
981 2014 1163 2050 servorum
1179 2015 1251 2050 Dei
1266 2015 1406 2051 dileffis
1419 2014 1500 2050 filiis
1513 2014 1647 2051 Abbati
1661 2021 1697 2051 et
1710 2016 1903 2052 conventui

403 2070 603 2107 monasterii
622 2071 666 2106 de
682 2070 927 2107 Abirbrothoc
946 2072 1081 2107 ordinis
1101 2074 1223 2108 San&i
1241 2073 1431 2109 Benediffi
1446 2073 1568 2108 83ηᾶὶί
1585 2073 1734 2109 Andree
1752 2072 1904 2122 dyocesis

402 2129 549 2165 salutem
571 2134 608 2164 et
628 2127 854 2177 apostolicam
878 2129 1167 2166 benedictionem
1187 2151 1195 2159 ·
1225 2131 1319 2167 Cum
1342 2144 1363 2166 a
1384 2130 1486 2166 nobis
1508 2131 1641 2179 petitur
1659 2131 1756 2179 quod
1771 2130 1902 2179 justum

402 2186 451 2223 est
476 2193 512 2223 et
538 2186 722 2222 honestum
750 2192 823 2222 tam
847 2187 951 2234 vigor
975 2188 1140 2235 equitatis
1165 2202 1270 2236 quam
1296 2189 1386 2224 ordo
1411 2189 1523 2236 exigit
1545 2189 1693 2224 rationis
1717 2194 1757 2224 ut
1780 2189 1816 2224 id
1840 2201 1902 2237 per

403 2244 675 2280 sollicitudinem
704 2243 810 2279 officii
838 2244 945 2279 nostri
972 2245 1017 2280 ad
1045 2245 1204 2281 debitum
1223 2247 1442 2295 perducatur
1460 2246 1626 2282 effectum
1646 2265 1654 2274 ·
1683 2246 1850 2282 Exhibita
1867 2245 1903 2281 fi·

403 2303 547 2350 quidem
567 2302 668 2337 nobis
685 2301 798 2337 vestra
815 2303 940 2350 petitio
960 2303 1165 2339 continebat
1183 2304 1280 2352 quod
1298 2304 1510 2340 venerabilis
1527 2305 1636 2340 frater
1654 2304 1770 2341 noster
1788 2307 1904 2342 (Dora-
