1912 2660
279 57 352 88 454
756 53 935 91 CARTE
963 53 1305 91 ORIGINALES.

479 152 566 187 fides
592 152 675 188 huic
702 153 922 202 transumpto
945 154 1164 201 temporibus
1182 152 1343 188 affuturis
1361 151 1572 187 adhibeatur
1591 150 1702 198 qualis
1720 151 1779 187 ad-

476 210 632 246 hibenda
658 210 707 246 est
732 211 903 259 prelibate
934 216 1030 247 carte
1059 210 1224 258 originali
1244 229 1252 238 ·
1281 210 1350 245 Per
1369 222 1425 245 me
1445 209 1628 245 Gavinum
1649 208 1778 256 episco-

475 280 562 316 pum
590 267 877 304 Abirdonensem
904 269 1073 304 clericum
1100 268 1304 303 rotulorum
1332 266 1468 314 registri
1496 279 1536 302 ac
1563 264 1695 301 consilii
1726 267 1777 302 su-

475 326 589 373 premi
604 326 740 361 domini
757 326 865 362 nostri
880 326 990 373 Regis
1008 326 1070 361 sub
1088 326 1175 360 meis
1192 324 1290 372 signo
1310 329 1345 359 et
1362 324 1613 372 subscriptione
1633 336 1776 360 manua-

478 382 569 418 libus
589 403 597 411 ·

1370 438 1546 476 Gawinus
1565 439 1719 474 Dunbar

278 556 461 604 Incipiunt
479 561 575 592 carte
595 555 736 592 ecclesie
754 569 794 591 ac
813 555 1012 604 monasterij
1030 554 1074 590 de
1091 554 1220 590 Kinlos
1240 567 1285 590 ex
1302 555 1531 604 autographis
1549 556 1772 604 pergamenis

272 627 380 662 POHOS

272 729 381 765 Carta
399 729 601 765 donationis
620 728 791 763 Willelmi
813 728 924 776 Regis
942 727 1052 763 totius
1070 732 1165 763 terre
1184 726 1229 763 de
1248 727 1388 775 Burgin
1403 746 1411 755 ·

212 846 233 875 ‘3
269 845 325 879 W·
348 845 418 880 Dei
437 845 552 892 gratia
571 844 652 879 Rex
672 843 879 879 Scottorum
899 862 907 870 ·
936 843 1105 891 episcopis
1125 862 1133 871 ·
1159 842 1343 878 abbatibus
1363 862 1371 870 ·
1395 842 1584 879 comitibus
1603 863 1611 871 ·
1630 843 1769 880 baroni-

268 903 332 937 bus
348 922 355 930 ·
368 902 516 951 justicijs
531 921 539 929 ·
558 901 827 937 vicecomitibus
846 920 854 928 ·
879 900 1044 936 ministris
1063 906 1099 936 et
1117 901 1283 936 omnibus
1300 900 1420 949 probis
1438 901 1641 937 hominibus
1659 903 1768 938 totius

267 966 361 995 terre
379 960 438 995 sue
456 959 592 995 clericis
612 964 647 994 et
664 958 762 994 laicis
780 958 925 994 salutem
942 976 951 987 ·
980 958 1101 994 Sciant
1119 958 1297 1006 presentes
1316 963 1351 994 et
1369 958 1480 994 futuri
1498 972 1555 995 me
1574 972 1639 1006 pro
1659 959 1768 997 salute

266 1018 381 1053 anime
410 1030 488 1052 mee
517 1022 552 1052 et
579 1016 778 1051 animarum
806 1016 1090 1064 predecessorum
1120 1022 1155 1051 et
1183 1016 1355 1052 heredum
1384 1029 1549 1052 meorum
1576 1017 1706 1054 dediffe
1733 1024 1768 1054 et

265 1073 461 1111 concelliss'e
488 1079 524 1109 et
550 1074 615 1109 hac
642 1079 740 1109 carta
757 1087 837 1109 mea
855 1073 1075 1109 confirmass'e
1095 1073 1176 1109 Deo
1196 1079 1232 1109 et
1250 1072 1392 1109 ecclesie
1411 1074 1455 1109 de
1476 1074 1605 1110 Kinlos
1632 1081 1668 1111 et
1693 1089 1767 1111 mo-

263 1133 385 1169 nachis
408 1132 541 1168 ibidem
565 1131 648 1167 Deo
675 1131 907 1167 servientibus
934 1137 1047 1167 totam
1070 1137 1201 1167 terram
1229 1131 1327 1167 illam
1349 1132 1393 1167 de
1412 1131 1552 1180 Burgin
1570 1146 1638 1180 que
1658 1133 1705 1169 est
1723 1147 1766 1169 ex

262 1190 455 1238 aquilonali
480 1195 582 1238 parte
600 1190 656 1225 vie
676 1202 754 1225 mee
773 1190 870 1238 regie
889 1202 958 1237 que
976 1190 1075 1225 vadit
1094 1189 1138 1225 de
1158 1189 1268 1225 Fores
1285 1189 1405 1225 versus
1424 1190 1534 1238 Elgin
1553 1209 1562 1218 ·
1589 1190 1720 1228 scilicet
1745 1206 1766 1228 a

261 1249 378 1284 rivulo
398 1248 441 1284 de
460 1247 558 1283 West
583 1248 643 1295 qui
671 1247 719 1283 est
745 1247 783 1283 in
809 1247 908 1283 exitu
932 1247 1089 1283 nemoris
1111 1247 1199 1283 ficut
1216 1248 1274 1283 via
1292 1248 1455 1295 predicta
1472 1248 1570 1284 vadit
1589 1248 1633 1284 de
1652 1248 1763 1285 Fores

259 1307 366 1354 usque
385 1307 429 1342 ad
445 1306 554 1354 Elgin
567 1306 675 1353 usque
693 1306 737 1341 ad
756 1318 923 1353 magnam
941 1304 1063 1342 filvam
1083 1305 1127 1341 de
1148 1305 1351 1341 Kelbuthac
1364 1325 1372 1333 ·
1392 1310 1428 1341 et
1446 1305 1574 1342 abinde
1593 1306 1638 1342 de
1656 1308 1765 1343 trans-

259 1365 358 1400 verso
372 1365 480 1412 usque
495 1364 539 1399 ad
554 1364 680 1399 divisas
693 1369 789 1400 terre
802 1364 846 1399 de
860 1363 990 1399 Kinlos
1004 1383 1013 1391 ·
1033 1363 1246 1400 Tenendam
1259 1369 1295 1399 et
1306 1362 1548 1412 poflidendam
1564 1364 1601 1399 in
1614 1364 1763 1401 liberam

259 1429 294 1458 et
312 1429 521 1471 perpetuam
544 1421 770 1458 elemosinam
794 1422 844 1458 ita
864 1421 957 1458 bene
976 1427 1011 1458 et
1028 1422 1187 1470 plenarie
1207 1427 1242 1458 et
1260 1421 1458 1458 honorifice
1477 1427 1513 1458 et
1531 1422 1581 1457 ita
1597 1422 1709 1459 libere
1728 1428 1763 1459 et

258 1481 376 1528 quiete
394 1480 437 1515 ab
457 1480 556 1516 omni
579 1480 728 1517 servicio
747 1485 783 1516 et
800 1480 988 1516 exactione
1010 1480 1159 1516 seculari
1186 1479 1273 1516 ficut
1300 1480 1386 1517 alias
1412 1480 1617 1516 tenandrias
1635 1486 1671 1516 et
1687 1482 1762 1530 pos-

258 1536 419 1574 sessiones
432 1538 508 1574 suas
522 1538 567 1574 ad
582 1538 732 1574 eandem
747 1537 928 1575 ecclefiam
941 1538 1199 1587 perpetualiter
1211 1538 1432 1586 pertinentes
1446 1538 1591 1574 liberius
1609 1538 1762 1585 quietius

256 1595 397 1643 plenius
418 1603 453 1631 et
472 1596 771 1632 honorificencius
789 1601 915 1632 tenent
933 1615 942 1624 ·
971 1595 1134 1632 Testibus
1152 1596 1300 1633 matheo
1319 1596 1482 1645 episcopo
1501 1596 1545 1632 de
1560 1595 1736 1633 Abredon
1751 1616 1759 1625 ·

256 1653 409 1689 Andrea
427 1653 589 1701 episcopo
608 1654 653 1689 de
668 1654 824 1690 Catenes
838 1674 847 1682 ·
868 1654 990 1690 David
1003 1654 1114 1690 fratre
1128 1667 1209 1690 meo
1225 1673 1233 1682 ·
1254 1653 1415 1690 Waltero
1431 1654 1474 1690 de
1489 1653 1607 1689 Bidun
1624 1654 1760 1691 cancel-

255 1711 374 1747 lario·
395 1710 537 1747 Comite
557 1712 783 1748 Dunecano·
808 1712 952 1748 Comite
971 1711 1168 1749 Gilberto·
1193 1712 1336 1748 Comite
1354 1711 1576 1748 malcolmo·
1601 1711 1758 1747 Ricardo

255 1768 300 1804 de
315 1768 470 1805 morevil
485 1768 779 1806 Constabulario·
800 1770 960 1807 Waltero
972 1770 1047 1806 filio
1060 1770 1171 1806 Alani
1188 1770 1379 1818 Dapifero·
1396 1769 1558 1806 Waltero
1571 1769 1615 1807 de
1628 1769 1759 1806 Berke-

254 1826 334 1874 ley·
356 1826 413 1861 W·
432 1826 506 1862 filio
526 1826 723 1862 Fresekin·
745 1828 853 1864 Petro
873 1828 916 1864 de
937 1828 1090 1864 Polloc·
1110 1828 1205 1877 apud
1225 1827 1357 1875 Elgin-

254 1999 366 2037 Carta
383 2000 619 2047 protectionis
641 2000 784 2035 Ricardi
805 2001 955 2049 episcopi
975 2000 1207 2038 woravicnfis
1223 2020 1230 2028 ·

194 2118 216 2149 3
254 2115 431 2151 Ricardus
450 2115 522 2150 Dei
547 2116 662 2162 gratia
689 2116 870 2164 episcopus
897 2117 1059 2153 moravie
1087 2114 1256 2152 universis
1283 2114 1411 2152 Christi
1438 2113 1601 2150 fidelibus
1626 2113 1754 2161 episco-

251 2179 353 2220 patus
372 2173 536 2210 CDoravie
554 2179 626 2209 tam
646 2173 781 2209 clericis
800 2186 906 2221 quam
925 2173 1022 2210 laicis
1041 2174 1188 2210 salutem
1207 2180 1243 2210 et
1261 2174 1418 2210 divmam
1439 2171 1727 2209 benedictionem
1740 2188 1751 2199 ο
