2060 2660
237 969 305 1005 109

234 2006 303 2037 110

340 182 409 213 IQQ
726 178 1042 215 REGISTRUM
1070 177 1437 215 MORAVIENSE.

338 276 435 312 rifice
453 275 539 312 ficut
556 277 674 325 aliqua
691 276 881 313 elemofina
899 278 936 312 in
954 283 1031 313 toto
1050 290 1162 325 regno
1181 276 1298 312 Scotie
1317 289 1361 311 ex
1380 276 1477 310 dono
1495 274 1645 322 alicujus
1666 274 1811 311 liberius
1831 296 1839 304 ·

337 334 490 382 quietius
514 354 522 362 ·
550 335 689 383 plenius
707 341 743 371 et
761 335 1055 371 honorificentius
1073 339 1216 370 tenetur
1235 339 1271 369 et
1288 331 1483 381 poffidetur
1512 351 1520 359 ·
1553 332 1738 368 reddendo
1756 333 1840 370 inde

338 390 480 440 lingulis
498 393 599 427 annis
618 393 704 428 mihi
723 398 759 428 et
776 393 966 428 heredibus
984 392 1071 427 meis
1089 404 1154 439 pro
1173 391 1271 426 omni
1290 389 1432 425 servitio
1451 394 1487 424 et
1504 389 1693 425 exaetione
1711 391 1756 426 ad
1774 404 1840 426 nos

336 450 394 485 vel
424 450 469 486 ad
504 451 703 498 predi&a111
734 456 865 486 terram
900 450 1103 497 pertinente
1133 461 1242 483 unam
1277 447 1404 482 libram
1440 446 1571 494 piperis
1605 447 1651 482 ad
1687 448 1838 484 Penthe-

336 506 453 543 costen
483 528 492 536 ·
525 508 688 544 Testibus
717 507 868 543 Andrea
897 507 1059 555 episcopo
1091 503 1305 542 moraviensi
1336 523 1344 532 ·
1381 504 1553 552 magistris
1585 504 1767 541 Willelmo
1803 513 1839 542 et

338 564 520 601 Edwardo
539 572 574 601 et
594 565 776 601 Willelmo
794 565 902 600 fratre
920 577 1001 599 meo
1020 562 1199 598 canonicis
1218 560 1450 599 moraviensis
1471 561 1613 598 ecclefie
1645 582 1653 591 ·
1691 563 1838 600 domino

337 622 496 658 Waltero
521 623 565 659 de
595 623 757 659 moravia
784 623 857 657 filio
885 621 1065 669 quondam
1097 620 1266 668 Hugonis
1291 619 1335 655 de
1358 620 1522 656 (Doravia
1550 639 1559 648 ·
1592 621 1767 657 michaele
1794 622 1838 658 de

336 680 514 716 Smalham
533 686 569 716 et
589 681 750 716 Roberto
769 680 813 715 de
833 679 1007 716 Cokburn
1026 683 1061 713 et
1081 677 1261 726 Stephano
1281 677 1514 713 servientibus
1532 678 1620 714 meis
1639 698 1647 706 ·

336 854 445 889 Carta
463 854 506 889 de
528 853 731 889 Robenfeld
751 873 759 881 ·

335 968 543 1004 Alexander
571 969 641 1004 Dei
667 967 782 1016 gratia
809 967 889 1002 Rex
917 966 1123 1002 Scottorum
1151 966 1317 1001 omnibus
1345 966 1465 1014 probis
1494 966 1697 1003 hominibus
1726 968 1834 1004 totius

332 1032 426 1062 terre
452 1027 511 1062 sue
535 1026 670 1062 clericis
697 1031 732 1061 et
758 1025 855 1060 laicis
881 1024 1028 1060 salutem
1047 1043 1055 1052 ·
1084 1024 1205 1060 Sciant
1231 1024 1411 1072 presentes
1433 1030 1470 1060 et
1492 1024 1605 1060 futuri
1627 1038 1693 1060 nos
1715 1026 1834 1061 divine

332 1084 470 1131 pietatis
489 1084 621 1119 intuitu
641 1083 770 1119 dediffe
787 1102 794 1110 ·
814 1081 1010 1118 conceffiffe
1025 1087 1061 1132 et
1075 1082 1141 1118 hac
1155 1088 1254 1118 carta
1270 1081 1388 1117 nostra
1406 1082 1627 1118 confirmasse
1645 1083 1689 1119 ad
1707 1083 1835 1119 susten-

330 1142 501 1176 tationem
520 1141 638 1189 pontis
657 1141 701 1176 de
720 1141 788 1188 Spe
805 1146 936 1175 terram
956 1140 999 1175 de
1020 1139 1225 1176 Robenfeld
1243 1153 1307 1188 per
1325 1140 1442 1175 rectas
1460 1140 1585 1176 divisas
1604 1141 1680 1176 suas
1698 1147 1734 1176 et
1752 1154 1833 1177 cum

330 1199 493 1234 omnibus
505 1198 606 1246 justis
623 1198 847 1246 pertinentiis
865 1198 932 1232 suis
950 1198 987 1233 in
1007 1197 1155 1233 liberam
1173 1211 1300 1246 puram
1320 1203 1356 1233 et
1372 1204 1582 1246 perpetuam
1606 1197 1831 1235 elemosinam

328 1257 482 1305 quietam
509 1256 552 1291 ab
577 1256 675 1291 omni
700 1256 873 1292 forinseco
899 1256 1042 1291 servitio
1066 1256 1201 1292 auxilio
1229 1261 1266 1292 et
1293 1256 1552 1292 consuetudine
1581 1262 1617 1292 et
1645 1257 1833 1294 exactione

329 1314 473 1350 seculari
493 1333 500 1341 ·
530 1314 652 1356 Quare
671 1314 837 1349 volumus
855 1319 896 1349 ut
914 1313 1028 1349 custos
1045 1314 1200 1362 predicti
1217 1314 1337 1363 pontis
1355 1314 1416 1361 qui
1434 1327 1498 1362 per
1512 1327 1578 1350 nos
1596 1320 1631 1350 et
1650 1314 1832 1351 confilium

330 1371 485 1408 nostrum
512 1385 578 1420 pro
604 1377 768 1420 tempore
794 1371 999 1420 preficietur
1025 1372 1071 1407 ad
1097 1372 1165 1407 hoc
1191 1372 1392 1420 prediGAEam
1419 1377 1551 1407 terram
1572 1372 1701 1408 habeat
1722 1372 1833 1408 custo-

329 1430 493 1465 diendam
522 1449 530 1457 ·
561 1435 596 1465 et
623 1430 667 1465 de
690 1429 814 1465 eadem
838 1435 935 1465 terra
956 1429 1001 1465 ad
1023 1430 1255 1465 commodum
1281 1434 1318 1465 et
1343 1429 1650 1465 conservationem
1677 1429 1831 1478 ejusdem

329 1488 446 1535 pontis
468 1486 554 1523 ficut
575 1487 703 1522 melius
723 1487 856 1535 poterit
880 1487 1041 1536 disponat
1060 1507 1068 1515 ·
1097 1487 1261 1523 Testibus
1281 1486 1444 1523 Roberto
1463 1486 1625 1536 episcopo
1646 1486 1804 1524 Roffenfi
1823 1508 1831 1516 ·

331 1544 493 1592 magistro
508 1545 653 1581 matheo
672 1545 883 1581 cancellario
904 1565 911 1573 ·
932 1545 967 1580 T
969 1545 1076 1581 homa
1093 1545 1212 1594 priore
1232 1545 1276 1580 de
1291 1544 1458 1580 Urchard
1477 1564 1486 1572 ·
1507 1544 1702 1594 Ranulpho
1721 1546 1833 1581 archi-

331 1603 481 1638 diacono
499 1601 711 1639 moraviensi
745 1622 753 1630 ·
786 1603 820 1638 T
822 1603 929 1638 homa
946 1602 1111 1638 hostiario
1141 1622 1149 1631 ·
1182 1602 1365 1638 Willelmo
1384 1602 1470 1638 Prat
1487 1602 1620 1638 vicario
1639 1603 1683 1638 de
1707 1602 1832 1639 Inuer-

331 1673 421 1695 narn
449 1679 456 1687 -
487 1659 678 1707 Radulpho
702 1660 746 1695 de
765 1660 909 1709 Campis
936 1680 944 1688 ·
975 1661 1158 1697 Willelmo
1178 1661 1274 1696 Biset
1300 1680 1308 1688 ·
1341 1660 1509 1696 Galfrido
1528 1660 1573 1696 de
1592 1660 1801 1697 liberatione
1821 1681 1828 1689 ·

330 1718 424 1766 apud
443 1717 562 1765 Elgyn
580 1716 752 1753 tricesimo
772 1718 828 1753 die
846 1718 946 1755 Junii
966 1738 973 1746 ·
993 1732 1089 1754 anno
1108 1719 1211 1767 regni
1229 1717 1337 1754 nostri
1356 1717 1625 1766 quartodecimo
1645 1738 1653 1746 ·

332 1890 390 1925 De
408 1890 457 1925 iiii
476 1890 601 1925 marcis
619 1890 663 1925 de
682 1889 785 1926 firma
802 1891 1091 1927 molendinorum
1111 1892 1155 1927 de
1177 1891 1380 1927 Inuernarn
1401 1911 1408 1919 ·

331 2005 540 2041 Alexander
567 2004 638 2040 Dei
664 2005 779 2051 gratia
805 2006 886 2042 Rex
914 2007 1120 2043 Scottorum
1147 2006 1313 2043 omnibus
1340 2006 1460 2055 probis
1488 2006 1692 2042 hominibus
1719 2007 1829 2042 totius

330 2069 425 2099 terre
443 2062 502 2098 sue
520 2062 655 2097 clericis
673 2067 709 2097 et
726 2062 821 2098 laicis
840 2064 985 2100 salutem
1005 2084 1013 2092 ·
1042 2065 1162 2101 Sciant
1180 2065 1359 2113 presentes
1377 2070 1414 2100 et
1430 2064 1542 2100 futuri
1559 2076 1625 2099 nos
1638 2077 1705 2112 pro
1719 2064 1829 2100 salute

330 2120 447 2156 anime
465 2119 581 2155 nostre
604 2125 640 2154 et
663 2120 918 2156 antecefforum
941 2122 1142 2158 nostrorum
1162 2123 1292 2159 dediffe
1318 2142 1326 2151 ·
1355 2120 1551 2158 conceffifl'e
1578 2127 1614 2157 et
1639 2122 1704 2157 hac
1731 2128 1829 2158 carta

330 2177 447 2214 nostra
472 2176 691 2214 confirmaffe
719 2177 801 2213 Deo
828 2185 864 2214 et
890 2179 991 2215 beate
1019 2181 1133 2217 marie
1160 2186 1196 2216 et
1222 2180 1356 2229 capelle
1386 2179 1508 2216 Samffi
1537 2177 1703 2215 Nicholai
1723 2179 1830 2228 juxta

330 2242 476 2284 pontem
495 2235 539 2272 de
558 2235 627 2283 Spe
656 2254 663 2263 ·
691 2235 737 2270 ad
760 2235 1045 2273 sustentationem
1064 2238 1237 2286 capellani
1256 2244 1292 2274 et
1310 2237 1429 2274 clerici
1446 2237 1484 2272 in
1502 2236 1599 2273 dieta
1617 2236 1751 2285 capella
1769 2238 1827 2273 de-
