1912 2660
276 112 349 144 5300
675 108 990 145 REGISTRUM
1021 108 1383 145 MORAVIENSE.

276 207 443 255 quicquid
476 207 510 242 in
540 214 753 256 perpetuum
782 208 892 244 levari
922 209 1054 257 poterit
1089 208 1132 243 de
1161 208 1351 243 medietate
1379 206 1580 255 supradicte
1612 213 1706 244 terre
1734 209 1778 245 de

278 265 568 313 Aberbrandalys
594 266 689 302 ultra
715 266 844 315 septem
875 279 1010 301 marcas
1036 265 1200 314 predifflm
1228 264 1412 312 capellano
1442 263 1627 312 affignatas
1662 266 1778 314 equali

276 323 441 371 portione
460 323 692 359 dividendum
722 342 731 353 ·
761 324 808 359 Et
825 323 850 359 fi
868 324 1054 370 contingat
1072 322 1170 370 quod
1190 322 1234 357 de
1253 322 1348 356 dieta
1366 322 1557 358 medietate
1575 328 1670 359 terre
1684 324 1780 360 ultra

275 380 437 416 salarium
465 381 616 429 predicti
642 382 815 430 capellani
841 381 949 416 nichil
975 380 1085 415 levari
1104 379 1236 427 poterit
1263 397 1271 406 ·
1299 379 1466 414 volumus
1484 381 1579 427 quod
1598 382 1779 429 predictus

275 438 478 487 capellanus
497 439 579 475 licet
598 439 707 475 nichil
726 439 821 474 ultra
840 438 944 473 restet
968 437 1131 472 salarium
1158 436 1257 471 suum
1284 436 1464 484 integrum
1491 438 1618 474 habeat
1636 445 1672 475 et
1693 441 1779 476 reci-

275 497 348 544 piat
366 516 375 525 ·
406 497 553 544 Insuper
568 497 692 532 damus
710 501 746 532 et
763 497 800 530 in
819 500 1031 543 perpetuum
1047 494 1278 529 concedimus
1296 494 1339 529 ad
1360 495 1616 532 inveniendum
1635 511 1752 534 ceram
1768 519 1776 527 ·

275 567 402 603 panem
423 574 431 583 -
461 555 584 590 vinum
602 574 610 582 ·
641 560 677 589 et
701 559 820 589 cetera
844 557 1057 587 ornamenta
1082 551 1202 586 altaris
1222 551 1313 587 beati
1333 552 1368 587 T
1370 552 1475 588 home
1495 554 1687 602 supradicti
1705 562 1776 592 tam

274 612 465 660 capellanis
492 612 628 648 domini
650 611 758 647 nostri
777 610 969 659 supradicti
988 622 1093 656 quam
1114 609 1299 657 capellano
1317 610 1436 646 nostro
1455 612 1602 660 proprio
1618 632 1626 640 ·
1647 626 1777 650 novem

274 670 401 706 solidos
419 671 529 706 annui
548 670 708 706 redditus
722 669 904 704 annuatim
920 667 1169 715 percipiendos
1188 668 1231 703 de
1250 668 1404 715 quodam
1424 669 1599 717 burgagio
1617 672 1712 719 quod
1733 672 1777 708 de

273 728 374 763 nobis
398 734 497 764 tenet
515 728 728 763 hereditarie
746 727 791 762 ad
810 725 1059 762 feodofirmam
1080 725 1203 760 Adam
1222 725 1316 761 filius
1336 726 1509 763 Robineti
1533 728 1579 763 ad
1604 730 1777 765 terminos

272 786 408 822 usuales
428 805 435 814 ·
465 785 781 832 Quotienscunque
805 797 891 819 vero
921 783 1102 831 predictus
1129 783 1332 831 capellanus
1356 784 1393 819 in
1420 785 1491 820 fata
1514 785 1696 822 decefferit
1720 788 1775 823 vel

273 845 376 880 aliter
395 845 474 879 loco
493 844 554 878 suo
580 843 706 878 cedere
724 841 881 877 volucrit
907 841 964 876 vel
984 841 1027 876 de
1047 840 1130 889 jure
1155 854 1219 889 per
1246 841 1456 877 sententiam
1481 843 1641 891 privatus
1667 845 1775 881 suerit

274 902 439 937 volumus
458 922 466 929 ·
499 902 690 936 accedente
717 900 761 935 ad
788 900 856 935 hoe
884 899 1053 934 consensu
1084 905 1120 934 et
1151 899 1283 935 assensu
1303 899 1388 935 dicti
1418 900 1555 936 domini
1583 901 1746 951 Episcopi
1767 924 1774 931 ·

270 960 366 1007 quod
386 959 461 1008 post
479 965 628 994 mortem
649 958 801 993 nostram
822 957 1014 1004 supradicti
1033 957 1188 993 decanus
1207 963 1242 993 et
1266 957 1461 1005 capitulum
1484 958 1564 994 loco
1592 959 1641 995 sui
1666 960 1775 996 alium

271 1018 386 1053 virum
402 1018 582 1065 ydoneum
597 1016 810 1065 provideant
825 1021 860 1051 et
873 1014 1056 1050 instituant
1071 1042 1079 1050 .
1099 1016 1159 1063 qui
1179 1016 1293 1051 eidem
1314 1016 1498 1064 capellano
1517 1017 1561 1052 de
1576 1017 1637 1053 suo
1653 1018 1775 1055 salario

272 1076 431 1123 predicto
456 1075 585 1110 saciant
604 1074 808 1122 responderi
830 1078 865 1108 et
892 1073 1043 1121 persolvi
1066 1073 1110 1108 de
1129 1074 1233 1109 terris
1252 1074 1296 1109 dc
1316 1073 1583 1123 Abirbrandaly
1602 1075 1776 1124 supradic-

270 1134 314 1168 tis
327 1153 335 1160 ·
355 1146 441 1180 quas
455 1146 534 1167 eum
552 1132 717 1167 omnibus
735 1132 1049 1167 commoditatibus
1069 1137 1104 1167 et
1123 1132 1347 1180 pertinentiis
1365 1131 1401 1167 in
1417 1132 1643 1169 ordinatione.
1663 1141 1698 1170 et
1713 1135 1775 1170 dis-

271 1189 440 1239 positione
460 1191 637 1225 dictorum
657 1190 782 1225 decani
809 1195 845 1225 et
871 1189 1017 1238 capituli
1044 1189 1081 1224 in
1110 1195 1323 1238 perpetuum
1343 1191 1598 1226 committimus
1616 1205 1680 1239 per
1698 1206 1776 1241 pre-

269 1249 382 1284 sentes
402 1268 409 1276 ·
441 1249 484 1283 In
503 1248 603 1296 cujus
622 1248 672 1283 rei
692 1247 930 1283 testimonium
951 1246 1102 1295 figillum
1123 1247 1280 1283 nostrum
1300 1261 1373 1283 una
1391 1261 1471 1283 cuni
1491 1247 1610 1296 sigillis
1629 1263 1775 1286 venera-

269 1307 391 1342 bilium
420 1307 648 1342 dominorum
676 1305 962 1354 supradietorum
987 1306 1152 1354 Episcopi
1172 1305 1312 1341 Decani
1337 1311 1373 1341 et
1391 1307 1537 1355 capituli
1556 1307 1775 1355 presentibus

270 1364 317 1400 est
334 1365 525 1413 appensum
546 1384 554 1392 ·
584 1364 720 1399 Datum
740 1364 834 1412 apud
860 1364 1047 1399 canoniam
1074 1364 1118 1399 de
1138 1364 1257 1412 Elgyn
1283 1364 1380 1400 sexto
1408 1364 1546 1401 decimo
1570 1366 1627 1401 die
1652 1366 1775 1402 menfis

269 1422 354 1471 Julij
375 1436 470 1458 anno
489 1423 602 1470 gratie
622 1442 630 1451 ·
645 1421 832 1459 <millesimo
852 1434 935 1458 ·ccc·
955 1421 1252 1470 quinquagesimo
1272 1422 1387 1470 primo
1403 1442 1411 1450 ·

273 1597 508 1632 Confirmatio
528 1597 669 1633 Thome
688 1598 732 1634 dc
750 1598 915 1635 moravia
932 1598 976 1633 de
995 1598 1189 1646 capellania
1207 1598 1292 1633 06ὶο
1313 1611 1511 1633 marcarum
1532 1617 1540 1626 ·

273 1713 451 1749 Omnibus
475 1714 542 1748 hoc
570 1714 735 1762 scriptum
760 1714 884 1749 visuris
910 1715 966 1749 vel
991 1714 1166 1749 audituris
1194 1713 1353 1749 Thomas
1380 1714 1423 1749 de
1445 1714 1609 1750 moravia
1633 1720 1774 1761 paneta-

274 1772 346 1807 rius
366 1772 483 1807 Scotic
503 1778 661 1807 eternam
682 1773 717 1807 in
737 1773 901 1808 Domino
920 1772 1065 1808 salutem
1080 1792 1087 1800 ·
1103 1772 1258 1808 Noverit
1279 1771 1487 1807 univerfitas
1506 1771 1619 1807 vestra
1637 1778 1771 1807 cartam

274 1830 366 1865 bone
386 1830 556 1865 memorie
574 1830 749 1866 ,Iohannis
768 1830 811 1865 de
831 1830 995 1867 (Doravia
1012 1831 1130 1866 fratris
1145 1830 1213 1865 mei
1233 1830 1377 1865 senioris
1395 1829 1589 1865 concessam
1611 1829 1773 1878 magistro

272 1888 430 1924 Johanni
443 1888 486 1922 dc
504 1887 679 1935 Inuernys
693 1888 905 1924 cancellario
925 1887 1067 1924 ecclesie
1082 1887 1313 1925 moraviensis
1331 1888 1375 1923 de
1394 1900 1516 1923 annuo
1531 1888 1673 1923 redditu
1689 1889 1772 1924 octo

274 1959 473 1982 marcarum
493 1945 741 1992 sterlingorum
767 1946 937 1982 solvendo
962 1947 1076 1982 eidem
1096 1945 1258 1994 magistro
1277 1945 1436 1983 Johanni
1454 1951 1490 1981 et
1507 1944 1683 1993 affignatis
1708 1946 1773 1982 suis

275 2005 309 2039 in
321 2009 532 2052 perpetuum
546 2004 640 2051 apud
655 2004 841 2038 canoniam
858 2005 902 2039 de
915 2005 1033 2053 Elgyn
1048 2003 1192 2052 singulis
1206 2004 1308 2039 annis
1320 2004 1364 2039 ad
1377 2004 1467 2039 duos
1480 2003 1565 2038 anni
1579 2004 1751 2039 terminos
1764 2024 1772 2031 ·

275 2062 500 2098 medietatem
520 2061 685 2096 videlicet
706 2063 796 2097 infra
814 2063 1024 2109 quindecem
1046 2064 1120 2099 dies
1131 2063 1207 2112 post
1219 2062 1342 2099 festum
1360 2062 1606 2098 Penthecostes
1621 2068 1655 2099 et
1667 2063 1771 2099 aliam

275 2120 499 2155 medietatem
516 2119 605 2154 infra
621 2120 829 2166 quindccem
848 2120 920 2155 dios
937 2121 1010 2169 post
1023 2121 1146 2157 festum
1163 2121 1280 2157 Sancti
1289 2121 1436 2158 martini
1451 2121 1487 2156 in
1502 2134 1604 2169 yeme
1619 2141 1627 2149 ·
1641 2121 1772 2169 obliga-
