2060 2660
552 178 868 214 REGISTRUM
897 179 1259 217 MORAVIENSE.
1575 190 1644 229 197

153 291 235 314 cum
253 282 350 313 terra
366 275 484 312 nostra
501 276 545 312 de
564 275 805 324 Achmunedy
823 289 904 312 cum
923 277 1146 323 pertinentiis
1168 278 1310 325 jacente
1333 280 1425 316 inter
1449 287 1578 319 terram
1598 285 1641 320 de

152 335 344 382 Drumbuy
361 347 405 370 ex
422 339 522 381 parte
551 333 716 368 orientali
743 346 787 369 ex
814 339 914 381 parte
942 347 1015 369 una
1045 340 1081 369 et
1102 339 1232 370 terram
1254 336 1297 371 de
1316 336 1462 386 Cortaly
1480 353 1523 375 ex
1543 347 1641 388 parte

151 392 362 429 occidentali
380 405 424 427 ex
441 391 553 427 altera
569 391 662 426 infra
679 391 864 426 baroniam
883 391 927 426 de
946 391 1112 427 Urchard
1133 392 1331 439 predi&am
1350 412 1358 421 ·
1386 407 1472 441 quas
1499 398 1639 443 quidem

150 456 261 486 terras
289 462 369 484 cum
399 449 622 497 pertinentiis
648 449 814 484 dominus
844 448 1026 484 Robertus
1055 449 1099 484 de
1128 448 1328 485 Chishelme
1354 451 1453 486 miles
1480 453 1642 490 dominus

150 506 304 555 ejusdem
324 507 367 542 de
392 506 493 541 nobis
519 506 636 541 tenuit
662 506 699 541 in
726 506 839 554 capite
869 525 877 534 ·
907 512 943 542 et
965 506 1025 542 ille
1052 519 1127 541 non
1150 507 1186 542 vi
1208 512 1270 542 aut
1296 512 1395 543 metu
1422 509 1551 545 ᾱυὲὶυε
1579 524 1643 546 nec

150 577 271 600 errore
291 564 406 612 lapsus
432 564 482 599 set
512 577 610 599 mera
638 569 674 599 et
701 564 893 611 spontanea
910 564 1096 599 voluntate
1115 564 1294 612 predictas
1311 570 1423 600 terras
1441 579 1521 601 cum
1539 569 1644 612 perti-

149 622 279 657 nentiis
302 634 365 670 per
386 621 511 657 fustem
539 626 575 657 et
602 621 769 657 baculum
803 622 841 657 in
874 635 1000 657 manus
1038 621 1172 657 nostras
1202 621 1335 657 sursum
1365 623 1463 658 dedit
1491 629 1526 658 et
1556 637 1643 672 pure

149 677 420 727 simpliciterque
454 678 644 726 resignavit
674 692 715 714 ac
741 684 858 714 totum
878 679 939 727 jus
965 685 1001 714 et
1027 679 1202 714 clameum
1228 692 1297 726 que
1324 680 1441 715 dietus
1467 681 1567 716 miles
1585 688 1646 717 aut

149 737 297 772 heredes
312 737 361 772 sui
375 737 577 772 habuerunt
595 742 657 772 aut
673 736 803 772 habere
821 741 993 784 poterunt
1006 737 1044 771 in
1058 736 1186 772 eisdem
1204 737 1308 772 terris
1325 750 1407 772 cum
1425 739 1646 786 pertinentiis

149 795 187 829 in
205 800 418 842 perpetuum
437 814 446 822 ·
475 794 691 830 Tenendum
710 799 746 829 et
763 794 967 830 habendum
986 794 1084 829 dieto
1104 794 1249 829 domino
1266 793 1476 830 Alexandro
1495 801 1531 831 et
1547 796 1646 832 here-

150 852 252 887 dibus
279 852 346 887 suis
373 852 416 887 de
442 852 544 887 nobis
572 857 607 887 et
633 852 882 887 suecefforibus
902 851 1028 887 nostris
1053 851 1091 886 in
1117 856 1330 899 perpetuum
1348 865 1413 898 per
1431 866 1554 888 omnes
1572 854 1646 889 suas

150 910 266 945 re&as
285 910 409 944 divisas
428 915 463 945 et
481 914 592 944 metas
610 909 719 944 libere
739 929 747 937 ·
767 910 886 956 quiete
905 929 913 937 ·
933 909 1090 957 plenarie
1110 928 1118 936 ·
1146 909 1290 956 pacifice
1318 914 1353 945 et
1383 910 1579 946 honorifice
1611 912 1646 946 in

150 967 287 1014 placitis
307 987 314 995 ·
335 967 441 1002 curiis
466 987 474 995 -
499 967 652 1002 bracinis
671 986 679 994 ·
709 967 923 1002 molendinis
947 971 984 1002 et
1010 966 1175 1001 multuris
1207 972 1243 1002 et
1271 980 1352 1002 cum
1382 967 1546 1003 omnibus
1572 969 1647 1004 aliis

151 1024 372 1060 libertatibus
391 1044 399 1052 ·
419 1024 731 1060 commoditatibus
750 1044 758 1052 ·
784 1023 1004 1072 ayfiamentis
1031 1029 1066 1059 et
1086 1023 1187 1071 justis
1213 1024 1436 1071 pertinentiis
1462 1026 1507 1061 ad
1535 1026 1646 1062 dietas

150 1088 262 1118 terras
280 1082 519 1130 spe<stantibus
537 1082 595 1117 seu
613 1082 771 1128 spe&are
795 1081 996 1117 valentibus
1022 1081 1059 1116 in
1085 1081 1247 1116 futurum
1267 1086 1302 1117 et
1320 1095 1388 1129 que
1406 1083 1451 1117 ad
1470 1083 1556 1131 ipsas
1573 1084 1647 1131 qui—

150 1139 353 1187 buscunque
381 1139 565 1175 transafifis
590 1152 886 1186 quorumcunque
912 1138 1195 1187 predecessorum
1221 1138 1423 1174 nostrorum
1447 1140 1501 1175 vel
1524 1141 1648 1176 nostris

151 1198 369 1245 temporibus
386 1197 636 1245 specstaverunt
653 1197 712 1232 seu
730 1197 887 1244 spectare
905 1201 1102 1244 potuerunt
1120 1196 1163 1231 de
1176 1196 1259 1244 jure
1272 1215 1280 1223 ·
1301 1196 1479 1232 Faciendo
1498 1198 1567 1246 ipse
1586 1198 1647 1233 do-

151 1255 268 1290 minus
288 1255 497 1290 Alexander
524 1260 559 1290 et
587 1255 735 1290 heredes
761 1254 812 1289 sui
838 1253 939 1289 nobis
966 1259 1001 1289 et
1026 1253 1274 1289 successoribus
1299 1253 1425 1289 nostris
1447 1260 1483 1290 et
1507 1255 1647 1291 ecclesie

150 1312 267 1347 nostre
296 1312 504 1347 fidelitatem
525 1317 560 1347 et
588 1317 660 1347 tres
688 1312 798 1347 se&as
816 1311 861 1346 ad
880 1311 946 1346 tria
963 1311 1093 1358 placita
1110 1310 1226 1346 nostra
1244 1311 1406 1359 capitalia
1423 1312 1518 1360 apud
1537 1312 1647 1349 Bren-

150 1369 241 1405 nach
260 1370 444 1404 annuatim
464 1389 472 1397 ·
502 1369 703 1406 Reddendo
732 1369 816 1404 inde
844 1369 1029 1404 annuatim
1058 1368 1176 1403 dhstus
1200 1369 1366 1404 dominus
1385 1368 1594 1406 Alexander
1612 1376 1648 1406 et

150 1427 298 1463 heredes
322 1427 372 1462 sui
396 1427 498 1463 nobis
526 1433 562 1463 et
589 1427 836 1463 successoribus
863 1426 988 1462 nostris
1007 1432 1160 1474 quatuor
1177 1440 1312 1462 marcas
1335 1426 1584 1475 sterlingorum
1602 1430 1647 1464 ad

151 1486 240 1520 duos
267 1486 350 1520 anni
377 1485 549 1521 terminos
567 1485 753 1520 consuetos
771 1498 835 1533 per
853 1485 994 1532 equales
1012 1485 1194 1532 portiones
1212 1497 1293 1519 cum
1311 1484 1459 1520 servitiis
1476 1486 1646 1533 predififis

150 1548 290 1578 tantum
309 1556 374 1591 pro
394 1543 492 1578 omni
510 1543 579 1578 alia
596 1543 784 1578 exa6fione
803 1542 943 1578 servitio
962 1542 1019 1578 vel
1044 1542 1220 1577 demanda
1240 1555 1309 1589 que
1330 1555 1392 1590 per
1411 1555 1477 1578 nos
1494 1543 1552 1578 vel
1570 1544 1646 1579 nos-

150 1607 224 1636 tros
250 1600 458 1636 successores
477 1600 521 1636 de
540 1600 668 1635 eisdem
686 1600 790 1636 terris
808 1613 889 1635 cum
907 1600 1131 1648 pertinentiis
1148 1600 1242 1647 exigi
1259 1604 1431 1647 poterunt
1447 1599 1506 1635 vel
1529 1605 1644 1636 extor-

150 1658 251 1705 queri
270 1677 277 1685 ·
308 1658 352 1693 In
377 1658 477 1705 cujus
501 1658 552 1693 rei
576 1658 815 1693 testimonium
838 1657 899 1692 has
917 1657 1037 1693 literas
1055 1656 1188 1692 nostras
1205 1655 1317 1704 figillo
1335 1656 1454 1692 nostro
1472 1670 1546 1692 una
1563 1671 1643 1694 cum

149 1714 260 1763 figillo
279 1715 426 1761 capituli
444 1715 551 1750 nostri
570 1716 741 1751 antedififi
760 1714 909 1762 signatas
932 1713 992 1750 fibi
1016 1714 1092 1750 fieri
1116 1714 1263 1749 fecimus
1289 1719 1450 1761 patentes
1469 1734 1477 1742 ·
1506 1715 1643 1751 Datum

149 1773 245 1821 apud
263 1773 383 1821 Elgyn
410 1773 517 1808 tertio
547 1773 603 1808 die
634 1771 759 1808 mensis
791 1772 975 1807 Februarii
1003 1791 1011 1800 ·
1041 1784 1136 1807 anno
1165 1771 1317 1807 Domini
1346 1772 1642 1809 -co⁰·ccc⁰-lxxx¹¹¹⁰-

128 1849 130 1851 ·
150 1830 246 1866 sexto
266 1849 275 1858 ·

151 2001 343 2038 Ordinatio
368 2002 627 2038 emendationis
646 2002 689 2038 de
707 2002 859 2049 querelis
879 2001 1042 2051 Episcopi
1062 2000 1292 2039 moravienfis
1316 2006 1441 2037 contra
1465 2001 1643 2038 Comitem

150 2060 312 2096 moravie
331 2065 367 2095 et
386 2059 537 2095 Comitis
561 2064 687 2095 contra
705 2059 919 2108 Episcopum
946 2072 1010 2108 per
1038 2059 1224 2115 dominum
1249 2058 1441 2095 Custodem
1469 2060 1571 2108 regni
1599 2060 1642 2095 de

152 2116 295 2153 confflio
314 2117 365 2154 sui
383 2117 525 2153 concilii
543 2137 552 2145 ·

0 2250 2 2265 ι
57 2228 124 2269 169
152 2231 233 2268 Η60
258 2233 451 2269 indentura
473 2232 618 2268 testatur
635 2232 731 2279 quod
750 2232 787 2267 in
804 2232 925 2280 vigilia
942 2231 1181 2281 apostolorum
1200 2232 1364 2280 Symonis
1382 2237 1417 2267 et
1434 2231 1528 2268 Jude
1546 2243 1636 2266 anno

151 2289 300 2326 Domini
327 2289 726 2339 ·m⁰·ccc⁰·[lxxx⁰·]ix¹¹⁰·
754 2290 791 2325 in
818 2289 960 2327 ecclesia
986 2290 1137 2326 fratrum
1164 2290 1427 2338 predicatorum
1453 2289 1496 2324 de
1516 2288 1640 2324 Inuer-
