2066 2780
262 678 311 712 46

327 178 376 210 40
730 174 835 211 REG
843 174 1045 210 ISTRUM
1076 170 1438 210 MORAVIENSE.

339 273 434 320 quod
452 272 475 308 fi
493 285 567 308 non
586 285 709 308 omnes
727 273 793 308 hiis
811 273 1026 321 exequendis
1045 271 1233 320 potueritis
1254 269 1415 304 intereffe
1444 287 1452 295 ·
1477 268 1549 302 duo
1568 267 1722 304 vestrum
1748 268 1833 317 [ea]

339 330 589 366 nichilominus
607 336 829 378 exequantur
861 351 868 358 ·
902 331 1039 366 Datum
1060 329 1176 364 Rome
1194 327 1287 375 apud
1308 326 1479 361 Sanctum
1501 325 1648 360 Petrum
1668 326 1739 374 ·vij-
1754 326 1834 362 idus

341 388 476 436 Aprilis
495 408 503 416 ·
522 388 749 436 pontificatus
767 388 873 423 nostri
892 401 987 422 anno
1007 387 1079 420 ·ix⁰·

340 560 477 607 Magna
495 566 591 595 carta
610 560 716 595 Bricii
737 579 744 586 -
765 560 807 594 de
826 558 1035 593 fundatione
1052 556 1304 592 canonicorum
1325 555 1421 602 apud
1440 554 1550 603 Spyni
1565 574 1573 582 ·

340 675 477 710 Bricius
502 674 572 710 Dei
599 675 712 721 gratia
734 671 962 710 moravienfis
984 671 1164 719 episcopus
1188 668 1357 705 univerfis
1380 669 1511 704 Sancte
1530 669 1656 706 matris
1681 669 1834 707 Ecclelie

338 732 418 767 filiis
436 738 507 767 tam
526 732 653 766 suturis
671 745 774 778 quam
803 729 1019 778 presentibus
1047 734 1205 763 eternam
1234 727 1270 761 in
1296 727 1457 761 Domino
1479 726 1626 762 salutem
1656 747 1664 754 ·
1695 727 1787 764 Cum
1814 743 1834 764 a

339 790 458 825 multis
477 794 512 825 et
529 790 572 824 ab
590 789 742 836 antiquis
760 788 947 823 retroactis
961 786 1179 833 temporibus
1193 785 1301 831 usque
1320 785 1365 819 ad
1383 784 1499 820 nostre
1518 784 1830 821 administrationis

337 854 476 895 tempus
506 847 543 881 in
574 846 771 894 episcopatu
802 842 1012 881 moraviensi
1043 842 1301 890 predeceffores
1332 841 1439 877 nostri
1472 842 1712 879 (Doravienses
1748 844 1831 891 epis-

337 905 415 952 copi
434 910 569 939 certum
589 910 624 938 et
642 903 795 938 stabilem
815 901 1024 937 cathedralis
1048 900 1136 935 sedis
1161 900 1280 934 locum
1305 900 1341 934 in
1366 899 1465 935 nulla
1489 906 1637 935 tenuere
1661 900 1802 936 ecclefia
1822 921 1829 928 -

337 962 393 997 sed
418 962 563 1008 quilibet
591 973 714 996 eorum
741 973 806 1007 pro
834 959 934 993 libitu
963 964 998 993 et
1022 958 1207 992 voluntate
1228 957 1287 991 sua
1306 957 1342 991 in
1360 970 1433 992 una
1450 957 1559 992 trium
1579 956 1801 994 ecclefiarum
1822 979 1829 986 -

336 1019 464 1054 scilicet
484 1018 665 1053 Brennath
685 1037 693 1044 ·
713 1023 748 1053 et
767 1017 810 1051 de
830 1017 949 1064 Spyny
970 1035 977 1042 -
1003 1020 1038 1050 et
1057 1015 1100 1049 de
1122 1014 1294 1050 Kenedor
1322 1034 1330 1042 ·
1358 1014 1473 1050 sedem
1494 1013 1552 1050 fibi
1571 1015 1830 1063 adaptaverunt

335 1076 563 1124 episcopalem
584 1095 591 1103 ·
612 1075 688 1110 Nos
707 1074 858 1109 maxime
876 1074 920 1108 ad
939 1072 1158 1108 subditorum
1179 1078 1251 1107 tam
1266 1072 1456 1107 utilitatem
1471 1086 1577 1119 quam
1592 1071 1828 1109 necestitatem

334 1133 501 1168 habentes
527 1133 725 1180 respectum
754 1152 761 1159 ·
789 1132 848 1178 qui
876 1131 988 1178 sepius
1014 1130 1059 1164 ad
1086 1128 1264 1165 ecclefiam
1292 1130 1531 1165 cathedralem
1555 1136 1595 1165 ut
1617 1131 1661 1165 ad
1680 1136 1828 1167 matrem

334 1203 515 1225 recurrere
534 1190 693 1237 plurimis
711 1194 881 1224 tenentur
899 1201 942 1223 ex
961 1186 1068 1222 caufis
1089 1207 1096 1215 ·
1116 1187 1279 1222 locorum
1299 1187 1499 1222 difficultati
1521 1207 1529 1215 ·
1549 1188 1686 1222 viarum
1707 1189 1830 1236 asperi-

332 1248 395 1282 tati
425 1267 432 1274 ·
462 1252 662 1294 temporum
694 1246 920 1281 mutabilitati
953 1265 961 1273 ·
991 1245 1077 1280 cleri
1105 1243 1336 1281 moraviensis
1361 1244 1502 1280 ecclelie
1531 1251 1567 1280 et
1593 1245 1829 1293 plurimorum

332 1304 489 1339 virorum
511 1303 727 1351 prudentum
746 1303 1008 1338 communicato
1028 1301 1171 1337 confilio
1193 1322 1201 1330 ·
1223 1303 1342 1350 quoad
1362 1302 1488 1338 melius
1507 1303 1689 1350 potuimus
1708 1316 1830 1339 occur-

333 1367 449 1397 rentes
476 1380 484 1388 ·
512 1359 800 1396 reverendissimo
825 1366 860 1395 et
884 1359 1095 1395 sanctissimo
1119 1361 1267 1395 domino
1294 1359 1413 1395 nostro
1438 1366 1474 1395 et
1496 1360 1586 1408 patri
1606 1361 1701 1408 Pape
1722 1361 1829 1396 Inno-

332 1419 447 1454 centio
471 1418 652 1453 humiliter
676 1418 946 1466 supplicavimus
968 1426 1003 1453 et
1028 1418 1157 1453 devote
1175 1418 1343 1465 quatinus
1362 1417 1539 1453 eccleliam
1561 1418 1691 1453 Sancte
1711 1418 1829 1453 Trini-

332 1477 411 1510 tatis
438 1476 481 1511 de
504 1477 623 1523 Spyny
643 1495 651 1503 -
671 1489 776 1522 quam
804 1481 839 1511 et
865 1476 1008 1524 plurimi
1040 1476 1323 1523 predecess'orum
1357 1475 1556 1511 nostrorum
1589 1476 1827 1512 cathedralem

333 1538 524 1568 tenuerunt
551 1539 586 1567 et
613 1534 649 1567 in
676 1546 717 1568 ea
743 1539 783 1568 ut
804 1534 841 1567 in
866 1534 1058 1568 cathedrali
1079 1532 1222 1569 ecclelia
1240 1534 1299 1568 sua
1317 1533 1481 1569 installati
1499 1534 1645 1568 fuerunt
1675 1553 1682 1561 ·
1713 1534 1828 1569 cathe-

333 1589 466 1624 dralem
495 1590 538 1624 de
566 1596 684 1625 cetero
714 1590 876 1625 omnibus
903 1591 978 1638 post
1004 1591 1132 1626 futuris
1162 1591 1381 1639 temporibus
1408 1592 1484 1626 fore
1512 1591 1628 1626 sedem
1660 1591 1828 1640 episcopis

333 1645 608 1682 moraviensibus
627 1648 662 1682 in
681 1654 891 1695 perpetuum
911 1649 1119 1684 decerneret
1152 1669 1159 1676 ·
1194 1649 1268 1691 Qui
1288 1649 1332 1684 de
1350 1649 1518 1684 consueta
1535 1649 1721 1696 apostolice
1741 1649 1828 1684 sedis

333 1703 519 1738 clementia
536 1704 696 1751 precibus
714 1705 829 1740 nostre
848 1706 1054 1741 humilitatis
1073 1707 1264 1742 inclinatus
1288 1726 1296 1734 ·
1324 1707 1408 1742 viris
1426 1706 1687 1742 venerabilibus
1706 1707 1826 1742 Sancti

334 1760 481 1795 Andree
501 1767 535 1795 et
554 1762 597 1796 de
618 1761 781 1809 Brechyn
802 1763 978 1811 Episcopis
998 1770 1032 1799 et
1053 1764 1186 1799 Abbati
1205 1765 1248 1800 de
1271 1764 1453 1799 Lundoris
1474 1764 1703 1812 precipiendo
1731 1776 1827 1799 man-

333 1818 429 1852 davit
448 1819 612 1865 quatinus
632 1838 639 1846 ·
660 1818 820 1866 inquisita
838 1820 938 1868 super
957 1822 1021 1856 hiis
1040 1822 1245 1869 diligentius
1259 1822 1409 1857 veritate
1429 1841 1437 1849 ·
1458 1820 1481 1855 fi
1499 1821 1625 1868 absque
1639 1821 1731 1869 juris
1749 1834 1828 1868 pre-

326 1875 464 1921 judicio
482 1876 587 1910 alieni
615 1883 648 1911 et
673 1877 708 1910 in
727 1877 988 1924 ampliationem
1009 1879 1118 1914 divini
1137 1880 1253 1915 cultus
1272 1879 1361 1914 illud
1380 1879 1583 1914 invenerint
1602 1879 1695 1926 poss'e
1713 1878 1790 1914 fieri
1818 1898 1825 1905 ·

332 1932 501 1979 prefatam
522 1932 698 1968 ecclesiam
718 1934 926 1970 cathedralis
945 1937 1089 1971 honoris
1108 1937 1213 1972 titulo
1229 1937 1441 1972 decorarent
1460 1956 1468 1964 ·
1486 1936 1617 1972 Prefati
1636 1936 1746 1984 igitur
1759 1936 1824 1972 viri

331 1989 549 2025 venerabiles
567 1990 755 2038 apostolica
776 1993 987 2028 auetoritate
1012 1995 1169 2029 mandati
1201 2014 1209 2022 ·
1237 1994 1371 2030 vocatis
1389 2007 1478 2041 quos
1495 1999 1642 2042 propter
1660 1994 1727 2028 hoc
1745 2006 1826 2029 evo-

331 2046 463 2081 candos
482 2047 649 2082 viderunt
676 2068 684 2075 ·
715 2048 875 2095 inquisita
893 2050 994 2098 super
1011 2051 1078 2086 hoc
1097 2052 1302 2099 diligentius
1316 2052 1466 2087 veritate
1497 2071 1505 2079 ·
1535 2064 1616 2086 cum
1635 2051 1684 2086 eis
1702 2051 1827 2098 plenis-

333 2102 412 2139 lime
437 2104 609 2140 constaret
636 2106 731 2152 quod
758 2106 883 2153 absque
905 2107 996 2154 juris
1018 2109 1214 2156 prejudicio
1233 2110 1340 2145 alieni
1359 2115 1394 2145 et
1411 2110 1448 2144 in
1467 2108 1731 2156 ampliationem
1753 2108 1825 2143 cul-

330 2168 388 2196 tus
406 2162 517 2196 divini
537 2162 625 2197 illud
644 2163 719 2197 fieri
739 2164 848 2210 posset
873 2184 880 2191 ·
901 2165 1070 2212 prefatam
1090 2166 1268 2202 ecclefiam
1287 2167 1418 2204 Sanete
1437 2165 1624 2201 Trinitatis
1643 2165 1686 2200 de
1705 2165 1825 2212 Spyny

331 2219 567 2255 cathedralem
588 2220 848 2256 decoraverunt
877 2241 884 2248 ·
918 2223 1131 2258 auctoritate
1151 2225 1285 2259 domini
1306 2225 1400 2272 Pape
1418 2236 1495 2259 eam
1514 2222 1678 2258 omnibus
1696 2222 1733 2256 in
1752 2222 1826 2269 pos-

331 2283 446 2312 terum
465 2277 594 2312 futuris
612 2278 830 2325 temporibus
849 2279 1127 2316 moraviensibus
1141 2282 1308 2330 episcopis
1322 2282 1513 2318 statuentes
1527 2286 1562 2316 et
1574 2279 1827 2315 confirmantes
