1912 2660
195 196 252 222 400

195 529 250 556 401

196 960 253 987 402

195 1390 252 1417 403

198 1865 255 1893 404

199 2006 255 2034 405

279 101 352 133 410
671 96 987 133 REGISTRUM
1018 96 1383 133 MORAVIENSE.

280 196 451 233 Preceptum
465 195 499 223 de
513 195 585 224 clare
599 195 706 224 constat
720 196 754 223 ab
769 195 907 234 Episcopo
921 196 1017 224 datum
1032 196 1066 224 nd
1079 194 1281 223 infeoffandum
1298 193 1486 221 wilhelmum
1502 193 1628 231 Cuming
1641 194 1707 223 alias
1720 194 1785 224 Far-

280 243 435 281 quharsone
459 243 688 281 propinquiorem
712 244 844 272 heredem
871 243 957 281 patris
984 242 1132 271 wilhelmi
1157 242 1366 279 Farquharsone
1391 240 1421 268 in
1443 240 1524 268 dictis
1545 241 1628 270 terris
1648 242 1682 270 de
1705 242 1785 271 Ester

280 296 308 319 et
330 291 429 319 Vaster
450 291 569 319 Kellefis
590 296 619 320 et
643 292 677 320 de
703 291 932 330 Corcoponoche.
975 290 1105 318 Testibus
1128 290 1239 317 Joanne
1264 288 1392 325 Douglas
1415 288 1596 326 prebendario
1618 290 1651 318 de
1674 290 1784 325 Duffill,

282 338 426 367 Francisco
442 339 544 376 Savoy,
568 339 679 367 Davide
695 339 828 376 Cuming,
851 339 957 367 ,Iacobo
972 337 1126 369 Crommie,
1150 336 1331 364 servitoribus
1347 335 1488 374 Episcopi,
1510 341 1538 365 et
1554 337 1700 366 Gulielmo
1715 338 1785 367 Gib-

279 386 346 415 sone
360 386 488 424 burgensi
504 387 537 415 de
554 387 638 424 Elgin
654 387 772 415 notario.
815 386 900 423 Apud
917 385 1031 423 Spynie,
1050 386 1084 413 15
1099 384 1225 412 Januarii
1244 384 1328 412 1584.

281 529 378 558 Litera
391 529 563 558 affedationis
579 530 612 557 ab
628 529 766 567 Episcopo
781 538 845 556 cum
860 527 994 556 consensu
1008 526 1123 565 capituli
1138 526 1262 555 concessa
1276 526 1422 555 Willelmo
1435 527 1550 556 domino
1564 528 1597 557 de
1614 529 1784 568 Abirnethy,

282 578 460 615 Rothemaye
474 582 503 605 et
519 578 636 605 Saltoun
650 581 678 605 et
693 576 855 604 Alexandro
869 575 1000 612 magistro
1017 575 1135 603 Saltoun
1150 574 1210 613 ejus
1225 574 1292 609 filio,
1307 574 1477 603 decimarum
1492 576 1619 604 rectoriae
1633 582 1661 606 et
1676 578 1785 606 vicariae

280 625 400 653 ecclesiae
414 625 447 653 de
464 625 550 658 Keth,
560 624 727 662 pertinentis
743 623 844 651 mensae
861 622 1028 661 Episcopali,
1039 631 1090 660 pro
1108 622 1143 650 19
1157 622 1248 650 annis.
1291 622 1444 651 Reddendo
1458 624 1497 650 50
1512 633 1616 652 marcas
1631 626 1785 654 annuatim.

282 673 411 701 'restibus
427 672 552 709 Georgio
566 671 669 700 comite
683 672 716 699 de
733 671 864 704 Huntlie‚
883 670 1015 707 magistro
1030 670 1156 707 Georgio
1172 670 1309 699 Gordoun
1327 671 1530 699 constabulario
1543 672 1576 700 de
1593 672 1784 710 Badyenocht,

280 720 401 748 dominis
420 724 449 748 et
466 720 604 757 magistris
620 719 728 756 Magno
744 719 835 746 Vause
852 722 960 746 rectore
974 718 1007 745 de
1023 717 1057 751 Y,
1080 717 1212 746 Johanne
1228 718 1365 747 Gordoun
1380 719 1483 747 vicario
1497 720 1531 747 de
1548 720 1633 755 Keth,
1662 721 1785 758 Hugone

282 768 384 805 Cragy,
400 768 544 795 Willelmo
560 767 694 804 Wysman
710 766 834 799 notariis,
849 770 878 794 et
892 765 1006 793 domino
1023 764 1135 793 Thoma
1150 766 1267 794 Wallass
1283 766 1386 795 vicario
1401 767 1434 795 de
1451 767 1556 806 Spyne.
1597 769 1684 807 Apud
1698 769 1785 797 eccle-

282 815 347 843 siam
362 815 557 848 cathedralem,
576 816 611 842 16
627 814 733 852 Aprilis
751 814 835 842 1540.

280 958 365 986 Carta
378 957 539 986 feodifirmae
553 957 586 984 ab
603 956 740 994 Episcopo
759 965 824 984 cum
845 955 980 984 consensu
1000 955 1115 994 capituli
1130 956 1254 985 concessa
1270 956 1388 995 Hugoni
1404 957 1463 985 Ros
1477 957 1575 986 baroni
1588 958 1622 987 de
1639 959 1783 993 Kilravok‚

278 1010 417 1034 terrarum
431 1006 464 1033 de
481 1004 668 1042 Kildrymmie
682 1013 747 1032 cum
760 1003 877 1042 piscaria
890 1003 972 1042 super
985 1014 1056 1042 aqua
1070 1005 1103 1032 de
1116 1004 1212 1033 Narne
1224 1016 1231 1038 ;
1253 1004 1389 1042 Kilmony
1404 1010 1433 1033 et
1448 1005 1569 1044 Daltuly
1584 1016 1647 1034 cum
1662 1007 1785 1045 piscariis

280 1053 360 1091 super
381 1053 529 1086 Findorne,
554 1052 583 1080 in
606 1052 719 1079 baronia
740 1052 774 1080 de
796 1052 947 1086 Arclauch,
973 1052 1026 1080 vic:
1052 1052 1085 1080 de
1106 1052 1210 1080 Narne.
1253 1052 1407 1081 Reddendo
1428 1053 1574 1081 annuatim
1598 1054 1680 1083 L.83.
1698 1056 1723 1082 1.
1741 1055 1784 1094 Ιὲ.

281 1101 409 1129 Testibus
428 1100 559 1137 magistro
576 1100 701 1127 Henrico
716 1099 881 1127 Lumisdaill
894 1106 1002 1128 rectore
1017 1100 1051 1128 de
1068 1100 1202 1137 Kynkell,
1225 1100 1331 1128 Jucobo
1346 1100 1453 1138 Ogilvy
1467 1101 1500 1129 de
1517 1100 1636 1135 Cardell,
1661 1102 1784 1140 Hugone

281 1149 414 1185 Kennaty
429 1148 462 1175 de
478 1148 629 1175 Garvanne
645 1147 749 1180 Manis,
761 1147 868 1175 Jacobo
883 1147 969 1175 Innes
987 1147 1021 1175 de
1040 1147 1150 1185 Drany,
1168 1147 1332 1175 Alexandro
1348 1147 1499 1185 Urquhard
1512 1149 1546 1176 de
1563 1149 1783 1187 Burrowyardis,

281 1196 405 1233 Georgia
421 1195 571 1224 Strauchin
592 1195 626 1223 de
648 1195 838 1232 Cullodynne,
859 1195 996 1232 magistris
1020 1195 1144 1233 Hugone
1160 1195 1261 1234 Cragy,
1282 1195 1428 1224 Willelmo
1446 1196 1583 1234 Wysman
1604 1202 1632 1226 et
1653 1197 1783 1226 Johanne

280 1243 407 1272 Gibsoun
423 1243 547 1271 notariis.
589 1243 674 1281 Apud
691 1242 793 1280 Elgyn‚
808 1244 826 1271 5
843 1242 914 1271 Maii
931 1244 1016 1271 1545.

281 1387 366 1416 Carta
386 1386 548 1415 feodifirmae
562 1387 596 1414 ab
612 1386 750 1425 Episcopo
764 1396 829 1414 cum
844 1385 979 1415 consensu
992 1386 1108 1424 capituli
1125 1386 1198 1414 sacta
1214 1386 1333 1424 Hugoni
1349 1386 1461 1415 Frasere
1475 1386 1590 1415 domino
1603 1386 1705 1422 Lovet,
1726 1392 1783 1417 ter-

279 1444 373 1463 rarum
387 1435 420 1463 de
436 1435 512 1463 Estir
526 1434 675 1472 Kilmyles,
699 1434 803 1463 Westir
824 1434 974 1472 Kilmyles‚
998 1434 1154 1470 Balnafare,
1177 1434 1253 1462 Estir
1274 1434 1457 1472 Abreoquhy,
1480 1434 1586 1463 Westir
1601 1435 1783 1474 Abreoquhy,

281 1482 511 1520 Kilquhynnane‚
526 1493 582 1511 una
596 1493 660 1511 cum
675 1482 837 1511 molendino
851 1482 884 1510 de
900 1483 994 1511 Bucht
1009 1487 1037 1511 et
1051 1482 1166 1520 piscaria
1176 1482 1210 1510 de
1226 1482 1296 1510 Ness
1312 1487 1410 1511 vocata
1425 1482 1567 1517 Freschot,
1579 1483 1607 1511 in
1623 1483 1736 1512 baronia
1749 1484 1783 1511 de

280 1530 430 1567 Kilmyles,
452 1530 597 1567 regalitate
618 1531 652 1558 de
675 1530 779 1568 Spyne,
794 1529 848 1558 vic:
869 1530 903 1558 de
923 1530 1078 1559 Invernes:
1102 1530 1257 1558 Reddenda
1276 1530 1423 1559 annuatim
1441 1530 1525 1558 L.78.
1545 1532 1589 1559 17.
1604 1531 1649 1567 3}-
1691 1531 1783 1559 Prest-

280 1578 352 1605 ando
371 1578 472 1606 sectam
487 1583 515 1606 et
530 1578 641 1607 servitia
655 1578 724 1607 sicut
738 1578 785 1606 alii
804 1577 994 1606 feodifirmarii
1012 1583 1150 1606 terrarum
1174 1578 1312 1617 Episcopi.
1353 1578 1482 1607 Testibus
1504 1578 1640 1616 magistris
1658 1578 1782 1616 Hugone

282 1625 383 1662 Cmge,
409 1625 518 1653 Thoma
542 1626 616 1663 Hay,
641 1626 756 1654 domino
778 1625 909 1654 Johanne
933 1625 1067 1660 Gibsone,
1087 1625 1212 1660 notariis,
1236 1625 1357 1654 dominis
1383 1625 1528 1654 Willelmo
1551 1626 1645 1660 Clark,
1671 1626 1781 1655 Davide

281 1672 428 1706 Willelmi,
443 1674 572 1701 Johanne
588 1673 680 1707 More,
695 1674 802 1702 Jacobo
818 1673 931 1702 Frasere
946 1678 975 1702 et
991 1674 1106 1703 Andrea
1120 1674 1245 1703 Wallace
1258 1674 1431 1712 presbytero.
1475 1674 1560 1712 Apud
1576 1673 1661 1711 Elgin
1675 1674 1705 1702 in
1719 1674 1781 1702 loco

282 1720 436 1759 capitulari,
455 1722 489 1748 13
506 1721 577 1748 Maii
594 1721 679 1749 1544.

284 1863 452 1902 Preceptum
466 1861 559 1891 safinae
573 1862 704 1901 ejusdem.
747 1863 854 1892 Eodem
868 1863 912 1892 die
927 1869 955 1893 et
970 1864 1040 1892 loco.

283 2005 507 2034 Instrumentum
526 2004 608 2043 super
624 2006 814 2043 procuratorio
832 2006 1026 2043 resignationis
1047 2011 1185 2035 terrarum
1205 2007 1238 2035 de
1254 2006 1330 2035 Estir
1344 2006 1484 2044 Kilmyles
1504 2005 1573 2034 alias
1591 2005 1635 2034 tlte
1648 2005 1783 2043 Briyend

283 2063 320 2082 ex
343 2058 422 2091 parte
442 2052 606 2080 occidentali
629 2063 705 2090 aquae
727 2053 761 2081 de
781 2053 861 2087 Ness,
884 2064 899 2081 a
922 2054 1047 2091 Hugone
1069 2054 1216 2083 Simsoune
1235 2055 1270 2083 de
1292 2054 1423 2092 Erchyde
1443 2054 1472 2082 in
1493 2053 1622 2081 manibus
1642 2053 1780 2091 Episcopi,

282 2102 312 2129 in
326 2100 450 2129 savorem
468 2100 624 2128 Alexandri
648 2101 754 2128 domini
776 2100 873 2129 Freser
892 2102 926 2129 de
949 2101 1066 2130 Lowet:
1091 2102 1216 2140 Hugone
1231 2102 1352 2140 Cragye,
1372 2102 1482 2130 Joanne
1497 2101 1650 2135 Gibsoune,
1669 2101 1780 2130 Joanne

284 2149 389 2182 Freser,
411 2152 439 2177 et
455 2148 600 2176 Willelmo
619 2148 702 2182 Dow,
725 2148 883 2187 capellanis,
905 2149 1150 2187 procuratoribus;
1170 2150 1276 2179 ,Iacobo
1292 2149 1366 2178 Duff
1377 2149 1480 2177 vicario
1493 2149 1527 2177 de
1542 2148 1655 2182 Durris,
1670 2148 1779 2177 ,10811118

284 2197 388 2230 Freser‚
399 2196 509 2225 Thomu
520 2196 714 2230 MvGrowder,
726 2196 837 2224 Thoma
848 2196 1008 2226 Meconeill
1019 2198 1143 2231 M‘Ane,
1151 2198 1262 2226 Joanne
1277 2197 1442 2231 Makorkill‚
1452 2201 1481 2226 et
1494 2195 1658 2225 Alexandro
1668 2195 1779 2225 McGil-

283 2244 415 2279 lereocht,
430 2243 554 2278 testibus,
571 2244 698 2273 Mar-tino
713 2244 811 2282 Logye
831 2245 949 2273 notario.
990 2246 1065 2274 Acta
1078 2245 1150 2274 infra
1163 2245 1257 2274 locum
1270 2246 1303 2275 de
1319 2245 1428 2279 Lowet,
1443 2245 1462 2272 9
1478 2244 1601 2283 Augusti
1617 2244 1702 2273 1550.
