2060 2660
266 1471 312 1505 94

345 157 414 189 110
736 151 1053 189 REGISTRUM
1082 150 1445 188 MORAVIENSE.

342 258 442 286 tuum
471 271 479 279 ·
509 251 606 299 quod
629 251 723 288 idem
743 265 806 300 per
824 252 945 287 omnia
966 252 1003 286 in
1025 251 1180 299 capitulo
1204 248 1347 285 diocefis
1369 249 1413 283 de
1436 246 1601 282 omnibus
1623 246 1840 282 beneficiatis

340 309 579 345 communiter
594 308 641 345 est
655 308 822 345 statutum
838 315 873 345 et
887 314 1068 357 receptum
1088 314 1123 343 et
1141 307 1375 355 approbatum
1396 324 1404 332 ·
1433 304 1524 340 Item
1544 309 1725 351 receptum
1742 303 1789 340 est
1803 311 1839 340 et

341 366 620 415 [approbatum]
639 367 878 402 communiter
895 372 936 402 ut
954 366 1146 402 canonicus
1164 364 1223 411 qui
1244 377 1306 411 per
1325 362 1469 409 aliquod
1488 366 1628 409 tempus
1647 362 1683 396 in
1698 361 1839 397 ecclesia

340 424 534 459 cathedrali
552 425 724 460 vicarium
748 437 822 460 non
844 423 1007 459 habuerit
1025 421 1048 457 fi
1067 435 1111 457 ex
1129 420 1341 469 impotentia
1362 419 1554 466 contigerit
1577 418 1747 467 stipendia
1770 433 1838 467 que

340 495 405 530 pro
423 487 524 517 tanto
543 488 705 530 tempore
724 482 855 517 vicario
875 480 1051 516 debentur
1078 499 1086 507 -
1115 479 1234 513 habita
1255 477 1523 525 computatione
1545 490 1610 525 pro
1633 483 1708 513 rata
1729 478 1839 513 totius

339 539 424 575 anni
443 559 451 567 ·
479 539 619 575 vicariis
638 537 778 575 ecclesie
797 537 1008 574 cathedralis
1027 536 1188 572 conferat
1207 555 1214 563 ·
1243 535 1339 582 quod
1356 534 1381 570 fi
1399 548 1443 571 ex
1462 534 1642 570 manifesta
1659 535 1764 583 culpa
1781 536 1837 571 vel

340 610 384 632 ex
398 596 538 632 malicia
551 596 742 644 contigerit
756 609 837 631 cum
851 594 1030 643 stipendiis
1044 606 1107 641 per
1120 598 1259 628 tantum
1276 598 1417 641 tempus
1430 593 1563 628 vicario
1579 593 1705 628 debitis
1719 593 1838 629 secuu-

339 654 425 690 dum
445 655 594 690 eandem
617 653 919 701 computationem
939 651 1150 687 tantundem
1172 650 1318 686 nomine
1338 663 1429 698 pene
1451 650 1583 686 fabrice
1601 649 1742 686 ecclesie
1761 664 1838 699 per-

340 711 450 747 solvat
469 731 477 739 ·
506 711 558 747 Ut
585 712 650 747 hec
673 710 801 746 statuta
827 709 992 745 omnibus
1017 708 1146 743 futuris
1169 707 1389 756 temporibus
1415 713 1492 743 rata
1519 708 1622 743 firma
1652 714 1687 744 et
1718 708 1839 744 incon-

341 769 434 805 cuffa
464 774 698 817 permaneant
733 768 815 803 huic
846 767 1015 815 scripture
1044 765 1195 813 appensa
1223 765 1304 801 sunt
1337 764 1448 814 sigilla
1477 766 1656 801 autentica
1688 766 1837 814 predicti

342 827 492 864 Andree
510 827 661 876 episcopi
679 832 715 863 et
733 826 878 874 capituli
896 823 1126 862 moraviensis
1145 823 1286 860 ecclesie
1304 837 1387 860 cum
1408 824 1717 873 subscriptionibus
1735 837 1839 860 cano-

339 886 502 922 nicorum
523 905 531 913 ·
560 886 639 933 Ego
659 885 825 920 Andreas
851 883 1033 931 episcopus
1051 888 1087 917 et
1105 882 1299 918 canonicus
1324 883 1367 918 de
1387 882 1610 931 Fotherueys
1634 882 1808 918 subscribo
1829 902 1836 909 ·

341 943 419 992 Ego
452 943 585 992 Symon
612 943 765 978 decanus
792 939 1022 978 moraviensis
1050 939 1225 975 subscribo
1253 959 1261 968 ·
1295 940 1375 988 Ego
1405 940 1474 975 JV·
1504 946 1694 988 precentor
1721 942 1839 977 mora-

339 1000 463 1037 vienfis
482 1000 654 1036 subscribo
674 1019 682 1027 ·
712 1000 791 1047 Ego
810 998 1012 1034 VVillelmus
1030 997 1263 1034 cancellarius
1282 997 1513 1035 moraviensis
1530 997 1705 1033 subscribo
1725 1017 1733 1025 ·
1760 998 1839 1046 Ego

340 1059 522 1096 Johannes
549 1059 733 1094 succentor
764 1063 799 1094 et
823 1057 1015 1093 canonicus
1045 1055 1276 1093 moraviensis
1302 1056 1476 1092 subscribo
1502 1076 1510 1084 ·
1549 1056 1629 1104 Ego
1656 1056 1840 1093 ,Iohannes

341 1118 533 1153 canonicus
551 1117 595 1152 de
614 1116 784 1164 Dufphus
801 1114 976 1151 subscribo
1000 1134 1008 1142 ·
1041 1114 1121 1162 Ego
1141 1113 1343 1150 W'illelmus
1367 1115 1560 1150 canonicus
1581 1113 1811 1151 moraviensis
1831 1134 1838 1141 ·

343 1174 421 1223 Ego
442 1174 642 1210 willelmus
661 1174 705 1209 de
725 1172 808 1209 Rist’
828 1172 1020 1208 canonicus
1039 1172 1083 1208 de
1103 1171 1227 1220 Croyn
1245 1172 1419 1208 subscribo
1432 1192 1440 1200 ·

341 1348 557 1397 Compositio
577 1349 679 1397 super
697 1349 853 1396 quinque
872 1348 961 1384 acris
979 1353 1075 1385 terre
1095 1348 1230 1397 capelle
1249 1348 1294 1385 de
1314 1347 1501 1396 Hogeston
1519 1367 1528 1376 ·

342 1463 519 1500 Omnibus
543 1464 609 1499 hoc
633 1463 800 1512 scriptum
825 1464 949 1500 visuris
973 1464 1031 1500 vel
1054 1464 1229 1500 audituris
1252 1469 1379 1500 notum
1402 1464 1463 1499 fiat
1484 1463 1580 1511 quod
1599 1477 1680 1499 cum
1700 1469 1840 1499 contro-

342 1520 451 1557 versia
469 1522 551 1557 effet
570 1522 662 1557 inter
682 1522 867 1557 Andream
887 1522 1089 1571 episcopum
1109 1522 1368 1560 moraviensem
1389 1535 1431 1557 ex
1450 1528 1550 1570 parte
1570 1535 1640 1557 una
1665 1527 1699 1557 et
1719 1522 1840 1570 Symo-

343 1592 422 1614 nem
445 1579 488 1614 de
506 1579 690 1627 Hogeston
709 1593 752 1615 ex
767 1580 836 1615 alia
853 1580 955 1629 super
973 1581 1094 1617 decem
1111 1581 1200 1617 acris
1214 1587 1308 1616 terre
1323 1581 1359 1615 in
1378 1579 1562 1627 Hogeston
1578 1599 1586 1608 ·
1606 1580 1655 1615 ita
1672 1581 1841 1616 convenit

342 1637 435 1672 inter
454 1650 513 1672 eos
532 1637 761 1673 amicabiliter
781 1638 824 1674 de
843 1638 1029 1675 voluntate
1047 1644 1083 1674 et
1101 1638 1270 1674 consensu
1292 1638 1460 1686 Hugonis
1484 1638 1609 1673 decani
1636 1644 1671 1673 et
1695 1638 1839 1686 capituli

343 1694 473 1730 Sancte
494 1694 680 1730 Trinitatis
699 1695 742 1731 de
762 1695 880 1744 Elgyn
909 1716 916 1724 ·
942 1696 1072 1733 scilicet
1090 1697 1187 1745 quod
1205 1695 1368 1745 predicto
1387 1695 1562 1744 Episcopo
1581 1709 1646 1743 pro
1664 1696 1697 1731 se
1716 1700 1751 1731 et
1768 1696 1841 1731 suc-

342 1751 530 1787 cess'oribus
548 1752 615 1787 suis
632 1753 864 1789 renunciante
889 1754 942 1789 liti
966 1760 1062 1790 mote
1087 1760 1123 1790 et
1150 1754 1326 1791 movende
1352 1754 1455 1802 super
1481 1753 1651 1802 predictis
1678 1767 1724 1789 ·x·
1751 1754 1841 1789 acris

343 1810 378 1844 in
397 1815 610 1858 perpetuum
629 1810 811 1858 predifflms
834 1811 967 1859 Symon
994 1813 1147 1848 contulit
1170 1826 1237 1861 pro
1261 1825 1357 1860 pono
1380 1811 1475 1860 pacis
1500 1812 1538 1846 in
1563 1816 1776 1859 perpetuum
1803 1812 1839 1846 in

343 1880 468 1916 puram
487 1873 522 1903 et
541 1874 747 1916 perpetuam
773 1868 996 1905 elemosinam
1021 1870 1155 1918 capelle
1180 1870 1224 1906 de
1245 1869 1432 1918 Hogeston
1455 1869 1612 1917 quinque
1629 1882 1728 1905 acras
1745 1874 1840 1905 terre

342 1926 379 1960 in
397 1925 482 1960 villa
495 1925 538 1961 de
556 1925 741 1973 Hogeston
759 1939 824 1974 pro
842 1927 961 1962 anima
973 1928 1082 1976 patris
1096 1933 1131 1964 et
1145 1928 1266 1964 matris
1281 1927 1339 1963 sue
1354 1932 1390 1963 et
1403 1927 1563 1963 omnium
1583 1927 1839 1963 antecefl'orum

341 1983 484 2018 suorum
510 1983 689 2018 habendas
710 1989 745 2019 et
766 1982 986 2031 poffidendas
1003 1991 1177 2034 perpetuo
1195 1986 1286 2021 adeo
1305 1985 1414 2021 libere
1433 2004 1442 2013 -
1460 1985 1579 2033 quiete
1598 2004 1607 2013 ·
1626 1985 1785 2033 plenarie
1803 1992 1839 2022 et

342 2040 538 2076 honorifice
562 2039 648 2076 ficut
666 2040 784 2088 aliqua
801 2046 896 2077 terra
915 2042 950 2077 in
969 2056 1081 2090 regno
1101 2043 1219 2079 Scotie
1238 2043 1382 2079 liberius
1407 2062 1416 2071 ·
1443 2043 1597 2090 quietius
1616 2062 1624 2070 ·
1647 2042 1786 2091 plenius
1804 2050 1840 2079 et

343 2098 636 2134 honorificentius
654 2098 698 2133 ab
716 2098 833 2146 aliqua
851 2098 993 2135 ecclefia
1015 2106 1159 2136 tenetur
1181 2101 1239 2137 vel
1265 2099 1459 2149 possidetur
1486 2119 1494 2128 ·
1523 2100 1568 2135 In
1595 2100 1838 2148 premissorum

341 2161 459 2191 autem
487 2155 630 2191 firmum
654 2161 690 2191 et
711 2156 943 2192 indubitabile
969 2157 1207 2194 testimonium
1233 2159 1263 2194 ei
1289 2159 1381 2207 parti
1399 2158 1504 2206 hujus
1521 2157 1691 2205 scripture
1710 2158 1746 2193 in
1766 2171 1839 2194 mo-

342 2213 427 2248 dum
447 2213 658 2262 cyrographi
683 2213 846 2249 consecte
873 2228 977 2262 quam
1006 2216 1138 2264 recepit
1162 2217 1345 2264 predictus
1364 2216 1557 2264 Episcopus
1582 2214 1737 2263 apposita
1761 2216 1839 2252 sunt

342 2269 452 2319 sigilla
469 2271 557 2307 ἀίἇὶί
576 2270 741 2320 Symonis
759 2291 767 2300 ·
787 2271 958 2308 Willelmi
977 2273 1168 2321 Augustini
1195 2280 1230 2310 et
1257 2274 1408 2310 Roberti
1431 2273 1548 2309 fratris
1572 2272 1647 2321 ejus
1666 2292 1674 2301 ·
1703 2273 1734 2309 ei
1754 2287 1839 2309 vero
