2060 2660
70 1388 139 1429 163

569 191 885 227 REGISTRUM
913 191 1273 230 MORAVIENSE.
1600 199 1664 238 191

177 293 269 341 poffe
287 292 347 327 suo
366 290 559 326 defendent
578 309 587 317 ·
617 289 700 325 Hoc
717 288 860 337 adjecto
879 290 975 336 quod
992 288 1017 324 fi
1033 290 1158 336 aliquis
1172 298 1373 339 compareat
1388 295 1446 340 qui
1465 296 1670 343 allegaverit

176 350 209 386 se
222 350 350 385 habere
362 348 423 396 jus
440 347 694 383 hereditarium
713 347 759 382 ad
778 347 891 382 dictas
909 352 1024 382 terras
1042 366 1050 374 ·
1076 347 1134 382 via
1145 347 1279 395 justitie
1297 350 1328 383 ei
1347 363 1420 385 non
1439 352 1670 400 denegabitur

175 420 239 455 per
266 406 403 442 dictum
432 405 616 440 dominum
645 404 895 440 Alexandrum
916 405 974 440 vel
996 405 1144 440 heredes
1166 405 1245 440 suos
1270 406 1447 453 legitimos
1473 422 1538 444 nec
1564 411 1670 458 impe-

175 465 317 500 dientur
335 463 518 512 predictus
534 463 727 511 Episcopus
745 462 803 498 vel
821 462 1029 498 successores
1048 462 1097 497 sui
1114 475 1179 510 per
1197 462 1334 498 dictum
1354 464 1538 500 dominum
1562 467 1671 502 Alex-

174 522 323 558 andrum
343 521 399 557 vel
418 521 567 556 heredes
585 521 663 556 suos
681 521 767 568 quin
786 520 969 569 predictus
988 520 1182 568 Episcopus
1200 525 1235 556 et
1252 520 1460 556 succefl'ores
1477 522 1527 557 sui
1544 522 1671 570 poffint

173 579 339 616 exhibere
359 578 492 626 justitie
519 578 822 626 complementum
842 597 851 606 ·
879 578 1015 613 licitum
1035 578 1103 613 erit
1120 578 1226 613 etiam
1253 578 1417 626 predicto
1437 579 1609 628 Episcopo
1636 587 1671 616 et

172 637 420 673 successoribus
438 636 506 671 suis
524 637 703 684 predictas
717 642 829 672 terras
848 636 892 671 de
909 636 1150 671 Ratmorchus
1169 641 1204 671 et
1223 648 1346 671 omnes
1364 636 1449 671 alias
1467 643 1578 672 terras
1595 651 1672 684 per-

171 695 325 731 tinentes
343 695 388 730 ad
403 695 604 743 predictum
621 694 807 729 dominum
824 693 1074 729 Alexandrum
1089 699 1125 729 et
1139 693 1228 728 duos
1241 693 1391 729 heredes
1404 694 1483 729 suos
1496 694 1672 742 legitimos

172 753 262 788 infra
287 758 405 801 partes
430 752 473 787 de
497 752 635 800 Straspe
662 757 697 787 et
721 752 765 787 de
788 752 821 787 le
841 751 1033 787 Badenach
1059 752 1205 799 propria
1228 751 1442 787 amstoritate
1466 751 1671 800 distringere

171 816 207 845 et
230 823 374 846 namare
397 810 532 858 semper
561 816 596 845 et
627 810 914 857 quandocunque
943 809 1124 857 quousque
1148 809 1192 844 de
1214 809 1377 857 predicta
1404 809 1507 844 firma
1534 815 1569 845 et
1597 810 1672 845 aliis

171 866 341 915 requifitis
359 867 436 916 ipfis
454 868 562 903 fuerit
580 867 685 916 plene
704 867 921 903 satissaEtum
937 887 945 895 ·
974 872 1010 902 et
1035 867 1080 902 ad
1107 866 1205 902 istam
1223 867 1500 902 conventionem
1520 867 1672 903 fideliter

171 926 424 961 observandam
443 926 627 974 predictus
646 925 813 960 dominus
832 924 1042 960 Alexander
1059 924 1130 960 fide
1158 925 1241 959 data
1263 925 1439 972 corporali
1463 930 1498 960 et
1522 931 1671 973 utraque

170 996 250 1031 pars
267 983 460 1031 sigillorum
479 983 624 1018 suorum
643 989 678 1019 et
696 983 842 1031 capituli
861 981 1091 1019 (Doravienfis
1110 982 1308 1017 munimine
1326 982 1543 1018 roborarunt
1562 1002 1570 1011 ·
1598 983 1671 1018 Da-

169 1047 245 1076 tum
264 1041 360 1089 apud
380 1041 577 1076 Canoniam
602 1041 646 1076 de
666 1041 783 1089 Elgyn
808 1040 972 1076 vicefimo
1001 1041 1057 1076 die
1081 1039 1207 1077 menfis
1233 1040 1371 1086 Aprilis
1396 1053 1493 1076 anno
1521 1041 1671 1076 Domini

169 1098 350 1134 millefimo
370 1103 466 1134 ·ccc⁰·
487 1098 703 1146 ofitogefimo
722 1099 829 1134 tertio
849 1118 858 1126 ·

169 1270 377 1307 Protestatio
397 1271 560 1319 Episcopi
580 1271 682 1319 super
699 1271 874 1317 petitione
893 1270 1044 1306 Comitis
1063 1290 1073 1298 ·

166 1385 246 1422 Nos
272 1385 482 1422 Alexander
502 1386 573 1422 Dei
596 1386 711 1434 gratia
737 1386 918 1434 episcopus
940 1384 1170 1422 moraviensis
1195 1383 1430 1433 protestamur
1457 1392 1493 1421 et
1519 1386 1669 1423 dicimus

166 1443 263 1491 quod
281 1442 305 1478 fi
323 1444 441 1491 aliqua
458 1445 712 1480 contineantur
735 1444 772 1479 in
794 1444 967 1490 petitione
986 1443 1164 1491 magnifici
1183 1443 1319 1478 domini
1339 1444 1474 1478 domini
1491 1444 1670 1481 Johannis

166 1501 210 1536 de
230 1501 385 1536 Dunbar
403 1502 542 1537 comitis
557 1502 719 1538 (Doravie
738 1507 773 1537 et
791 1500 1017 1549 burgensium
1037 1502 1081 1537 de
1096 1501 1215 1549 Elgyn
1229 1514 1297 1548 que
1315 1514 1382 1547 pro
1400 1501 1503 1537 nobis
1517 1508 1553 1538 et
1566 1508 1666 1550 parte

165 1558 283 1594 nostra
300 1559 435 1595 faciunt·
452 1560 510 1595 vel
529 1560 644 1595 facere
663 1560 804 1608 poss'unt
824 1579 831 1587 ·
851 1560 947 1607 quod
966 1559 1072 1608 ipsam
1091 1560 1129 1594 in
1147 1572 1189 1595 ea
1205 1566 1305 1607 parte
1324 1572 1399 1594 non
1416 1559 1666 1607 impugnamus

163 1629 229 1651 nec
258 1616 469 1664 impugnare
497 1618 716 1653 intendimus
747 1618 796 1653 set
826 1618 1017 1665 recipimus
1047 1630 1113 1665 pro
1141 1617 1244 1652 nobis
1274 1616 1394 1652 saltem
1423 1630 1488 1664 per
1518 1618 1665 1653 modum

163 1674 269 1709 tacite
289 1673 511 1710 confessionis
531 1695 540 1703 ·
559 1682 731 1722 quantum
751 1689 838 1711 vero
857 1676 928 1724 ipsa
945 1675 1071 1723 petitio
1089 1680 1125 1710 et
1143 1679 1314 1710 contenta
1327 1675 1363 1709 in
1377 1674 1449 1722 ipsa
1462 1680 1588 1710 contra
1601 1689 1666 1711 nos

163 1737 198 1767 et
222 1731 376 1767 nostram
397 1732 634 1768 intentionem
654 1738 690 1768 et
708 1746 772 1781 pro
792 1733 860 1768 alia
884 1739 985 1781 parte
1003 1733 1139 1768 faciunt
1155 1732 1213 1768 vel
1236 1732 1352 1767 facere
1375 1732 1516 1780 poss'unt
1539 1734 1667 1782 excipi-

162 1802 240 1825 mus
258 1795 294 1825 et
313 1790 463 1826 dicimus
480 1792 577 1838 quod
596 1792 668 1840 ipsa
685 1792 811 1840 petitio
826 1797 862 1827 et
876 1796 1046 1827 contenta
1062 1791 1100 1825 in
1119 1803 1160 1826 ea
1177 1790 1257 1825 sunt
1271 1790 1427 1825 conficta
1443 1790 1613 1826 fabricata
1630 1798 1665 1828 et

129 1846 131 1848 ¹
162 1848 363 1895 excogitata
380 1854 506 1884 contra
520 1850 707 1885 veritatem
726 1869 735 1877 ·
755 1855 790 1885 et
808 1854 935 1885 contra
951 1849 1081 1884 bonam
1101 1848 1351 1884 conscientiam
1371 1848 1467 1883 dicta
1485 1853 1520 1883 et
1537 1861 1665 1897 propo-

162 1902 223 1941 fita
241 1925 249 1933 ·
277 1911 313 1941 et
339 1906 419 1942 sunt
446 1907 693 1943 insufficientia
719 1907 866 1943 obscura
892 1906 1133 1955 calumpniosa
1158 1911 1194 1941 et
1218 1906 1376 1953 suspecta
1393 1918 1460 1941 nec
1478 1906 1665 1942 veritatem

161 1963 197 1997 in
220 1963 316 1999 fafito
335 1965 523 2000 continent
544 1978 612 2000 nec
630 1966 673 2001 de
694 1965 778 2014 jure
796 1965 998 2013 procedunt
1022 1983 1030 1992 ·
1056 1964 1136 1999 sunt
1156 1963 1241 1999 alias
1262 1963 1348 1998 talia
1367 1977 1435 2010 que
1462 1970 1605 2000 narrata
1628 1966 1665 2000 in

162 2019 239 2068 ipfis
265 2021 402 2057 nullam
428 2022 536 2058 fidem
564 2023 699 2058 faciunt
726 2036 792 2058 nec
815 2023 932 2058 facere
955 2022 1096 2071 poffunt
1114 2041 1123 2049 ·
1143 2027 1179 2057 et
1197 2021 1278 2057 sunt
1295 2021 1386 2056 male
1406 2027 1442 2056 et
1459 2021 1578 2069 inepte
1595 2023 1666 2058 sor-

161 2084 254 2114 mata
266 2098 276 2106 ·
289 2080 395 2114 nimis
407 2080 590 2128 generalia
608 2086 643 2116 et
662 2081 798 2116 incerta
811 2100 818 2108 ·
833 2094 924 2128 vaga
937 2100 945 2108 ·
961 2080 1108 2115 obscura
1122 2100 1130 2108 ·
1151 2079 1335 2128 peccantia
1353 2079 1390 2114 in
1408 2080 1556 2114 materia
1574 2086 1609 2115 et
1627 2081 1663 2115 in

159 2135 274 2172 forma
291 2143 399 2185 prout
418 2151 461 2173 ex
480 2138 551 2186 ipsa
570 2139 743 2185 petitione
762 2138 942 2174 manifeste
960 2143 1059 2186 patet
1081 2143 1117 2174 et
1139 2138 1269 2173 clarius
1288 2138 1427 2172 dicetur
1444 2137 1554 2173 verbo
1573 2143 1608 2173 et
1626 2139 1664 2172 in

160 2192 292 2242 scriptis
310 2193 334 2229 fi
352 2209 441 2244 opus
460 2202 495 2231 et
514 2196 616 2231 nobis
634 2196 815 2232 videbitur
832 2196 999 2244 expedire
1019 2215 1030 2224 ο
1048 2196 1092 2231 de
1110 2209 1183 2243 quo
1200 2194 1437 2244 protestamur
1456 2213 1466 2222 .

162 2250 252 2286 Item
271 2253 480 2302 excipiendo
499 2254 696 2302 specialiter
713 2260 840 2290 contra
860 2254 965 2302 ipsam
983 2254 1193 2302 petitionem
1215 2253 1366 2289 dicimus
1384 2252 1481 2299 quod
1499 2256 1592 2287 terra
1617 2251 1665 2286 de·
