2060 2660
283 674 356 710 *216

271 1842 343 1873 211*

383 178 455 217 l378
777 173 1094 212 REGISTRUM
1123 171 1491 209 MORAVIENSE.

386 280 465 310 tero
485 274 617 322 Surays
631 293 640 302 ο
656 273 839 310 Willelmo
857 273 1042 322 capellano
1060 272 1212 321 episcopi
1231 269 1462 308 moraviensis
1480 289 1489 297 ·
1509 269 1641 305 Colino
1660 269 1734 304 filio
1751 268 1891 317 Augus-

386 332 452 368 tini
472 338 507 368 et
525 332 601 367 aliis
621 351 629 360 ·
658 331 797 368 Datum
816 331 912 380 apud
932 331 1042 367 Perth
1065 343 1161 366 anno
1184 329 1297 377 gratie
1317 331 1454 365 ·‹o⁰·cc⁰·
1474 326 1685 375 sexagesimo
1704 326 1859 363 secundo
1879 347 1887 355 ·

385 390 533 439 septimo
552 390 691 425 decimo
713 389 896 425 Kalendas
915 388 1051 436 Aprilis
1070 407 1078 416 ·

385 562 622 599 Confirmatio
642 562 806 598 Eufemie
825 561 969 597 domine
989 560 1033 595 de
1052 559 1183 594 Duffus
1199 578 1206 586 ·

384 678 563 716 Omnibus
582 679 644 714 has
662 678 782 713 literas
799 675 923 712 visuris
941 674 998 710 vel
1020 674 1195 710 audituris
1219 673 1365 709 domina
1384 673 1549 710 Eufemia
1566 676 1748 723 quondam
1768 676 1889 725 sponsa

383 737 519 772 domini
539 735 689 771 Walteri
709 736 753 771 de
772 734 936 771 moravia
955 732 1091 768 domini
1110 732 1153 768 de
1173 731 1305 767 Duffus
1323 732 1470 768 salutem
1488 732 1526 768 in
1545 732 1708 770 Domino
1727 753 1735 762 ·
1768 734 1887 771 Nove-

382 794 458 829 ritis
475 792 628 830 universi
647 807 703 829 me
723 793 842 828 divine
861 791 1016 827 caritatis
1036 790 1169 825 intuitu
1184 790 1314 825 dediss'e
1333 795 1368 826 et
1387 790 1535 826 omnino
1554 791 1709 838 quietam
1726 793 1886 829 clamasse

382 852 465 888 Deo
492 858 528 887 et
554 850 695 887 ecclefie
715 847 928 887 moravienfi
948 868 956 876 ·
986 847 1217 883 Archebaldo
1237 848 1399 896 episcopo
1419 847 1634 885 moravienfi
1659 855 1695 886 et
1721 851 1885 887 omnibus

382 910 550 958 episcopis
569 907 849 946 moraviensibus
867 906 927 941 fibi
946 906 1148 942 successuris
1172 910 1284 942 totam
1309 911 1442 942 terram
1464 919 1580 942 meam
1598 920 1705 955 quam
1723 908 1830 945 habui
1848 910 1885 944 in

382 969 458 1004 Ros
476 969 622 1004 nomine
642 967 734 1002 dotis
759 979 836 1001 mee
859 965 989 1000 scilicet
1008 965 1150 1000 tertiam
1169 970 1307 1012 partem
1326 964 1436 1000 totius
1453 969 1549 1000 terre
1568 965 1612 1001 de
1632 965 1767 1014 Clonys
1779 967 1885 1015 juxta

380 1026 564 1074 Dyngvall
584 1045 592 1053 ·
612 1038 681 1073 que
706 1024 850 1072 quidem
876 1028 973 1058 terra
995 1022 1062 1057 suit
1087 1022 1224 1058 domini
1242 1022 1394 1058 Walteri
1417 1022 1600 1070 quondam
1625 1023 1761 1060 domini
1786 1026 1855 1061 mei
1874 1045 1882 1054 ·

378 1097 488 1132 quare
506 1083 589 1119 volo
609 1089 649 1118 ut
668 1082 827 1130 predicta
851 1079 994 1117 ecclefia
1020 1086 1057 1116 et
1083 1080 1236 1129 episcopi
1259 1080 1456 1128 predictam
1478 1085 1610 1116 terram
1633 1095 1749 1118 meam
1773 1083 1883 1119 libere

378 1142 531 1177 habeant
558 1146 594 1177 et
620 1139 816 1189 possideant
840 1139 878 1174 in
900 1144 1115 1187 perpetuum
1136 1158 1144 1166 ·
1170 1139 1214 1174 ad
1239 1138 1526 1174 sustentationem
1554 1139 1822 1187 capellanorum
1846 1142 1882 1176 in

377 1198 518 1234 ecclesia
536 1198 730 1234 cathedrali
756 1198 799 1233 de
820 1197 940 1245 Elgyn
958 1209 1024 1245 pro
1042 1196 1132 1232 vivis
1152 1202 1186 1232 et
1205 1196 1385 1232 defunffis
1404 1196 1709 1233 celebraturorum
1729 1218 1737 1226 ·
1763 1199 1883 1234 secun-

377 1258 462 1293 dum
491 1257 643 1292 formam
673 1261 769 1291 carte
799 1255 936 1291 domini
966 1254 1104 1303 Fergus
1133 1254 1178 1291 de
1207 1254 1407 1290 Ardross'an
1436 1255 1480 1290 de
1509 1255 1634 1291 eadem
1662 1261 1758 1291 terra
1786 1257 1881 1293 dicte

375 1314 514 1351 ecclefie
533 1312 747 1351 (Doravienfi
766 1313 895 1349 collate
915 1333 923 1341 ·
953 1312 998 1348 In
1017 1312 1122 1361 hujus
1140 1313 1192 1349 rei
1213 1312 1454 1348 testimonium
1477 1313 1559 1348 huic
1583 1313 1712 1362 scripto
1730 1313 1878 1362 sigillum

374 1387 493 1409 meum
524 1373 590 1409 feci
621 1372 753 1421 apponi
777 1391 785 1400 ·
831 1370 995 1408 Testibus
1026 1370 1192 1419 magistro
1222 1371 1371 1419 Rogero
1401 1370 1609 1407 succentore
1638 1371 1851 1408 moraviensi
1871 1394 1879 1401 ·

374 1431 555 1467 Willelmo
590 1437 626 1467 et
657 1431 779 1466 Alano
811 1430 996 1479 capellano
1032 1429 1121 1465 dieti
1153 1429 1317 1478 Episcopi
1347 1448 1356 1457 ·
1397 1429 1520 1465 David
1552 1429 1816 1479 Durnemanyg
1845 1438 1880 1467 et

377 1490 499 1525 Alano
518 1489 654 1525 clericis
672 1489 760 1525 dicti
779 1488 943 1538 Episcopi
963 1508 971 1516 ·
999 1488 1176 1525 michaele
1203 1487 1247 1523 de
1272 1487 1414 1536 oeygyll
1435 1492 1471 1523 et
1491 1487 1569 1523 aliis
1587 1506 1596 1515 ·
1625 1487 1761 1523 Datum
1785 1490 1879 1537 apud

376 1548 546 1583 Kenedor
564 1561 660 1583 anno
677 1548 792 1595 gratie
811 1547 1050 1584 ·oe⁰·CC·²-lx⁰·
1069 1546 1177 1583 tertio
1193 1565 1201 1574 ·
1218 1545 1336 1582 mense
1355 1545 1552 1581 Februario
1572 1564 1580 1574 ·

374 1721 611 1757 Confirmatio
631 1720 803 1756 Willclmi
822 1721 961 1756 comitis
980 1721 1024 1756 de
1045 1721 1121 1756 Ros
1141 1740 1149 1748 ·

373 1836 552 1873 Omnibus
581 1835 709 1872 Christi
740 1835 904 1872 fidelibus
936 1836 1003 1871 hoc
1032 1836 1199 1884 scriptum
1229 1835 1353 1871 visuris
1382 1835 1439 1871 vel
1469 1835 1644 1871 audituris
1676 1835 1876 1872 Willelmus

373 1907 491 1931 comes
516 1894 559 1929 de
587 1894 662 1929 Ros
687 1893 833 1929 salutem
854 1914 862 1921 ·
892 1894 1076 1930 Noveritis
1102 1892 1256 1930 universi
1282 1907 1339 1929 me
1364 1892 1561 1929 concessiss'e
1584 1899 1620 1929 et
1642 1894 1707 1930 hac
1724 1894 1876 1942 presenti

373 1958 471 1989 carta
496 1965 576 1988 mea
601 1951 822 1987 confirmasse
849 1952 931 1987 Deo
959 1958 994 1988 et
1021 1951 1163 1988 ecclesie
1185 1951 1398 1989 moraviensi
1418 1971 1426 1979 ·
1456 1951 1687 1987 Archebaldo
1713 1952 1875 2000 episcopo

374 2016 409 2046 et
427 2010 593 2046 omnibus
612 2009 781 2058 episcopis
800 2009 1080 2046 moraviensibus
1098 2009 1158 2045 fibi
1176 2010 1378 2046 succefl'uris
1396 2010 1628 2045 donationem
1649 2010 1746 2045 illam
1768 2023 1873 2058 quam

373 2068 456 2104 fecit
474 2067 602 2103 eisdem
621 2067 802 2115 quondam
823 2067 1012 2103 P‘reffiinus
1031 2069 1075 2104 de
1094 2068 1258 2105 moravia
1276 2068 1442 2104 dominus
1461 2068 1505 2103 de
1524 2068 1656 2103 Duffus
1674 2068 1718 2103 de
1737 2068 1874 2104 duobus

373 2126 540 2162 duuachis
558 2131 653 2161 terre
673 2126 717 2161 de
737 2125 831 2161 Clon
851 2126 887 2160 in
908 2126 984 2161 Ros
1003 2139 1083 2161 cum
1104 2126 1269 2162 omnibus
1287 2126 1511 2175 pertinentiis
1529 2126 1596 2161 suis
1615 2145 1623 2154 ·
1649 2126 1694 2161 ad
1711 2125 1874 2162 sustenta-

372 2185 506 2219 tionem
526 2184 681 2219 duorum
700 2184 967 2231 capellanorum
995 2184 1031 2219 in
1058 2184 1222 2232 predicta
1247 2183 1390 2220 ecclefia
1415 2197 1481 2232 pro
1508 2184 1674 2220 fidelibus
1699 2184 1874 2220 defunctis

371 2247 545 2290 perpetuo
564 2240 887 2277 ministraturorum
908 2261 916 2269 ·
942 2242 976 2276 in
1002 2255 1126 2290 puram
1147 2248 1182 2277 et
1200 2248 1409 2291 perpetuam
1433 2241 1656 2278 elemosinam
1680 2242 1871 2277 secundum
