1980 2758
207 1457 229 1489 Γ)

283 149 306 183 6
679 149 994 186 REGISTRUM
1022 146 1384 184 MORAVIENSE.

283 246 376 284 assise
391 249 500 296 Regis
516 249 634 285 David
649 255 685 285 et
700 249 856 284 mandati
875 247 944 283 mei
958 267 967 275 ·
983 246 1050 283 sive
1065 246 1237 293 Theynus
1251 243 1320 279 five
1334 243 1501 279 dominus
1515 243 1633 280 rustici
1645 245 1753 281 fuerit
1770 266 1777 274 ·

283 306 369 341 mihi
384 306 605 343 forisfactum
625 307 724 342 suum
740 306 889 341 reddere
905 325 912 333 ·
928 305 1057 341 scilicet
1076 304 1183 339 ·viii‘⁰-
1198 314 1322 338 vaccas
1341 320 1350 329 ·
1378 300 1414 336 Si
1433 306 1554 337 autem
1568 301 1780 340 Vicecomes

283 363 387 411 hujus
406 365 563 400 mandati
581 364 765 412 negligens
784 368 954 399 executor
972 362 1079 397 suerit
1101 380 1109 389 ·
1129 360 1186 396 vel
1204 358 1385 407 propriam
1405 358 1578 394 decimam
1596 360 1654 396 vel
1672 361 1778 397 aliam

281 422 535 458 rectitudinem
562 420 819 458 ecclesiasticam
845 420 1005 455 detinere
1031 417 1278 467 presumpserit
1297 436 1304 444 ·
1318 415 1459 464 justicia
1484 429 1564 452 mea
1587 419 1778 466 compellat

281 479 504 515 detentorem
523 480 724 527 quicunque
743 478 850 513 suerit
868 475 1009 513 ecclesie
1028 475 1201 512 decimam
1220 474 1315 509 suam
1329 473 1387 509 vel
1401 473 1507 509 aliam
1521 475 1777 512 rectitudinem

280 535 539 572 ecclesiasticam
572 537 720 572 reddere
740 555 748 563 ·
768 540 802 571 et
831 534 1116 582 transgressorem
1142 530 1235 567 assise
1265 531 1377 579 Regis
1405 531 1527 567 David
1555 537 1590 568 et
1618 535 1775 582 precepti

280 594 349 629 mei
367 595 569 641 quicunque
583 593 689 629 fuerit
703 612 711 621 ·
727 591 794 628 five
814 591 1023 627 Vicecomes
1038 610 1046 618 ·
1062 589 1131 626 five
1149 590 1184 625 T
1186 585 1322 637 hey'nus
1337 608 1346 616 ·
1365 587 1434 624 five
1449 589 1616 625 dominus
1633 591 1751 628 rustici
1766 612 1774 619 ·

279 651 365 686 mihi
383 651 601 687 forisfactum
620 650 770 686 reddere
788 669 796 677 ·
816 649 945 685 scilicet
964 649 1047 683 ·viii·
1066 660 1190 684 vaccas
1217 666 1225 674 ·
1259 646 1312 682 Ut
1338 659 1404 682 nos
1421 647 1472 683 ita
1488 647 1550 695 qui
1572 647 1634 697 filij
1654 649 1774 685 sancte

279 709 399 744 matris
418 707 558 745 ecclesie
577 709 642 744 effe
661 708 829 744 debemus
848 726 856 735 ·
885 707 916 743 ei
938 719 1060 741 amore
1085 711 1121 740 et
1143 705 1273 740 timore
1298 704 1422 740 divino
1441 704 1528 753 jura
1551 705 1612 741 sua
1634 706 1774 755 integra

277 766 524 802 conservemus
550 773 586 802 et
612 766 744 801 illibata
771 784 779 793 ·
806 770 846 800 ut
873 765 933 811 qui
959 763 1166 807 eirebelles
1192 762 1327 798 fuerint
1352 774 1428 798 non
1454 762 1600 812 impune
1626 763 1743 800 ferant
1762 784 1770 792 ·

277 836 342 859 uec
366 837 428 872 per
449 824 715 872 protervitatem
743 823 838 858 suam
865 828 900 858 et
927 821 1197 857 obstinationem
1219 819 1305 868 jura
1331 825 1367 855 et
1393 820 1629 857 rectitudines
1651 822 1771 858 sancte

275 882 396 916 matris
423 880 562 917 ecclesie
586 881 642 917 vel
670 881 869 916 diminuant
895 879 951 915 vel
978 878 1141 914 auferant
1177 897 1184 905 ·
1222 877 1385 913 Testibus
1413 877 1581 914 Mattheo
1608 880 1770 929 episcopo

275 938 521 974 Aberdonenfi
549 959 557 967 ·
584 939 748 975 ,Iohanne
767 937 928 985 episcopo
947 937 990 972 de
1011 936 1169 972 Katenes
1188 955 1196 963 ·
1218 935 1382 971 Roberto
1400 941 1436 972 et
1454 935 1637 972 Willelmo
1657 938 1770 986 capel-

273 996 361 1031 lanis
379 997 465 1032 meis
497 1016 504 1025 ·
539 996 696 1044 Hugone
715 995 844 1031 clerico
868 1007 948 1030 meo
981 1014 989 1022 ·
1022 994 1152 1030 comite
1178 993 1332 1029 Patricio
1365 1012 1373 1021 ·
1406 994 1536 1030 comite
1562 994 1739 1043 Gylberto
1760 1016 1767 1023 ·

272 1052 454 1089 Willelmo
486 1054 559 1089 filio
591 1053 747 1101 Freskyn
783 1072 792 1080 ·
825 1052 1006 1087 &villelmo
1036 1052 1079 1087 de
1107 1051 1272 1087 Lindesei
1305 1071 1313 1079 ·
1352 1051 1514 1087 Roberto
1544 1052 1588 1088 de
1616 1052 1732 1089 Lond’
1759 1074 1766 1082 -

272 1112 451 1147 Willelmo
471 1112 513 1147 dc
536 1112 629 1147 Haia
648 1131 656 1139 ·
678 1110 835 1146 Ranulso
850 1110 894 1145 de
914 1110 1030 1146 Soulis
1049 1130 1056 1137 ·
1080 1109 1187 1145 Petro
1207 1110 1251 1146 de
1271 1109 1395 1145 Polloc
1415 1129 1423 1138 ·
1446 1110 1623 1159 Phillippo
1638 1112 1767 1148 <Dares-

270 1170 360 1205 callo
380 1189 389 1197 ·
414 1169 482 1205 He'
502 1169 708 1206 marescallo
724 1188 732 1197 ·
753 1168 864 1216 Apud
884 1168 992 1215 Elgin
1012 1187 1019 1196 ·

267 1342 501 1379 Confirmatio
522 1342 632 1390 Regis
652 1342 809 1378 Ricardo
829 1342 991 1391 episcopo
1010 1341 1055 1377 de
1073 1340 1276 1390 episcopatu
1295 1343 1458 1379 moravie
1478 1362 1486 1370 ·

266 1457 333 1491 ·W·
363 1458 433 1493 Dei
459 1458 573 1504 gratia
602 1458 682 1494 Rex
710 1458 915 1494 Scottorum
939 1477 947 1485 ·
971 1458 1139 1506 episcopis
1159 1477 1166 1485 -
1186 1457 1371 1493 abbatibus
1393 1478 1401 1486 ·
1425 1459 1614 1494 comitibus
1633 1478 1640 1486 ·
1661 1459 1761 1495 baro-

264 1515 366 1550 nibus
386 1535 393 1542 ·
407 1515 606 1563 justiciarijs
625 1535 633 1543 ·
652 1516 918 1552 vicecomitibus
937 1536 945 1544 ·
966 1514 1148 1564 prepositis
1168 1535 1176 1544 ·
1195 1515 1358 1553 ministris
1377 1536 1384 1544 ·
1405 1522 1440 1552 et
1459 1516 1624 1552 omnibus
1642 1517 1762 1565 probis

263 1573 463 1608 hominibus
487 1573 600 1608 tocius
624 1579 718 1609 terre
737 1574 794 1609 sue
819 1574 954 1609 clericis
976 1579 1012 1609 et
1035 1574 1132 1609 laicis
1150 1573 1298 1609 salutem
1334 1594 1342 1602 ·
1380 1575 1500 1610 Sciant
1525 1575 1703 1622 presentes
1725 1582 1760 1610 et

262 1631 373 1666 futuri
391 1643 447 1666 me
466 1629 661 1666 concelliffe
684 1637 719 1667 et
741 1632 805 1667 hac
824 1645 903 1667 mea
920 1637 1017 1667 carta
1035 1631 1255 1667 confirmasse
1276 1632 1434 1667 Ricardo
1454 1632 1525 1667 Dei
1543 1633 1658 1680 gratia
1669 1633 1760 1680 -epis-

262 1701 352 1736 copo
371 1688 531 1724 moravic
550 1688 787 1736 episcopatum
802 1690 962 1726 (Doravie
990 1710 998 1717 ·
1027 1703 1109 1725 cum
1128 1689 1293 1725 omnibus
1305 1689 1407 1738 justis
1423 1689 1652 1738 pertinencijs
1666 1690 1733 1725 suis
1749 1710 1756 1717 ·

261 1745 456 1781 tenendum
483 1744 542 1781 fibi
564 1746 613 1781 ita
636 1746 746 1782 libere
770 1753 805 1782 et
826 1748 944 1794 quiete
969 1753 1004 1783 et
1028 1747 1226 1783 honorifice
1250 1746 1337 1783 ficut
1363 1748 1488 1795 aliquis
1512 1748 1757 1796 episcoporum

260 1803 295 1837 in
320 1815 432 1850 regno
456 1815 536 1839 meo
562 1804 798 1852 episcopatum
823 1805 966 1840 liberius
988 1811 1024 1841 et
1047 1805 1205 1852 quiecius
1227 1811 1262 1841 et
1284 1805 1583 1841 honorificeneius
1604 1810 1704 1841 tenet
1722 1812 1757 1842 et

259 1859 416 1908 possidct,
447 1866 482 1896 et
512 1861 560 1896 ita
588 1861 745 1909 plenarie
776 1861 862 1898 ficut
891 1863 1016 1911 aliquis
1047 1863 1304 1899 antecefforum
1335 1864 1480 1899 suorum
1511 1863 1755 1912 episcoporum

258 1918 494 1966 episcopatum
526 1918 624 1953 illum
656 1919 794 1966 plenius
822 1921 937 1956 tenuit
973 1940 981 1948 ·
1019 1921 1187 1956 Preterea
1215 1919 1365 1957 conceffi
1394 1927 1430 1957 et
1459 1921 1541 1957 dedi
1570 1921 1614 1956 de
1642 1921 1755 1957 incre-

259 1980 380 2010 mento
417 1975 629 2023 episcopatui
664 1977 824 2013 moravie
850 1997 858 2005 ·
883 1983 918 2013 et
948 1979 1111 2026 predicto
1144 1978 1302 2015 Ricardo
1333 1979 1496 2027 episcopo
1527 1978 1690 2016 moravie
1719 1984 1756 2014 et

258 2032 504 2068 successoribus
518 2033 586 2068 suis
604 2034 773 2082 episcopis
788 2054 795 2062 ·
811 2048 876 2083 pro
893 2035 1002 2071 salute
1016 2037 1133 2072 anime
1151 2050 1230 2073 mee
1244 2042 1280 2073 et
1294 2038 1551 2073 anteeefforum
1565 2049 1729 2072 meorum
1745 2055 1753 2064 ι

257 2089 433 2125 ecclesiam
466 2090 509 2126 de
542 2090 648 2138 Elgin
679 2091 755 2139 post
786 2092 959 2128 decessum
992 2094 1138 2129 Ricardi
1169 2095 1214 2130 de
1243 2094 1431 2131 Prebenda
1461 2094 1581 2129 clerici
1612 2094 1683 2129 mei
1718 2099 1754 2129 et

258 2147 405 2183 Walteri
423 2147 541 2183 clerici
560 2148 712 2196 ejusdem
730 2149 876 2185 Ricardi
891 2169 899 2177 ·
915 2164 996 2185 cum
1012 2151 1147 2199 capella
1165 2152 1287 2188 Sanc'ti
1303 2151 1453 2188 Andree
1472 2157 1508 2187 et
1522 2164 1604 2187 cum
1618 2151 1755 2199 capella.

256 2205 300 2241 de
324 2205 485 2242 (Ounben
504 2224 512 2233 ·
532 2219 613 2241 cum
637 2206 801 2242 omnibus
825 2208 1049 2256 pertinentijs
1073 2209 1140 2244 suis
1159 2229 1167 2237 ·
1186 2210 1222 2245 in
1248 2209 1392 2258 capellis
1413 2214 1449 2245 et
1472 2209 1576 2245 terris
1595 2228 1604 2236 ·
1624 2214 1660 2244 et
1678 2221 1752 2243 om-

257 2262 359 2299 nibus
383 2263 527 2299 decimis
551 2269 587 2299 et
610 2262 805 2300 elemosinis
824 2270 859 2301 et
882 2266 1157 2302 rectitudinibus
1176 2266 1408 2304 ecclesiasticis
1427 2286 1435 2295 ·
1455 2272 1491 2303 et
1509 2264 1688 2303 ecclesiam
1707 2266 1752 2305 de
