1912 2660
312 65 386 102 456
786 65 966 102 CARTE
993 62 1336 102 ORIGINALES.

314 164 438 201 Polloc
456 165 598 201 tertiam
617 170 756 214 partem
774 165 819 200 de
836 165 963 200 halech
981 165 1026 200 de
1044 164 1269 200 Dundurcus
1292 168 1329 199 et
1351 163 1495 198 tertiam
1512 166 1652 211 partem
1669 162 1814 210 piscarie

312 221 468 271 ejusdem
486 222 613 259 halech
631 224 669 258 in
686 223 760 259 vita
778 222 876 258 Petri
900 228 935 258 et
961 221 1037 269 post
1063 222 1238 257 decess'um
1266 221 1342 269 ejus
1366 225 1481 256 totam
1504 220 1630 256 halech
1648 224 1684 256 et
1701 224 1814 256 totam

309 279 492 328 piscariam
506 300 514 309 ·
527 281 634 330 Juxta
647 287 810 317 tenorem
829 286 1008 316 cartarum
1026 293 1048 314 a
1064 278 1321 327 prenominatis
1339 277 1589 313 fundatoribus
1607 278 1657 313 eis
1675 278 1814 314 conces-

309 337 426 373 sarum
446 358 454 366 ·
474 338 524 374 eis
542 339 756 375 auctoritate
774 338 961 386 episcopali
982 337 1236 372 confirmamus
1265 341 1301 371 et
1326 335 1498 383 presentis
1524 335 1641 383 scripti
1661 336 1813 384 patroci-

308 395 370 431 nio
401 396 666 432 communimus
694 402 735 432 ut
762 396 805 431 ab
833 395 932 431 omni
960 394 1146 430 exactione
1174 392 1436 428 constituantur
1463 392 1641 429 immunes
1669 399 1743 429 tam
1773 394 1811 430 in

308 453 454 489 decimis
481 467 587 502 quam
616 455 654 489 in
681 453 758 502 alijs
779 453 887 500 juxta
917 452 1168 487 Romanorum
1199 450 1417 486 Pontificum
1444 451 1632 499 privilegia
1650 471 1658 479 ·
1687 451 1810 488 favore

306 511 443 547 ordinis
473 512 523 547 eis
554 512 657 560 super
687 512 741 546 his
771 509 1018 546 universaliter
1048 508 1191 543 indulto
1216 527 1225 536 ·
1267 508 1303 544 Si
1334 509 1412 555 quis
1443 508 1548 557 hujus
1578 507 1809 545 conceffionis

305 574 499 605 temerator
526 569 686 605 extiterit
712 567 997 616 indignationem
1022 565 1094 601 Dei
1120 579 1195 601 non
1219 565 1400 602 immerito
1427 566 1561 614 poterit
1586 567 1778 604 formidare
1797 587 1806 596 ·

305 626 380 669 Qui
407 632 528 663 autem
557 627 594 662 in
624 626 845 662 libertatibus
874 625 942 660 suis
970 623 1221 659 conservandis
1249 624 1299 659 eis
1326 623 1544 671 prestiterint
1566 625 1806 672 patrocinium

302 689 463 720 eternam
492 685 529 719 in
557 684 697 720 Christo
726 682 1054 719 remunerationem
1081 681 1324 729 promittimus
1343 701 1351 709 -
1382 681 1503 730 Hujus
1521 681 1752 718 concellionis
1770 689 1806 719 et

300 742 583 778 confirmationis
600 741 703 778 testes
721 741 802 776 funt
820 740 866 788 hij
888 739 945 774 ·T·
963 739 1250 775 Archidiaconus
1270 759 1278 767 ·
1308 739 1448 775 Bricius
1467 739 1524 774 W·
1546 740 1728 776 Robertus
1746 741 1805 777 de-

299 812 409 835 canus
423 820 431 828 ·
460 800 627 847 Rogerus
646 800 689 834 de
710 799 877 834 Innernis
893 817 900 825 ·
930 798 1065 845 Symon
1083 797 1233 832 clericus
1251 797 1295 833 de
1311 797 1442 833 Duffus
1457 817 1466 825 ·
1494 797 1708 834 Lambertus
1726 812 1805 847 per-

298 857 382 892 sona
396 858 440 893 de
452 857 563 893 Fores
577 877 585 884 ·
607 856 792 892 Abraham
808 856 851 891 de
867 855 1146 891 Lanemalbride
1159 875 1167 883 ·
1183 855 1365 891 Walterus
1376 875 1384 883 ·
1401 856 1570 904 Rogerus
1581 875 1590 883 ·
1605 857 1780 904 capellani
1793 877 1801 886 ·

299 914 412 962 Hugo
440 914 590 950 clericus
609 934 617 942 ·
646 913 703 948 W·
729 913 823 949 filius
850 912 1021 948 Fresekin
1040 932 1048 940 ·
1079 912 1192 960 Hugo
1217 913 1310 949 filius
1334 913 1409 962 ejus
1428 933 1436 941 ·
1467 913 1595 949 Petrus
1613 913 1656 949 de
1676 914 1801 951 Polloc

297 972 452 1008 michael
472 973 516 1008 de
535 971 703 1020 [Wemys
716 970 756 1016 Ρ]

293 1136 403 1172 Carta
421 1137 703 1174 confirmationis
724 1139 836 1186 Regis
855 1138 1057 1175 Alexandri
1078 1138 1130 1175 II.
1149 1143 1245 1175 terre
1264 1139 1309 1175 de
1328 1138 1478 1187 Burgyn
1497 1157 1505 1165 ·

248 1280 254 1291 .
291 1252 501 1290 Alexander
513 1254 585 1290 Dei
600 1255 716 1302 gratia
731 1255 812 1290 Rex
827 1255 1034 1291 Scottorum
1049 1255 1215 1291 omnibus
1228 1254 1349 1303 probis
1363 1254 1568 1290 hominibus
1578 1254 1689 1289 totius
1700 1258 1795 1290 terre

288 1311 346 1347 sue
365 1312 503 1348 clericis
522 1317 558 1348 et
575 1312 674 1348 laicis
693 1313 840 1349 salutem
861 1333 869 1341 ·
911 1313 1032 1349 Sciant
1050 1313 1229 1362 presentes
1247 1319 1284 1348 et
1301 1313 1414 1348 futuri
1432 1325 1489 1348 me
1508 1311 1638 1348 dediffe
1657 1317 1693 1347 et
1710 1325 1795 1348 con-

287 1367 413 1405 cessiffe
441 1376 477 1406 ct
503 1371 568 1406 hac
595 1376 693 1406 carta
719 1384 799 1406 mea
817 1371 1037 1407 confirmaffe
1056 1371 1140 1407 Deo
1158 1376 1194 1406 et
1211 1371 1314 1406 beate
1333 1371 1448 1407 marie
1476 1375 1511 1406 et
1538 1370 1722 1406 monachis
1749 1370 1793 1406 de

287 1426 417 1463 Kinlos
435 1428 566 1464 ibidem
586 1429 669 1464 Deo
684 1429 918 1465 servientibus
932 1435 969 1465 et
983 1429 1164 1465 servituris
1179 1434 1311 1464 terram
1327 1429 1371 1464 de
1387 1429 1537 1477 Burgyn
1552 1441 1658 1475 quam
1672 1441 1794 1464 comes

284 1484 498 1521 malcolmus
526 1487 570 1522 de
595 1486 656 1522 Fif
678 1493 713 1522 et
737 1487 962 1523 Gillebertus
983 1487 1256 1523 archidiaconus
1274 1487 1437 1524 moravie
1455 1492 1492 1522 et
1512 1485 1680 1521 Andreas
1696 1486 1790 1522 filius

282 1541 455 1578 Willelmi
474 1543 642 1580 Fresekin
670 1551 706 1580 et
729 1545 971 1581 Archibaldus
998 1545 1042 1581 de
1070 1545 1221 1581 Dufhus
1248 1550 1284 1581 et
1307 1544 1518 1580 Alexander
1545 1549 1581 1580 et
1607 1543 1788 1579 Henricus

280 1600 408 1636 fratres
426 1601 533 1649 Bricij
555 1603 706 1651 episcopi
726 1602 959 1640 moravienfis
981 1609 1017 1639 et
1040 1603 1096 1651 alij
1121 1603 1224 1651 probi
1247 1603 1410 1638 homines
1429 1602 1499 1638 mei
1517 1602 1646 1637 eisdem
1665 1615 1787 1637 mona-

279 1658 355 1693 chis
372 1672 437 1706 per
454 1665 661 1707 preceptum
681 1674 801 1696 meum
820 1661 1163 1709 perambulaverunt
1181 1666 1217 1696 et
1235 1674 1299 1709 per
1317 1660 1454 1696 easdem
1474 1659 1599 1696 divisas
1618 1672 1680 1707 per
1698 1672 1786 1706 quas

279 1715 408 1751 eisdem
438 1718 620 1753 monachis
649 1724 780 1754 terram
810 1719 907 1754 illam
937 1719 1191 1755 tradiderunt·
1223 1718 1355 1754 scilieet
1381 1731 1402 1753 a
1428 1730 1558 1765 magna
1585 1730 1719 1764 quercu
1747 1717 1783 1752 in

277 1773 436 1809 malevin
461 1788 565 1822 quam
590 1777 773 1823 predictus
798 1790 917 1813 comes
936 1777 1150 1814 malcolmus
1168 1777 1284 1825 primo
1302 1776 1386 1812 fecit
1404 1789 1509 1812 cruce
1528 1774 1655 1823 fignari
1675 1775 1782 1822 usque

276 1831 321 1866 ad
342 1831 449 1867 Rune
468 1832 653 1868 Pictorum
679 1840 714 1869 et
741 1835 824 1870 inde
851 1835 960 1882 usque
987 1835 1031 1870 ad
1057 1833 1393 1870 Tubernacrumkel
1420 1839 1456 1869 et
1483 1833 1565 1868 inde
1590 1846 1654 1881 per
1675 1831 1780 1868 ficum

275 1889 383 1936 usque
405 1890 449 1925 ad
469 1889 715 1926 Tubernasein
743 1898 778 1927 et
804 1893 888 1928 inde
911 1893 1019 1940 usque
1041 1893 1086 1928 ad
1107 1892 1365 1928 Runetwethel
1384 1897 1420 1927 et
1438 1891 1522 1926 inde
1540 1903 1604 1939 per
1622 1890 1780 1926 rivulum

273 1947 334 1993 qui
352 1947 463 1982 currit
483 1960 547 1995 per
566 1947 745 1984 maresiam
768 1950 877 1997 usque
902 1951 947 1985 ad
966 1951 1098 1986 vadum
1121 1950 1219 1998 quod
1242 1950 1373 1985 dicitur
1393 1948 1588 1985 Blakeford
1612 1948 1709 1995 quod
1732 1947 1780 1983 est

271 2005 366 2040 inter
385 2005 537 2054 Burgyn
559 2011 595 2042 et
614 2006 729 2041 Ulern
749 2027 757 2034 ·
790 2007 1002 2043 Tenendam
1030 2009 1067 2043 in
1095 2021 1222 2056 puram
1251 2013 1288 2043 et
1315 2013 1525 2056 perpetuam
1552 2004 1778 2042 elemosinam

270 2075 334 2110 per
351 2063 531 2111 predictas
550 2063 675 2098 divisas
694 2070 729 2099 et
748 2078 830 2099 cum
845 2065 1011 2101 omnibus
1023 2065 1126 2113 justis
1139 2065 1370 2114 pertinencijs
1384 2065 1451 2100 suis
1465 2065 1514 2100 ita
1528 2064 1640 2099 libere
1658 2063 1777 2111 quiete

270 2121 429 2168 plenarie
447 2127 482 2158 et
500 2121 700 2158 honorifice
718 2120 806 2158 ficut
823 2123 909 2158 alias
933 2129 1046 2159 terras
1071 2124 1147 2159 suas
1175 2129 1299 2160 tenent
1324 2123 1368 2159 de
1396 2123 1492 2159 dono
1520 2121 1774 2158 antecessorum
