2060 2660
231 550 234 553 “
264 546 334 578 120

358 165 427 198 182
745 162 1061 201 REGISTRUM
1089 161 1458 199 MORAVIENSE.

360 317 579 366 Compositio
608 319 703 355 inter
732 318 919 355 Andream
951 319 1151 368 episcopum
1183 324 1218 354 et
1250 318 1450 353 VValterum
1482 316 1526 351 de
1558 316 1722 353 moravia
1748 316 1861 352 filium

361 375 531 423 Hugonis
566 377 610 413 de
644 377 810 414 moravia
845 396 853 405 ·
889 377 993 425 super
1026 376 1167 412 usuario
1202 375 1358 410 nemoris
1394 379 1430 409 et
1464 386 1564 409 more
1595 373 1640 409 de
1672 373 1793 422 Spyny
1824 380 1859 410 et

360 433 530 482 Fynrofl'y
553 453 561 462 ·

361 548 541 584 Noverint
559 562 683 584 omnes
700 549 768 584 hoc
786 548 951 596 scriptum
971 547 1077 582 visuri
1096 546 1153 582 vel
1177 545 1335 581 audituri
1359 545 1455 592 quod
1475 558 1556 581 cum
1577 546 1660 582 effet
1678 546 1863 582 contentio

360 606 455 641 inter
482 606 667 642 Andream
700 606 899 654 episcopum
928 603 1187 641 moraviensem
1221 616 1266 638 ex
1292 607 1393 650 parte
1424 616 1497 638 una
1525 609 1561 639 et
1592 603 1790 640 Walterum
1818 604 1862 639 de

362 664 525 700 moravia
542 663 654 698 filium
673 663 853 710 quondam
872 662 1008 697 domini
1024 661 1193 708 Hugonis
1208 660 1252 695 de
1266 660 1430 696 moravia
1442 680 1450 688 ·
1463 660 1566 709 super
1582 661 1724 697 usuario
1742 675 1863 698 nemo-

362 721 408 755 ris
435 727 470 756 et
497 734 596 756 more
624 722 668 756 de
692 721 812 768 Spyny
831 726 866 755 et
884 719 1054 768 Fynross'y
1072 719 1168 765 quod
1196 718 1381 765 predictus
1399 718 1579 754 W'alterus
1604 719 1742 755 dicebat
1766 725 1862 756 ante-

362 778 508 814 cess'ores
527 779 605 813 suos
623 779 666 813 ab
684 778 830 825 antiquo
849 777 1036 825 optinuisse
1055 795 1063 803 ·
1088 782 1123 811 et
1149 776 1241 823 patri
1270 775 1331 810 suo
1357 789 1378 810 a
1404 775 1497 811 bone
1521 777 1693 812 memorie
1715 777 1862 813 domino

364 835 483 871 Bricio
509 836 689 883 quondam
718 833 931 872 moraviensi
956 833 1119 881 episcopo
1142 839 1178 868 et
1201 832 1391 868 heredibus
1408 833 1477 868 suis
1495 834 1693 870 conceffum
1713 840 1749 870 et
1766 841 1863 871 carta

362 893 421 928 sua
447 893 696 928 confirmatum
724 892 892 927 afferebat
919 911 928 919 ·
956 891 1140 926 reddendo
1164 891 1310 926 nomine
1329 891 1584 938 recognitionis
1601 890 1744 939 singulis
1761 893 1863 928 annis

362 951 543 986 dimidiam
562 956 698 998 petram
718 962 797 985 cere
817 968 825 977 ·
845 949 894 984 ita
911 949 1081 984 convenit
1098 949 1193 984 inter
1211 961 1272 984 eos
1290 948 1524 984 amicabiliter
1540 968 1549 977 ·
1564 949 1709 985 volente
1727 955 1763 985 et
1781 963 1863 985 con-

361 1008 532 1043 sentiente
551 1007 706 1056 capitulo
725 1005 954 1043 moraviensis
973 1004 1115 1041 ecclefie
1135 1025 1144 1034 ·
1167 1005 1297 1041 scilicet
1315 1006 1412 1053 quod
1429 1006 1612 1054 predictus
1631 1006 1811 1043 VValterus
1828 1013 1864 1044 et

361 1065 509 1100 heredes
527 1065 575 1100 sui
596 1065 775 1100 habebunt
797 1064 834 1099 in
857 1069 1070 1112 perpetuum
1093 1062 1154 1098 fibi
1178 1069 1214 1099 et
1237 1063 1407 1099 salinariis
1430 1064 1610 1100 usuarium
1633 1065 1785 1112 predicti
1804 1079 1863 1101 ne-

362 1126 470 1158 moris
496 1129 531 1158 et
558 1136 656 1157 inore
684 1135 728 1157 ex
751 1127 851 1170 parte
878 1121 1092 1157 occidentali
1109 1122 1166 1157 vie
1188 1121 1377 1170 superioris
1395 1134 1464 1169 que
1481 1122 1581 1158 venit
1598 1122 1643 1157 de
1661 1122 1801 1159 castello
1819 1124 1863 1159 de

362 1180 492 1215 Duffus
514 1180 620 1226 usque
643 1180 688 1215 ad
713 1179 919 1215 Lenenford
945 1180 999 1227 [le
1023 1180 1208 1227 neuford
1220 1178 1261 1224 52³]
1288 1179 1349 1214 sub
1376 1179 1442 1215 hac
1468 1179 1583 1215 forma
1609 1199 1618 1207 ·
1646 1180 1742 1227 quod
1764 1194 1863 1216 mora

361 1242 508 1272 utentur
526 1237 695 1272 fodiendo
723 1256 731 1264 ·
760 1250 803 1272 ex
822 1243 922 1285 parte
940 1250 1027 1273 vero
1046 1237 1212 1272 orientali
1231 1237 1327 1273 dicte
1345 1237 1402 1273 vie
1420 1243 1590 1273 neutrum
1609 1237 1740 1273 facient
1759 1258 1767 1266 ·
1786 1252 1863 1286 pre-

362 1294 479 1329 dictus
505 1308 591 1329 vero
620 1294 799 1330 Walterus
825 1301 861 1330 et
887 1295 1036 1331 heredes
1063 1295 1114 1330 sui
1140 1294 1284 1343 fingulis
1309 1295 1412 1330 annis
1437 1308 1503 1343 pro
1529 1295 1699 1343 predictis
1726 1296 1862 1332 solvent

361 1352 527 1400 episcopis
546 1350 825 1388 moraviensibus
849 1365 958 1388 unam
986 1366 1141 1388 marcam
1165 1352 1416 1401 sterlingorum
1443 1352 1610 1401 legalium
1638 1354 1783 1389 nomine
1810 1367 1863 1390 re-

361 1410 574 1456 cognitionis
604 1410 649 1445 ad
678 1410 910 1446 Pentecosten
938 1424 1004 1459 pro
1032 1411 1131 1447 omni
1158 1411 1299 1447 servitio
1326 1417 1362 1447 et
1388 1411 1576 1447 exactione
1607 1411 1651 1446 ad
1681 1412 1862 1459 predictos

364 1467 555 1515 Episcopos
582 1468 783 1515 pertinente
803 1487 811 1496 ·
846 1468 890 1504 In
916 1469 1046 1504 horum
1073 1475 1192 1505 autem
1220 1469 1364 1504 firmum
1391 1474 1426 1504 et
1452 1468 1685 1505 indubitabile
1711 1469 1862 1505 testimo-

362 1525 459 1559 nium
485 1525 534 1559 illi
557 1526 647 1573 parti
675 1525 779 1574 liujus
805 1526 976 1574 scripture
1000 1528 1038 1562 in
1062 1527 1210 1562 modum
1236 1527 1449 1575 cyrographi
1475 1526 1640 1562 confecte
1664 1540 1733 1574 que
1755 1540 1863 1575 penes

363 1580 537 1617 ecclesiam
571 1584 828 1619 moraviensem
859 1584 977 1620 extitit
1004 1584 1161 1634 appofita
1191 1585 1271 1620 sunt
1301 1583 1412 1632 figilla
1441 1583 1592 1620 Abbatis
1620 1585 1664 1620 de
1695 1584 1834 1633 Kynlos
1853 1604 1860 1612 ·

366 1638 498 1674 Prioris
526 1640 569 1675 de
597 1640 761 1676 Urchard
791 1661 799 1669 ·
829 1655 902 1677 una
928 1656 1009 1678 cum
1037 1641 1149 1690 figillo
1178 1643 1331 1691 predicti
1359 1642 1508 1678 Walteri
1537 1661 1546 1670 ·
1579 1648 1615 1678 et
1644 1642 1792 1678 Walteri
1818 1643 1862 1678 de

364 1697 527 1732 moravia
544 1697 605 1731 filii
624 1698 804 1744 quondam
824 1699 996 1735 willelmi
1016 1701 1059 1736 de
1078 1701 1243 1738 moravia
1261 1720 1269 1728 ·
1299 1701 1342 1736 Ei
1368 1713 1455 1736 vero
1478 1700 1570 1748 parti
1597 1713 1701 1747 quam
1728 1700 1862 1748 recepit

364 1754 545 1801 predictus
573 1754 752 1791 Walterus
777 1758 928 1805 appensa
957 1758 1036 1794 sunt
1066 1757 1177 1807 sigilla
1204 1758 1357 1806 predicti
1387 1757 1550 1806 Episcopi
1577 1763 1613 1793 et
1639 1757 1783 1805 capituli
1811 1757 1862 1793 sui

364 1824 444 1845 cum
468 1811 776 1859 subscriptionibus
800 1816 1055 1851 canonicorum
1075 1836 1083 1844 ·
1112 1816 1275 1852 Testibus
1294 1815 1476 1851 Willelmo
1499 1815 1634 1851 decano
1662 1815 1706 1850 de
1728 1815 1862 1851 Strath-

365 1868 486 1915 bolgin
511 1888 519 1896 ·
549 1869 710 1906 Roberto
733 1871 868 1907 decano
893 1873 937 1908 de
963 1874 1140 1922 lnuernys
1167 1894 1176 1902 ·
1210 1874 1392 1922 Gregorio
1419 1873 1555 1909 decano
1582 1873 1626 1908 de
1654 1872 1833 1921 Strathspe
1852 1892 1860 1900 ·

367 1925 560 1974 Radulpho
587 1928 770 1975 capellano
798 1930 932 1965 domini
961 1931 1123 1980 Episcopi
1142 1952 1150 1960 ·
1180 1932 1392 1968 Alexandro
1414 1931 1624 1967 vicecomite
1647 1931 1691 1966 de
1714 1930 1833 1979 Elgyn
1852 1949 1860 1958 ·

368 1982 528 2018 Heni-ico
548 1984 591 2019 de
611 1985 750 2033 Duglas
767 1986 876 2024 fratre
895 1987 969 2036 ejus
992 2008 1000 2017 ·
1030 1989 1232 2038 Augustino
1252 1990 1296 2025 de
1316 1989 1434 2038 Elgyn
1453 2008 1462 2017 ·
1482 1989 1643 2024 VValtero
1662 1989 1706 2024 de
1726 1988 1832 2037 Ineys
1851 2007 1859 2016 ·

368 2040 528 2076 Robcrto
550 2041 637 2077 Hod
664 2061 672 2069 ·
706 2042 886 2080 Willelmo
905 2045 1072 2094 lVysman
1102 2067 1110 2075 ·
1144 2048 1295 2083 Andrea
1314 2047 1481 2095 Wysman
1511 2066 1519 2075 ·
1552 2046 1733 2082 Willelmo
1752 2046 1860 2082 fratre

366 2098 502 2133 domini
527 2099 673 2134 Ricardi
697 2101 846 2149 episcopi
879 2121 887 2130 ·
916 2102 1075 2140 VValtero
1101 2106 1144 2141 de
1166 2105 1347 2141 Salleltok’
1377 2125 1385 2133 ·
1419 2104 1648 2140 Archebaldo
1672 2103 1716 2138 de
1736 2103 1860 2139 Inuer-

366 2155 456 2190 loch'
477 2175 484 2183 ·
513 2156 668 2202 Symone
686 2163 722 2193 et
741 2158 891 2195 Andrea
909 2160 1043 2197 clericis
1058 2163 1193 2198 domini
1210 2163 1373 2212 Episcopi
1386 2182 1394 2191 ·
1410 2168 1445 2199 et
1459 2162 1535 2198 aliis
1552 2174 1658 2209 quam
1676 2160 1836 2209 pluribus
1851 2180 1859 2188 ·

369 2211 506 2248 Actum
524 2227 619 2250 anno
637 2215 750 2263 gratie
770 2219 1003 2254 ·‹n⁰·cc⁰·xxvi·
1024 2233 1069 2255 ·x·
1089 2221 1146 2256 die
1165 2220 1336 2257 octobris
1355 2240 1364 2249 ·
