1912 2660
188 1129 372 1166 Conceffio
390 1129 459 1167 five
477 1136 574 1167 carta
593 1131 703 1178 Regis
722 1130 843 1168 David
864 1131 958 1167 facta
976 1131 1158 1167 monachis
1176 1132 1220 1168 de
1239 1131 1404 1168 Urchard
1417 1149 1427 1160 ·

87 1262 159 1294 254⁴
187 1244 308 1281 David
328 1246 408 1281 Rex
428 1246 631 1282 Scottorum
651 1246 818 1294 episcopis
837 1265 845 1274 ·
866 1246 1048 1282 abbatibus
1067 1265 1075 1274 ·
1100 1246 1291 1282 baronibus
1309 1265 1318 1274 ·
1336 1245 1534 1294 justiciariis
1553 1264 1561 1272 -
1586 1246 1676 1281 vice—

187 1303 375 1338 comitibus
393 1308 430 1338 et
447 1303 610 1339 omnibus
631 1304 834 1339 hominibus
852 1304 961 1339 totius
979 1309 1073 1339 terre
1090 1304 1149 1339 sue
1168 1304 1312 1339 Francis
1331 1303 1494 1351 Anglicis
1511 1308 1547 1338 et
1564 1303 1677 1339 Scotis

186 1361 332 1396 salutem
352 1379 360 1388 ·
390 1360 509 1396 Sciant
535 1366 608 1396 tam
632 1361 759 1409 posteri
786 1374 891 1409 quam
915 1361 1092 1409 presentes
1114 1374 1170 1396 me
1192 1361 1237 1396 ad
1261 1362 1387 1397 domus
1408 1360 1482 1396 Dei
1504 1361 1677 1396 dilatatio-

187 1431 268 1453 nem
297 1423 332 1453 et
358 1418 403 1453 ad
429 1418 548 1454 sancte
574 1419 757 1466 religionis
782 1419 1075 1466 propagationem
1100 1418 1228 1454 dediffe
1254 1423 1290 1454 et
1316 1416 1510 1454 conceffiffe
1532 1418 1615 1454 Deo
1642 1423 1678 1454 et

186 1474 328 1510 ecclefie
353 1475 483 1511 Sancte
502 1476 690 1511 Trinitatis
713 1476 756 1511 de
778 1475 982 1523 Urqwhard
1008 1481 1043 1511 et
1068 1476 1134 1511 hac
1152 1489 1231 1511 mea
1248 1481 1345 1511 carta
1362 1475 1479 1511 Priori
1503 1480 1539 1510 et
1564 1475 1678 1510 fratri-

188 1532 252 1567 bus
270 1533 401 1568 ibidem
420 1533 502 1568 Deo
520 1533 751 1569 servientibus
768 1533 986 1569 confirmafl'e
1000 1533 1204 1580 Urqwhard
1221 1546 1285 1581 per
1302 1533 1378 1568 suas
1395 1533 1511 1568 rectas
1529 1532 1653 1567 divisas
1667 1551 1675 1559 ·

188 1595 224 1625 et
243 1590 330 1625 duas
349 1590 496 1625 Finfans
513 1603 577 1638 per
594 1590 670 1626 suas
688 1596 802 1627 rectas
821 1590 946 1626 divisas
961 1609 969 1618 ·
989 1595 1025 1626 et
1037 1590 1222 1626 Fochober
1235 1603 1298 1638 per
1312 1590 1387 1626 suas
1401 1590 1517 1625 metas
1531 1589 1656 1625 divisas
1668 1609 1676 1616 ·

187 1652 223 1682 et
240 1647 530 1683 communionem
556 1648 722 1695 pascuum
746 1647 956 1683 animalibus
974 1667 983 1675 ·
1011 1653 1047 1683 et
1072 1661 1181 1683 unam
1205 1647 1386 1695 piscariam
1405 1647 1443 1682 in
1461 1647 1529 1695 Spe
1549 1666 1557 1674 ·
1580 1652 1616 1682 et
1641 1647 1678 1681 in

187 1704 290 1739 firma
315 1704 420 1751 burgi
447 1705 491 1740 de
516 1705 634 1752 Elgyn
663 1719 732 1740 ·xx·
758 1705 887 1740 solidos
906 1724 915 1733 ·
942 1710 978 1740 et
1004 1705 1047 1740 de
1074 1705 1239 1740 dominiis
1255 1704 1457 1740 hominibus
1475 1717 1600 1739 eorum
1618 1704 1679 1751 qui

186 1761 266 1796 sunt
283 1761 321 1796 in
334 1761 520 1797 Fochober
534 1762 788 1798 rectitudinem
802 1762 900 1810 piscis
918 1775 986 1809 que
1004 1762 1048 1797 ad
1066 1762 1237 1810 thaynum
1256 1762 1411 1810 pertinet
1425 1781 1433 1789 ·
1453 1767 1489 1797 et
1506 1761 1678 1797 decimam

187 1818 266 1854 cani
296 1818 340 1853 de
372 1818 558 1866 Ergaithel
577 1838 585 1847 ·
615 1819 659 1854 de
687 1820 813 1856 mures
831 1839 839 1847 ·
869 1825 904 1855 et
929 1819 1141 1867 placitorum
1161 1838 1169 1847 ·
1201 1824 1237 1855 et
1267 1819 1376 1854 totius
1405 1819 1495 1855 lucri
1525 1818 1678 1866 ejusdem

187 1875 373 1922 Ergaithel
392 1895 400 1903 ·
430 1876 598 1912 Preterea
623 1877 782 1913 concedo
807 1882 842 1912 et
866 1877 931 1912 hac
953 1889 1033 1912 mea
1049 1881 1146 1912 carta
1163 1876 1336 1912 confirmo
1355 1876 1585 1912 donationem
1605 1876 1678 1911 Ab-

187 1932 276 1968 batis
299 1938 335 1968 et
357 1933 466 1968 totius
485 1939 682 1969 conventus
700 1934 744 1970 de
763 1934 1037 1969 Dunfermeline
1064 1934 1192 1969 scilicet
1211 1934 1369 1970 Pethnec
1385 1934 1491 1982 juxta
1509 1934 1598 1969 Erin
1616 1947 1678 1982 per

187 1989 263 2025 suas
288 1991 404 2025 rectas
428 1991 551 2026 divisas
571 2010 579 2018 ·
604 1996 640 2027 et
664 1991 832 2039 scalingas
859 1992 902 2026 de
929 1991 1196 2027 Fathenechten
1210 2010 1219 2019 ·
1238 1996 1274 2026 et
1297 2004 1421 2027 omnes
1446 1992 1678 2027 reetitudines

188 2060 273 2094 quas
295 2048 461 2083 monachi
484 2048 528 2084 de
551 2048 836 2097 Dunfermelyne
863 2049 899 2083 in
923 2048 1082 2085 murrefe
1107 2048 1237 2084 habere
1263 2048 1421 2084 solebant
1459 2068 1468 2077 ·
1507 2063 1592 2096 quas
1615 2049 1678 2084 tali

188 2104 392 2140 conditione
406 2104 546 2141 ecclefie
559 2106 602 2141 de
615 2106 834 2153 Urqwharde
847 2111 882 2141 et
893 2105 1059 2141 fratribus
1073 2105 1204 2141 ibidem
1216 2106 1299 2141 Deo
1311 2106 1540 2142 servientibus
1551 2106 1678 2142 liberas

189 2166 224 2196 et
237 2162 371 2208 quietas
389 2162 433 2198 ab
451 2163 549 2198 omni
568 2164 755 2199 exactione
775 2177 853 2199 mea
871 2162 1090 2199 concesfione
1108 2168 1144 2198 et
1162 2163 1432 2199 confirmatione
1450 2164 1650 2199 concedunt
1669 2183 1677 2190 ·

188 2223 229 2253 ut
255 2218 409 2255 obeunte
435 2220 583 2268 persona
613 2221 681 2256 alia
710 2221 753 2256 de
782 2221 959 2257 electione
982 2221 1132 2257 fratrum
1159 2226 1195 2257 et
1223 2221 1266 2257 de
1295 2219 1438 2257 eonfilio
1463 2220 1613 2256 Abbatis
1634 2221 1678 2256 de

901 2282 923 2313 Q
942 2290 964 2313 T
