2066 2780
581 142 896 178 REGISTRUM
926 142 1285 179 MORAVIENSE.
1631 146 1674 178 41

186 241 423 279 cathedralem
442 259 450 267 ·
473 240 533 275 Ad
552 240 726 275 honorem
744 240 854 287 igitur
877 245 913 275 et
936 240 1172 275 reverentiam
1196 240 1327 276 Sancte
1345 246 1381 275 et
1399 241 1580 277 individue
1599 241 1679 276 Tri-

185 299 304 335 nitatis
338 303 374 333 et
407 296 646 345 gloriofiflime
678 297 750 332 Dei
783 297 973 344 genetricis
1008 297 1213 344 semperque
1243 297 1391 344 virginis
1421 299 1534 333 marie
1565 304 1600 334 et
1634 299 1678 334 ad

184 356 294 392 divini
312 355 429 390 cultus
443 354 708 403 ampliationem
742 374 750 382 -
779 360 820 390 ut
837 354 875 389 in
892 354 1055 402 prediGta
1072 354 1265 389 cathedrali
1283 353 1425 389 ecclefia
1442 355 1600 390 divinum
1619 356 1678 391 ob-

182 412 339 461 sequium
368 412 533 447 omnibus
561 412 780 460 temporibus
804 412 923 447 divine
945 411 1114 463 majestati
1136 411 1385 460 acceptabilius
1411 412 1592 447 decentius
1617 414 1678 448 ho-

182 469 311 506 nestius
337 475 372 505 et
397 469 597 517 regularius
623 470 750 517 absque
777 469 921 505 defectu
948 469 1147 504 celebretur
1176 488 1184 496 ·
1215 470 1300 504 octo
1325 469 1491 504 canonias
1514 469 1592 517 sepe
1610 483 1679 505 me-

182 532 318 563 morate
340 527 535 563 cathedrali
561 526 703 563 ecclefie
722 527 853 563 80ηὸὶο
872 526 1060 562 Trinitatis
1079 526 1122 561 de
1142 526 1262 574 Spyny
1279 526 1317 561 in
1334 526 1482 562 liberam
1500 540 1625 574 puram
1644 533 1679 563 et

180 590 388 633 perpetuam
416 584 644 620 elemosinam
671 583 918 632 aflignavimus
944 603 952 612 ·
979 597 1065 631 quas
1083 584 1250 619 canonias
1269 597 1350 619 cum
1369 584 1533 619 omnibus
1556 585 1601 619 ad
1623 598 1679 620 eas

175 642 267 691 juste
280 643 542 691 pertinentibus
559 643 609 678 ita
626 642 768 690 prorsus
786 642 913 677 liberas
930 641 1113 676 statuimus
1127 646 1163 676 et
1175 641 1352 677 immunes
1366 641 1403 676 in
1417 642 1581 677 omnibus
1594 641 1680 678 ficut

180 700 331 735 canonie
358 699 501 748 majoris
528 698 668 736 ecclefie
695 700 906 735 cathedralis
929 697 1186 734 Lincolnienfis
1208 698 1318 734 libere
1340 699 1406 734 effe
1429 699 1623 735 noscuntur
1645 706 1679 735 et

181 758 357 793 immunes
393 777 401 786 ·
433 758 524 793 Sunt
538 763 659 793 autem
677 757 737 793 iste
756 758 906 793 canonie
943 776 951 784 ·
985 757 1105 792 Prima
1123 757 1273 792 canonia
1292 756 1495 792 Decanatui
1512 756 1680 805 aflignata

181 814 323 851 ecclefia
340 816 383 851 de
403 815 503 863 Eryn
529 829 611 851 cum
637 815 772 863 capella
790 816 834 850 de
854 815 1098 850 Inuernarren
1127 820 1163 850 et
1189 827 1271 850 cum
1298 814 1462 849 omnibus
1484 815 1559 850 aliis
1579 815 1679 864 justis

180 873 403 921 pertinentiis
427 873 495 908 suis
524 893 531 900 ·
566 873 731 909 Secunda
757 873 908 908 canonia
926 872 1095 908 Cantarie
1119 871 1288 920 aflignata
1305 871 1447 908 ecclefia
1465 873 1508 908 de
1527 872 1680 908 Lamna„

181 930 280 966 bride
298 943 380 966 cum
397 943 470 966 una
489 931 648 967 dauacha
665 936 760 966 terre
783 936 818 966 et
843 929 986 966 ecclefia
1008 930 1052 966 de
1072 929 1211 978 Aluays
1235 934 1270 965 et
1293 928 1437 966 ecclefia
1457 930 1501 965 de
1522 930 1680 966 Rothefd

181 999 262 1023 cum
285 988 449 1023 omnibus
469 988 570 1037 justis
597 989 792 1024 earundem
818 988 1044 1036 pertinentiis
1076 1007 1083 1015 ·
1114 988 1241 1023 Tertia
1271 988 1422 1023 canonia
1446 988 1679 1025 Thesaurarie

180 1043 349 1092 aflignata
372 1045 513 1082 ecclefia
540 1047 583 1082 de
614 1046 813 1082 Kennedor
839 1052 875 1082 et
903 1044 1045 1082 ecclefia
1073 1046 1117 1081 de
1146 1045 1254 1094 Eskyl
1284 1059 1366 1081 cum
1393 1046 1557 1082 omnibus
1579 1046 1680 1096 justis

181 1103 375 1138 earundem
401 1104 626 1151 pertinentiis
653 1124 662 1132 -
690 1105 831 1146 Quarta
854 1104 1006 1139 canonia
1025 1103 1247 1139 Cancellarie
1271 1102 1440 1151 aflignata
1463 1104 1680 1141 Fortherues

181 1173 244 1208 per
262 1160 338 1196 suas
357 1161 473 1196 τθὸὶειε
491 1161 616 1197 divisas
643 1167 679 1197 et
705 1175 786 1196 cum
811 1161 976 1197 omnibus
996 1160 1098 1209 justis
1115 1161 1339 1209 pertinentiis
1362 1161 1430 1197 suis
1461 1181 1470 1189 ·
1499 1161 1680 1210 Lythenes

181 1230 245 1265 per
270 1218 347 1253 suas
374 1219 490 1254 rectas
518 1218 641 1254 divisas
663 1232 744 1254 cum
771 1218 936 1254 omnibus
956 1217 1058 1266 justis
1088 1218 1312 1266 pertinentiis
1335 1218 1404 1254 suis
1425 1224 1460 1254 et
1486 1219 1619 1268 Lunyn
1646 1226 1681 1255 et

183 1275 356 1323 Duldauy
373 1289 437 1324 per
454 1276 531 1311 suas
549 1277 665 1312 rectas
683 1276 808 1312 divisas
826 1289 907 1311 cum
927 1276 1092 1311 omnibus
1106 1275 1208 1324 justis
1221 1276 1444 1324 pertinentiis
1458 1276 1525 1312 suis
1552 1296 1560 1305 ·
1587 1277 1681 1313 salva

181 1338 311 1368 tenura
329 1333 501 1369 Willelmi
525 1334 588 1368 filii
606 1333 778 1369 Willelmi
804 1333 868 1368 filii
895 1333 1077 1382 Freikyny
1103 1338 1139 1368 et
1166 1333 1340 1369 heredum
1366 1334 1511 1369 suorum
1538 1334 1575 1369 in
1603 1348 1681 1382 pre-

182 1390 287 1426 dietis
306 1391 408 1426 terris
426 1391 556 1427 scilicet
575 1391 709 1440 Lunyn
727 1397 762 1427 et
781 1391 955 1439 Duldauy
974 1410 982 1418 ·
1008 1391 1095 1426 item
1112 1396 1209 1426 terra
1226 1391 1270 1427 de
1285 1391 1415 1439 Logyn
1427 1391 1533 1440 juxta
1551 1392 1681 1428 Duffus

182 1461 245 1496 per
264 1448 339 1484 suas
357 1449 473 1484 rectas
493 1449 617 1484 divisas
635 1462 717 1485 cum
735 1449 836 1497 justis
861 1449 1087 1497 pertinentiis
1113 1448 1181 1484 suis
1207 1467 1216 1476 ·
1246 1448 1339 1484 salva
1364 1454 1492 1484 tenura
1511 1449 1680 1497 Hugonis

182 1505 246 1540 filii
264 1506 435 1541 Willelmi
453 1507 516 1541 filii
536 1506 717 1555 Freskyny
731 1512 767 1542 et
785 1506 958 1542 heredum
971 1506 1113 1541 suorum
1133 1506 1170 1541 in
1184 1511 1397 1554 perpetuum
1417 1524 1426 1534 ·
1446 1511 1482 1542 et
1498 1506 1592 1542 salva
1608 1520 1681 1543 una

182 1568 283 1610 petra
308 1576 388 1599 cere
415 1577 484 1611 que
512 1565 555 1599 de
582 1564 745 1612 predicta
770 1569 867 1599 terra
892 1564 1079 1599 annuatim
1097 1563 1245 1598 solvitur
1262 1577 1367 1611 quam
1389 1569 1563 1612 perpetuo
1584 1563 1682 1612 affig-

183 1621 346 1655 navimus
373 1622 418 1656 ad
444 1621 634 1656 luminaria
661 1621 877 1657 invenienda
906 1621 952 1656 ad
982 1621 1115 1656 missam
1146 1621 1190 1656 de
1220 1621 1374 1668 gloriosa
1408 1621 1465 1656 dei
1499 1622 1680 1669 genetrice

185 1678 391 1725 semperque
419 1679 559 1726 virgine
590 1679 704 1716 <Uaria
738 1678 857 1714 festive
893 1677 1037 1726 singulis
1073 1677 1196 1714 diebus
1227 1678 1266 1713 in
1300 1678 1379 1726 sepe
1415 1679 1512 1714 diffisa
1542 1678 1682 1715 ecclefia

185 1735 315 1771 Sancte
334 1736 522 1771 Trinitatis
542 1737 585 1772 de
606 1737 726 1785 Spyny
745 1736 1003 1772 decantandam
1032 1754 1041 1763 ·
1073 1735 1213 1778 Quinta
1230 1736 1381 1771 canonia
1399 1735 1541 1772 ecclefia
1559 1737 1681 1773 Sancti

185 1792 281 1828 Petri
301 1793 344 1829 de
364 1794 582 1830 Strathouen
607 1807 689 1829 cum
716 1794 858 1842 capellis
885 1794 952 1829 suis
979 1798 1015 1829 et
1039 1806 1113 1829 una
1139 1793 1299 1829 dauacha
1325 1799 1420 1829 terre
1443 1799 1479 1830 et
1499 1807 1581 1830 cum
1605 1795 1681 1830 aliis

179 1850 279 1898 justis
296 1852 521 1899 pertinentiis
539 1852 607 1887 suis
626 1871 634 1880 ·
654 1857 690 1887 et
708 1850 849 1887 ecclefia
867 1852 911 1887 de
931 1851 1127 1886 Hurchard
1144 1851 1241 1886 ultra
1259 1851 1436 1900 Inuernys
1460 1865 1542 1887 cum
1568 1853 1681 1887 omni-

184 1907 249 1943 bus
260 1908 361 1956 justis
378 1910 602 1957 pertinentiis
620 1910 687 1954 suis
723 1929 731 1937 ·
765 1910 872 1946 Sexta
889 1909 1041 1945 canonia
1058 1909 1102 1944 de
1121 1908 1152 1944 F
1153 1922 1256 1957 orays
1274 1914 1310 1944 et
1328 1908 1470 1945 ecclefia
1488 1910 1532 1945 de
1551 1909 1681 1958 Logyn

185 1965 392 2013 Fythenach
410 1980 491 2002 cum
510 1967 675 2002 omnibus
687 1966 788 2015 justis
806 1980 928 2002 earum
946 1966 1171 2015 pertinentiis
1197 1985 1205 1994 ·
1230 1967 1323 2002 hanc
1348 1972 1468 2003 autem
1494 1968 1680 2003 canoniam

184 2023 487 2060 archidiaconatui
505 2024 624 2060 nostro
642 2023 889 2072 affignavimus
912 2024 950 2059 in
973 2029 1186 2072 perpetuum
1214 2044 1222 2052 ·
1248 2024 1440 2061 statuentes
1466 2030 1508 2061 ut
1535 2025 1682 2072 quicun-

184 2093 252 2127 que
278 2082 547 2118 archidiaconus
575 2082 683 2118 fuerit
713 2082 774 2129 qui
799 2082 997 2130 predictam
1022 2080 1201 2118 ecclefiam
1226 2082 1421 2130 optinuerit
1444 2101 1454 2110 ·
1477 2083 1521 2118 de
1539 2082 1681 2118 tuendis

184 2141 221 2173 et
245 2139 494 2175 conservandis
516 2139 737 2175 libertatibus
756 2145 792 2175 et
808 2139 1090 2175 immunitatibus
1112 2138 1254 2176 ecclefie
1273 2140 1404 2176 sanese
1424 2140 1610 2176 Trinitatis
1636 2140 1679 2175 de

186 2193 305 2243 Spyny
318 2201 354 2232 et
368 2197 513 2245 capituli
525 2197 681 2245 ejusdem
695 2195 837 2233 ecclefie
851 2197 1036 2245 corporale
1054 2202 1220 2233 teneatur
1233 2197 1387 2246 prestare
1401 2198 1657 2233 sacramentum
1670 2217 1678 2224 ·

185 2252 280 2298 quod
298 2251 322 2287 fi
338 2253 452 2290 subire
470 2254 683 2291 recusaverit
697 2259 734 2291 et
750 2254 893 2303 prestito
911 2255 1090 2291 contraire
1110 2255 1357 2304 presumpserit
1373 2274 1384 2307 ⁸,
1400 2255 1476 2303 post
1493 2254 1679 2290 sec-undam

928 2324 949 2347 F
