1980 2758
113 415 156 453 17

101 1760 151 1821 '18

583 141 689 177 REG
696 141 897 177 ISTRUM
925 139 1083 176 MORA
1090 141 1142 176 VI
1147 140 1286 176 ENSE.
1636 145 1682 177 13

193 297 251 332 De
269 296 412 332 decimis
430 296 635 332 reddituum
655 296 765 344 Regis
784 315 792 323 ·

193 410 261 444 ·W·
291 410 363 446 Dei
389 410 504 458 gratia
532 410 613 446 Rex
642 410 846 446 Scottorum
872 409 1039 457 episcopis
1057 428 1065 436 ·
1085 408 1268 444 abbatibus
1283 427 1291 435 ·
1311 408 1498 444 comitibus
1517 428 1525 436 ·
1544 408 1683 444 baroni-

191 467 255 503 bus
274 486 282 495 ·
295 467 495 516 justiciariis
510 487 519 495 ·
537 467 804 503 vicecomitibus
822 486 831 494 ·
845 465 1027 515 prepositis
1042 485 1050 494 ·
1065 465 1226 503 ministris
1241 485 1249 493 ·
1264 470 1301 501 et
1314 465 1478 500 omnibus
1491 465 1610 513 probis
1621 466 1683 500 ho-

190 524 343 560 minibus
360 525 475 560 tocius
491 529 586 560 terre
604 525 663 560 sue
681 524 816 560 clericis
834 529 870 559 et
886 523 983 559 laicis
996 523 1143 559 salutem
1162 542 1170 551 ·
1191 523 1311 559 Sciant
1324 522 1501 571 presentes
1519 528 1554 557 et
1572 522 1683 557 futuri

191 595 248 618 me
260 582 388 617 dediffe
402 587 437 617 et
451 581 646 618 conceflifl'e
665 587 701 617 et
717 582 783 617 hac
797 586 895 617 carta
912 594 992 616 mea
1008 581 1227 616 confirmafl'e
1242 580 1325 616 Deo
1344 584 1380 616 et
1397 578 1538 615 ecclefie
1553 579 1683 615 Sancte

191 639 378 674 Trinitatis
391 639 435 674 de
449 639 649 687 episcopatu
667 637 880 676 (Doravienfi
898 643 934 674 et
952 638 1110 674 Ricardo
1128 638 1290 686 episcopo
1304 642 1339 673 et
1352 637 1599 673 successoribus
1616 636 1684 672 suis

190 697 228 731 in
238 696 384 732 liberam
399 701 435 732 et
448 702 655 744 perpetuam
671 694 895 732 elemofinam
910 715 918 723 ·
933 708 999 744 pro
1011 695 1194 731 animabus
1205 694 1460 730 antecefforum
1474 707 1636 729 meorum
1649 699 1684 729 et

190 766 256 801 pro
274 753 384 789 salute
402 754 518 789 anime
536 766 615 789 mee
634 773 642 781 ·
662 754 835 789 decimam
854 766 969 788 meam
988 753 1032 789 de
1050 752 1246 788 redditibus
1264 752 1351 787 meis
1369 752 1414 787 de
1433 752 1597 788 (Doreuia
1615 770 1623 779 ·
1648 756 1684 786 et

191 811 235 846 de
252 810 389 858 placitis
400 811 486 846 meis
500 824 564 858 per
576 816 693 846 totum
706 811 942 859 episcopatum
956 810 1118 847 moravie
1137 829 1145 838 ·
1165 810 1209 845 de
1222 809 1419 845 redditibus
1433 808 1520 844 meis
1534 828 1542 836 ·
1555 808 1684 844 scilicet

190 868 234 903 de
249 880 338 903 cano
352 880 432 903 meo
446 887 453 896 ·
474 868 517 904 de
531 868 646 904 vaccis
661 873 696 904 et
709 868 826 916 porcis
840 887 849 895 ·
869 873 904 903 et
922 868 966 903 de
979 868 1160 903 frumento
1175 872 1210 902 et
1223 867 1343 902 braseo
1357 886 1365 895 ·
1385 871 1419 902 et
1432 866 1613 914 prebenda
1625 885 1633 893 ·
1649 871 1685 901 et

190 926 234 961 de
257 925 355 961 caseo
379 931 414 960 et
438 925 481 961 de
504 925 623 961 butiro
645 926 742 973 quod
762 925 994 961 antecessores
1012 925 1082 960 mei
1099 938 1174 960 non
1201 925 1378 960 dederunt
1402 937 1469 960 nec
1495 922 1684 971 aflignave-

189 987 275 1018 runt
296 982 341 1017 ad
359 982 443 1018 alias
462 981 619 1018 ecclefias
646 1002 654 1010 ·
684 983 806 1025 Quare
824 982 974 1018 firmiter
991 982 1148 1030 precipio
1170 981 1308 1018 ballivis
1326 981 1412 1017 meis
1431 981 1474 1017 de
1493 981 1656 1017 moravia
1674 1000 1682 1007 ·

190 1045 231 1075 ut
248 1038 310 1087 ipfi
326 1038 397 1075 fine
416 1039 668 1076 disturbatione
686 1040 816 1075 faciant
832 1040 988 1075 Ricardo
1003 1039 1164 1087 episcopo
1180 1044 1215 1075 et
1228 1039 1476 1074 succefl'oribus
1490 1039 1557 1074 suis
1570 1037 1684 1086 fingu-

189 1097 231 1132 lis
245 1097 345 1132 annis
359 1097 516 1145 plenarie
534 1102 570 1133 et
587 1098 726 1145 integre
743 1097 873 1133 habere
891 1097 1088 1145 predictam
1104 1097 1277 1132 decimam
1296 1097 1340 1132 de
1357 1096 1554 1132 redditibus
1568 1096 1655 1132 meis
1674 1115 1682 1123 ·

188 1152 257 1189 five
271 1154 431 1190 redditus
448 1155 518 1190 mei
535 1155 573 1189 in
587 1155 740 1190 denariis
753 1155 950 1190 reddantur
967 1153 1036 1190 five
1050 1154 1119 1189 alio
1138 1154 1246 1189 modo
1260 1167 1324 1202 per
1340 1158 1588 1201 quamcunque
1605 1167 1683 1202 per-

190 1211 423 1247 mutationem
452 1230 460 1239 ·
489 1211 650 1247 Testibus
669 1211 850 1247 W'illelmo
869 1211 985 1247 electo
1013 1210 1222 1259 Glasguenfi
1247 1211 1459 1246 cancellario
1485 1224 1566 1246 meo
1590 1230 1598 1239 ·
1620 1212 1681 1248 Jo-

188 1268 306 1304 hanne
325 1269 441 1304 electo
460 1269 504 1304 de
528 1268 703 1304 Aberdon
721 1288 730 1296 ·
751 1268 913 1304 Henrico
931 1268 1056 1304 abbate
1075 1269 1119 1303 de
1139 1268 1401 1303 Aberbrodoch
1428 1287 1436 1295 ·
1457 1268 1614 1304 Ricardo
1637 1269 1681 1304 de

191 1325 377 1361 Prebenda
394 1326 523 1361 clerico
542 1339 623 1361 meo
643 1345 651 1354 ·
671 1326 802 1361 comite
820 1325 1022 1361 Dunecano
1035 1325 1229 1373 justiciario
1249 1344 1257 1353 ·
1277 1325 1407 1360 comite
1426 1324 1556 1361 Gilleb’
1576 1345 1584 1353 ·
1601 1326 1682 1361 Phi-

188 1382 285 1430 lippo
304 1383 347 1418 de
365 1383 528 1418 Valoniis
556 1402 564 1411 ·
585 1383 767 1419 Willelmo
787 1382 920 1419 Cumin
939 1402 947 1410 ·
970 1382 1149 1418 Willelmo
1169 1383 1212 1418 de
1233 1381 1329 1418 Haia
1354 1401 1363 1410 ·
1391 1382 1583 1419 malcolmo
1605 1384 1679 1420 filio

189 1439 327 1475 comitis
345 1440 515 1475 Duncani
535 1459 542 1468 ·
559 1439 681 1476 Alano
699 1440 774 1475 filio
794 1440 965 1475 Rollandi
984 1459 991 1467 ·
1012 1440 1194 1476 Willelmo
1213 1439 1383 1487 Gigfarth
1410 1459 1418 1467 ·
1435 1439 1616 1476 Willelmo
1635 1442 1679 1477 de

188 1496 351 1532 Vallibus
379 1516 387 1524 ·
414 1497 527 1545 Apud
546 1497 672 1533 Forfar
691 1498 797 1533 ·xxvi·
818 1497 874 1533 die
893 1497 1103 1533 Decembris
1125 1516 1133 1524 ·

188 1667 299 1704 Carta
317 1667 361 1703 (16
380 1667 580 1716 episcopatu
598 1668 693 1704 facta
712 1668 831 1705 Bricio
850 1669 1010 1717 episcopo
1024 1688 1031 1696 ·

188 1780 257 1816 -w-
276 1780 348 1817 Dei
368 1781 483 1829 gratia
502 1782 583 1817 Rex
601 1781 807 1818 Scottorum
825 1783 993 1832 episcopis
1011 1802 1019 1810 ·
1038 1782 1222 1818 abbatibus
1253 1801 1262 1810 ·
1289 1782 1478 1818 comitibus
1504 1802 1513 1810 ·
1538 1782 1677 1819 baroni-

185 1837 250 1874 bus
272 1857 280 1866 ·
297 1838 498 1887 justiciariis
517 1858 525 1867 ·
545 1839 810 1875 vicecomitibus
833 1859 841 1868 ·
868 1838 1049 1889 prepofitis
1073 1859 1082 1867 ·
1106 1839 1267 1877 ministris
1290 1859 1298 1868 ·
1324 1845 1360 1876 et
1377 1840 1541 1875 omnibus
1558 1841 1678 1889 probis

184 1895 386 1931 hominibus
407 1896 521 1932 tocius
545 1901 640 1932 terre
664 1896 723 1932 sue
749 1902 822 1932 tam
846 1898 981 1934 clericis
1007 1910 1112 1945 quam
1138 1897 1235 1932 laicis
1259 1897 1407 1933 salutem
1433 1916 1442 1925 ·
1462 1897 1583 1934 Sciant
1599 1912 1677 1947 pre—

184 1952 296 1988 sentes
324 1958 360 1988 et
385 1953 498 1988 futuri
525 1966 582 1989 me
610 1952 807 1990 conceffiffe
831 1960 867 1990 et
887 1955 953 1990 hac
979 1954 1132 2003 presenti
1155 1959 1252 1990 carta
1275 1968 1355 1991 mea
1380 1954 1674 1993 confirmaffe·B·

185 2009 345 2058 episcopo
364 2010 525 2047 moravie
539 2011 777 2059 episcopatum
792 2012 1050 2048 moraviensem
1068 2024 1150 2047 cum
1168 2011 1332 2047 omnibus
1339 2011 1440 2060 justis
1453 2013 1676 2060 pertinentiis

183 2065 250 2102 suis
277 2084 286 2095 ·
313 2066 530 2103 Tenendum
551 2066 611 2103 fibi
628 2068 678 2103 ita
694 2068 804 2104 libere
822 2074 858 2105 et
875 2069 993 2117 quiete
1011 2074 1046 2105 et
1062 2069 1260 2105 honorifice
1285 2068 1372 2106 ficut
1397 2069 1522 2117 aliquis
1548 2070 1675 2118 episco-

182 2135 312 2170 porum
335 2136 498 2160 meorum
523 2125 562 2160 in
586 2138 699 2173 regno
725 2138 805 2161 meo
832 2126 1070 2175 episcopatum
1095 2126 1197 2162 suum
1226 2126 1371 2163 liberius
1397 2132 1433 2163 et
1459 2127 1615 2175 quiecius
1639 2134 1674 2163 et

183 2179 479 2217 honorificencius
502 2186 602 2218 tenet
619 2187 655 2218 et
671 2181 820 2230 poffidet
837 2202 845 2211 ·
865 2188 901 2219 et
917 2184 967 2219 ita
983 2183 1141 2232 plenarie
1164 2182 1250 2220 ficut
1273 2184 1397 2232 aliquis
1417 2184 1671 2220 antecessorum

182 2235 324 2273 suorum
342 2238 586 2287 episcoporum
604 2240 765 2277 moravie
783 2240 1021 2290 episcopatum
1045 2241 1147 2277 iHum
1169 2241 1309 2290 plenius
1325 2241 1442 2278 tenuit
1468 2261 1476 2270 ·
1504 2241 1672 2278 Preterea
