1912 2660
77 474 148 508 302

570 145 884 182 REGISTRUM
912 145 1270 183 MORAVIENSE.
1586 155 1658 194 879

177 247 238 295 qui
256 246 392 282 delator
410 243 546 280 domini
564 243 615 279 sui
633 244 750 279 extitit
773 249 808 280 et
830 243 993 278 dominus
1011 256 1119 290 grave
1137 243 1356 292 dispendium
1374 246 1530 283 sustinuit
1551 267 1559 276 ·
1582 254 1617 284 et
1634 248 1658 283 sl

176 303 344 351 cognovit
361 302 546 338 dominum
563 301 737 337 inclusum
755 306 791 337 et
807 313 883 336 non
899 300 1062 336 liberavit
1081 320 1088 328 ·

176 473 332 516 Quidam
357 472 506 508 heredes
532 485 657 508 eorum
682 472 720 507 in
746 485 834 520 quos
854 472 1020 507 alienatio
1039 476 1215 507 terrarum
1234 470 1535 508 ecclesiasticarum
1553 474 1658 510 fiebat

174 530 323 565 mortuis
345 530 504 578 patribus
529 535 657 578 petunt
682 528 742 564 fibi
764 530 883 565 literas
909 529 1041 576 capelle
1064 528 1228 576 Episcopi
1245 528 1289 564 de
1307 528 1528 576 inquisitione
1553 531 1631 566 fieri
1650 551 1657 559 ·

175 592 211 623 et
226 586 270 623 fic
288 587 334 622 ad
351 587 428 623 illas
445 592 558 623 terras
572 587 604 623 se
618 587 757 622 admitti
772 606 780 615 ·
800 600 846 622 an
859 586 1027 622 audiendi
1040 584 1106 621 fint
1120 605 1128 613 ·
1148 585 1205 621 vel
1219 585 1369 632 qualiter
1386 585 1426 622 fit
1444 587 1492 622 eis
1510 586 1659 624 resisten-

176 644 260 680 dum
279 645 316 679 in
334 644 413 680 casu
431 657 502 691 quo
520 644 566 680 ad
579 644 825 679 cancellariam
840 643 975 679 domini
988 642 1096 677 nostri
1111 642 1222 690 Regis
1235 643 1399 678 venerint
1417 663 1425 671 ·
1452 644 1539 679 Non
1557 646 1661 681 detur

174 700 349 749 inquisitio
370 714 434 749 per
452 701 665 749 Episcopum
691 706 727 737 et
747 701 947 736 indorsetur
973 700 1080 735 breve
1100 699 1210 747 Regis
1229 718 1236 727 ·
1264 699 1308 735 fic
1331 713 1405 735 non
1423 701 1527 736 detur
1544 701 1662 739 saifina

175 758 258 806 quia.
281 759 399 794 dictus
418 758 611 806 Episcopus
637 758 766 794 clamat
788 758 821 794 se
845 759 882 793 in
909 758 1005 793 dicta
1030 762 1126 792 terra
1148 756 1310 793 vestitum
1337 763 1372 793 et
1397 756 1530 793 sefitum
1554 765 1595 795 ut
1617 760 1661 796 de

175 816 258 851 dote
283 814 424 851 ecclefie
442 821 478 851 et
495 817 532 851 in
550 829 676 864 puram
694 814 917 851 elemosinam
936 834 945 843 ·
973 820 1008 850 et
1028 814 1220 850 secundum
1238 814 1364 850 statuta
1383 815 1493 863 Regis
1512 817 1662 853 Roberti

174 872 290 908 ultimi
304 873 424 908 nullus
439 873 544 909 debet
557 873 623 909 eici
641 873 685 909 de
702 873 820 920 aliqua
836 878 932 909 terra
949 873 993 908 de
1011 885 1081 919 qua
1098 872 1225 908 clamat
1243 872 1276 908 se
1294 871 1456 908 vestitum
1474 878 1510 908 et
1527 872 1662 910 sefitum

174 928 244 966 fine
262 930 362 966 brevi
379 930 570 978 placitabili
584 949 593 958 ·

176 1042 372 1079 Falsificans
384 1044 561 1092 judicium
579 1044 684 1079 debet
701 1044 862 1079 invenire
880 1043 1036 1090 plegium
1054 1043 1091 1077 in
1109 1054 1218 1077 manu
1236 1042 1464 1078 Vicecomitis
1488 1045 1546 1080 vel
1569 1047 1659 1083 <Dari

175 1102 226 1137 sui
244 1121 253 1129 ·
281 1107 316 1137 et
341 1102 379 1137 in
405 1115 513 1137 manu
531 1101 719 1138 Justiciarii
746 1102 791 1136 ad
818 1114 924 1147 quem
950 1100 1146 1148 appellatur
1164 1099 1221 1134 vel
1238 1099 1384 1135 ministri
1407 1100 1458 1135 sui
1476 1120 1484 1129 ·
1504 1107 1540 1137 et
1558 1103 1662 1140 debet

176 1159 293 1194 dicere
312 1178 320 1186 ·
342 1159 519 1207 judicium
537 1158 586 1195 est
602 1159 735 1194 malum
754 1163 789 1194 et
806 1158 929 1193 falsum
956 1157 1077 1192 datum
1104 1161 1229 1192 contra
1249 1169 1306 1192 me
1331 1157 1369 1192 in
1386 1157 1448 1192 tali
1466 1158 1545 1195 loco
1564 1166 1600 1196 et
1617 1162 1661 1197 de

175 1215 238 1251 tali
255 1216 357 1251 causa
371 1236 379 1244 ·

177 1331 315 1367 Contra
326 1330 503 1378 judicium
521 1328 635 1377 potest
652 1329 721 1364 dici
739 1348 748 1357 ·
767 1328 863 1376 quod
880 1327 940 1363 ille
957 1328 1017 1374 qui
1035 1327 1150 1363 tenuit
1168 1327 1301 1363 curiam
1319 1333 1354 1363 et
1371 1328 1458 1363 sedit
1470 1341 1536 1376 pro
1553 1331 1663 1367 tribu-

176 1388 249 1424 nali
271 1401 347 1423 non
364 1387 487 1422 habuit
504 1386 734 1422 sufficientem
746 1385 1030 1434 jurisdictionem
1056 1385 1099 1420 de
1127 1398 1196 1431 qua
1221 1384 1354 1420 constet
1379 1386 1461 1432 quia
1486 1386 1570 1422 alias
1595 1388 1662 1424 fuit

176 1450 363 1481 revocatus
381 1450 417 1480 et
434 1444 523 1479 alius
540 1444 578 1479 in
595 1444 714 1479 locum
737 1444 837 1479 suum
855 1442 1061 1490 subrogatus
1080 1461 1088 1469 ·
1111 1442 1169 1477 vel
1191 1442 1258 1477 fuit
1275 1447 1361 1477 tunc
1379 1442 1505 1490 majori
1523 1457 1662 1481 excom-

176 1502 418 1538 municatione
435 1501 627 1537 innodatus
646 1520 654 1529 ·
674 1506 709 1536 et
726 1501 829 1536 aliter
846 1500 916 1548 ipse
934 1512 1009 1535 non
1026 1499 1093 1534 fuit
1110 1512 1220 1547 capax
1231 1499 1487 1546 jurisdictionis
1505 1519 1514 1528 ·

178 1559 270 1594 Item
297 1559 394 1606 quod
420 1559 479 1594 ille
505 1558 566 1606 qui
591 1558 741 1606 protulit
759 1558 816 1593 seu
835 1557 996 1593 recitavit
1014 1557 1220 1591 sententiam
1239 1569 1313 1591 non
1331 1556 1380 1591 est
1401 1557 1509 1592 homo
1532 1557 1662 1606 integri

176 1615 282 1651 status
300 1616 382 1663 quia
399 1616 586 1651 convictus
603 1615 660 1651 vel
678 1615 850 1650 confeffus
868 1615 912 1650 de
930 1614 1026 1649 furto
1045 1632 1053 1640 ·
1072 1613 1277 1661 redemptus
1293 1613 1351 1649 vel
1367 1613 1470 1649 aliter
1487 1614 1637 1651 famosus
1652 1634 1661 1644 ·

176 1673 312 1708 nullam
330 1673 461 1708 habens
479 1672 685 1720 potestatem
703 1672 748 1707 ad
765 1672 856 1707 tales
869 1670 1058 1707 sententias
1075 1670 1273 1706 recitandas
1291 1689 1300 1697 ·

178 1730 272 1766 Item
302 1730 399 1777 quod
427 1729 586 1766 membra
612 1730 709 1765 curie
736 1742 811 1765 non
837 1734 938 1765 erant
962 1728 1168 1764 sufficientia
1193 1727 1239 1762 ad
1265 1727 1529 1762 terminandum
1554 1728 1660 1765 talem

177 1787 314 1822 causam
333 1806 341 1815 ·

178 1843 272 1880 Item
286 1844 383 1892 quod
400 1844 565 1879 dominus
579 1843 771 1891 Episcopus
787 1856 862 1878 non
878 1843 946 1878 fuit
963 1842 1090 1878 citatus
1106 1841 1263 1889 legitime
1280 1841 1326 1877 ad
1343 1841 1606 1889 procedendum
1623 1843 1660 1878 in

177 1901 278 1938 causa
295 1914 362 1937 nec
379 1901 424 1936 ad
441 1901 659 1936 audiendum
677 1900 884 1936 sententiam
902 1900 964 1935 illo
983 1899 1039 1935 die
1053 1918 1062 1927 ·

178 1958 271 1995 Item
289 1958 461 1994 sententia
477 1971 552 1993 non
569 1958 637 1994 fuit
653 1957 725 1994 lata
741 1958 779 1993 in
795 1957 929 2005 scriptis
947 1976 955 1984 ·

177 2072 332 2110 Videtur
354 2073 441 2109 mihi
464 2073 560 2120 quod
578 2085 660 2108 cum
678 2072 722 2107 de
741 2071 965 2107 ordinatione
982 2070 1196 2106 arbitrorum
1214 2073 1331 2117 partes
1349 2068 1542 2105 debuiffent
1559 2070 1659 2118 scrip-

176 2129 246 2167 fifl'e
263 2131 501 2167 communiter
527 2130 673 2166 domino
699 2128 817 2164 nostro
839 2129 932 2176 Regi
957 2141 1022 2176 pro
1042 2127 1222 2176 judicibus
1247 2126 1308 2162 sub
1329 2131 1426 2162 certa
1442 2126 1556 2162 forma
1573 2127 1659 2162 obti-

177 2188 302 2223 nendis
331 2188 424 2223 infra
453 2192 588 2223 certum
621 2192 761 2235 tempus
780 2205 788 2214 ·
817 2190 854 2221 et
878 2185 1049 2221 alterutra
1073 2198 1154 2233 pars
1178 2184 1379 2220 voluntarie
1405 2183 1524 2219 absens
1549 2184 1659 2219 altera

177 2244 351 2282 nesciente
380 2251 416 2282 et
442 2250 561 2293 preter
583 2243 687 2293 ipfius
707 2243 875 2280 affensum
901 2243 1008 2291 longe
1034 2242 1209 2290 prefixum
1235 2241 1427 2278 terminum
1452 2241 1495 2276 ab
1520 2240 1658 2277 arbitris
