1912 2660
241 119 313 155 <298
635 115 953 153 REGISTRUM
982 115 1352 152 MORAVIENSE.

243 216 286 250 de
306 215 425 263 Elgyn
444 234 452 244 ·
472 216 532 263 qui
551 216 695 263 quidem
714 215 918 264 capellanus
937 215 1096 250 habitum
1123 214 1280 262 portabit
1302 214 1338 248 in
1362 212 1504 248 ecelefia
1528 218 1564 248 et
1588 213 1754 249 omnibus

242 273 339 308 horis
366 273 495 309 divinis
520 279 591 309 tam
620 274 809 309 no&urnis
831 287 936 320 quam
956 273 1093 308 diurnis
1119 271 1204 307 ficut
1224 271 1398 319 capellani
1417 271 1455 306 in
1474 269 1618 306 ecclefia
1635 271 1751 319 primo

242 331 379 367 fundati
404 331 585 368 tenebitur
607 331 769 367 interess'e
797 350 805 359 ·
836 331 928 366 Item
957 330 1085 365 ordino
1112 335 1148 364 et
1175 327 1309 375 affigno
1337 328 1427 363 duos
1452 328 1581 364 solidos
1608 334 1643 365 et
1668 329 1752 365 06ὶο

243 389 408 425 denarios
434 390 544 425 annui
571 389 733 425 redditus
768 388 985 424 thesaurarie
1022 386 1169 434 singulis
1204 386 1307 421 annis
1338 386 1525 422 solvendos
1561 400 1627 435 pro
1661 400 1753 435 pane

242 447 327 482 vino
348 454 385 483 et
403 460 485 483 cera
504 448 642 496 prefato
661 446 846 495 capellano
865 444 1103 480 ministrandis
1131 462 1139 471 ·
1168 443 1216 478 Et
1235 443 1319 479 volo
1338 444 1434 491 quod
1453 445 1618 492 predielm
1637 445 1753 493 capel-

242 505 326 540 lano
345 505 495 541 cedente
513 505 570 540 vel
590 505 785 540 decedente
804 502 894 538 alius
913 501 1117 549 capellanus
1135 514 1199 549 per
1217 501 1413 548 capitulum
1440 508 1575 549 quanto
1602 503 1752 539 celerius

243 563 320 599 fieri
338 562 451 611 potest
475 563 556 599 loco
581 562 655 611 ejus
673 561 884 608 subrogetur
904 578 912 587 ·
940 572 986 594 ne
1005 558 1123 594 anime
1141 558 1343 607 supradi&e
1369 559 1431 595 diu
1456 565 1601 596 careant
1625 560 1752 596 debitis

244 620 447 656 orationum
466 620 636 668 suffragiis
655 638 663 647 ·
685 619 777 654 Item
804 617 933 653 ordino
958 622 994 652 et
1018 614 1151 664 affigno
1171 616 1294 652 decem
1314 616 1443 653 solidos
1461 618 1573 653 annui
1591 618 1752 654 redditus

243 692 316 714 una
334 692 414 714 cum
439 678 516 714 aliis
534 678 657 714 decem
676 677 793 712 solidis
817 676 898 711 alibi
924 673 1102 722 aflignatis
1128 673 1387 711 distribuendos
1405 674 1550 723 fingulis
1573 676 1676 712 annis
1694 676 1751 712 die

243 736 473 772 anniversarii
498 736 567 772 mei
591 735 678 771 ficut
701 735 742 770 fit
761 733 958 770 distributio
982 732 1019 767 in
1043 732 1284 769 anniversario
1312 733 1467 782 magistri
1494 734 1671 771 Johannis
1707 735 1751 770 de

244 794 426 843 Spaldyng
445 814 453 822 ·
476 794 565 829 Item
587 794 715 829 ordino
730 798 766 828 et
778 790 911 839 asligno
927 791 1051 826 decem
1066 790 1196 826 solidos
1214 791 1326 827 annui
1340 792 1477 828 reditus
1491 791 1749 828 distribuendos

242 850 386 900 singulis
404 852 505 887 annis
529 852 586 887 die
604 850 834 886 anniversarii
858 848 995 884 domini
1016 849 1166 885 Andree
1186 849 1230 885 de
1252 850 1415 886 moravia
1433 850 1528 886 inter
1546 850 1748 898 capellanos

243 916 278 946 et
296 910 445 946 vicarios
460 910 519 957 qui
538 909 663 945 officiis
681 908 913 956 exequiarum
929 907 1070 943 suarum
1089 920 1170 943 cum
1185 913 1271 943 nota
1285 907 1507 944 celebrandis
1518 908 1750 956 personaliter

242 968 491 1003 interfuerint·
518 967 716 1002 absentibus
743 972 779 1002 et
806 979 879 1000 non
906 964 1112 1014 tempestive
1135 966 1362 1002 venientibus
1388 966 1548 1002 totaliter
1574 965 1720 1002 exclusis
1740 987 1747 994 ·

243 1025 333 1061 Item
354 1026 484 1061 ordino
503 1025 547 1060 ad
566 1025 741 1060 luminare
761 1024 890 1060 Sancte
911 1023 1038 1059 Crucis
1057 1023 1148 1059 duos
1167 1024 1296 1060 solidos
1309 1044 1317 1052 ·
1337 1029 1373 1060 et
1387 1024 1433 1059 ad
1451 1024 1627 1060 luminare
1646 1024 1748 1060 beate

241 1083 354 1119 marie
374 1083 534 1131 Virginis
552 1083 642 1118 duos
660 1083 788 1118 solidos
806 1081 1057 1129 sterlingorum
1080 1080 1226 1129 fingulis
1252 1083 1355 1118 annis
1382 1082 1419 1117 in
1445 1088 1660 1131 perpetuum
1685 1083 1748 1119 sol-

240 1141 375 1175 vendos
388 1161 396 1168 ·
417 1141 464 1176 ita
478 1141 573 1188 quod
586 1139 728 1176 ecclesia
741 1145 777 1176 et
791 1140 969 1176 dictorum
981 1139 1212 1176 luminarium
1227 1140 1388 1177 custodes
1399 1146 1591 1176 teneantur
1605 1140 1748 1189 singulis

240 1198 341 1232 annis
365 1199 422 1234 die
445 1198 675 1234 anniversarii
698 1198 850 1246 predicti
878 1197 1015 1233 domini
1034 1198 1182 1234 Andree
1206 1199 1350 1246 quando
1376 1198 1492 1234 officia
1516 1199 1746 1246 exequiarum

240 1255 380 1291 suarum
408 1256 634 1292 celebrantur
657 1261 812 1303 quatuor
843 1269 965 1292 cereos
993 1256 1160 1291 ardentes
1188 1256 1283 1293 circa
1309 1256 1490 1292 tumulum
1518 1256 1618 1292 suum
1647 1258 1747 1293 mini-

240 1313 346 1349 strare
372 1333 380 1342 ·
416 1314 683 1350 conservatores
726 1319 845 1350 autem
884 1314 1055 1363 presentis
1093 1315 1330 1351 ordinationis
1372 1328 1450 1351 mee
1490 1315 1746 1361 omnipotentis

242 1372 312 1407 Dei
339 1372 453 1420 gratia
479 1371 593 1408 visitet
612 1377 647 1408 et
672 1378 838 1421 protegat
866 1392 873 1400 ·
912 1372 1107 1408 violatores
1138 1386 1225 1409 vero
1247 1372 1388 1422 justicia
1405 1372 1528 1408 divina
1554 1373 1744 1421 percellat·

244 1430 364 1465 Amen
384 1450 392 1458 ·
415 1431 459 1466 In
478 1430 580 1479 cujus
598 1431 649 1466 rei
668 1430 911 1466 testimonium
931 1429 1084 1478 sigillum
1103 1444 1222 1467 meum
1242 1444 1315 1467 una
1333 1444 1414 1467 cum
1432 1429 1545 1478 figillo
1564 1433 1745 1467 communi

242 1488 389 1536 capituli
410 1488 631 1536 presentibus
650 1488 698 1524 est
716 1488 909 1537 appensum
938 1508 946 1517 ·
974 1489 1113 1524 Datum
1132 1490 1227 1538 apud
1247 1489 1436 1525 canoniam
1455 1488 1500 1524 de
1513 1487 1631 1537 Elgyn
1650 1503 1745 1525 anno

244 1545 393 1580 Domini
414 1559 533 1583 «ιη-σεο
547 1566 555 1574 ·
576 1545 868 1595 quinquagesimo
887 1547 1004 1596 primo
1022 1546 1188 1584 vicefimo
1207 1548 1265 1584 die
1287 1545 1413 1583 mensis
1432 1545 1570 1594 Aprilis
1589 1566 1597 1574 ·

244 1719 422 1754 Fundatio
440 1719 547 1754 unius
566 1720 738 1768 capellani
759 1721 860 1769 super
878 1721 983 1757 terris
1003 1721 1047 1757 de
1068 1721 1332 1757 Aberbrandali
1352 1741 1360 1749 ·

244 1833 425 1870 Univerfis
444 1834 562 1870 fauete
586 1836 708 1871 matris
727 1835 868 1872 ecclesie
895 1837 978 1886 filijs
1003 1838 1048 1873 ad
1072 1851 1161 1885 quos
1188 1838 1367 1886 presentes
1391 1838 1493 1874 litere
1517 1840 1747 1887 pervenerint

244 1891 406 1927 Ysabella
426 1892 609 1940 Runulplii
638 1894 808 1930 comitiss'a
835 1896 999 1932 OEoravie
1032 1896 1178 1931 salutem
1206 1896 1243 1931 in
1280 1896 1441 1932 Domino
1470 1896 1716 1945 sempiternam
1737 1917 1745 1924 ·

243 1949 397 1985 Noverit
414 1949 621 1986 universitas
640 1951 752 1986 vestra
774 1965 839 1987 nos
865 1953 921 2000 pie
945 1953 1148 1989 devotionis
1171 1954 1301 1990 affe6tu
1328 1960 1364 1990 et
1390 1960 1476 1990 voto
1494 1955 1643 2003 provide
1662 1955 1747 1991 deli-

244 2007 438 2043 berationis
463 2008 507 2043 ad
527 2008 702 2044 honorem
725 2009 798 2045 Dei
817 2016 852 2045 et
872 2011 984 2046 divini
1003 2012 1120 2047 cultus
1136 2012 1403 2061 ampliationem
1425 2032 1433 2040 ·
1462 2013 1506 2048 de
1524 2013 1692 2049 consensu
1712 2019 1745 2049 et

243 2065 375 2101 ass'ensn
403 2066 590 2101 reverendi
610 2067 646 2101 in
670 2067 809 2102 Christo
829 2069 940 2116 patris
959 2083 1000 2105 ac
1022 2070 1158 2105 domini
1178 2070 1315 2106 domini
1338 2070 1515 2107 Johannis
1539 2070 1610 2107 Dei
1633 2071 1747 2118 gratia

244 2122 395 2171 episcopi
413 2122 644 2160 (Doravienfis
659 2143 666 2151 -
681 2124 805 2160 decani
818 2131 853 2160 et
865 2126 1010 2174 capituli
1028 2127 1183 2175 ejusdem
1204 2147 1212 2156 ·
1226 2128 1383 2164 fundasse
1397 2141 1510 2164 unum
1523 2128 1746 2177 capellanum
