2060 2660
78 1761 148 1793 204

584 174 898 211 REGISTRUM
925 176 1284 212 MORAVIENSE.
1598 183 1669 216 ι253

188 275 281 310 rium
298 272 480 322 publicum
498 272 727 320 subscriptum
745 272 908 308 subscribi
930 273 1101 320 publicari
1125 278 1161 308 et
1182 273 1358 321 registrari
1375 276 1616 312 mandavimus
1634 284 1669 313 et

187 331 334 367 fecimus
351 343 433 366 cum
448 329 576 373 effectu
588 349 596 358 ·
616 330 754 365 Datum
769 334 805 365 et
818 330 939 365 aetum
957 328 994 364 in
1012 330 1092 365 loco
1110 329 1332 365 confistoriali
1347 332 1556 367 moraviensi
1568 334 1668 369 solito

186 388 313 424 ultimo
330 386 388 423 die
406 385 530 424 mensis
551 387 638 424 (Daii
659 399 754 422 anno
774 387 924 422 Domini
947 385 1125 423 millesimo
1152 386 1428 434 quingentesimo
1454 390 1640 425 undecimo
1660 410 1667 418 ·

186 445 382 480 indictione
397 445 534 480 decima.
553 463 562 472 ·
580 444 807 492 pontificatus
825 442 1025 479 sanetiflimi
1038 444 1075 478 in
1090 443 1228 479 Christo
1246 444 1354 491 patris
1367 449 1403 479 et
1417 445 1549 479 domini
1564 446 1668 481 nostri

185 502 320 538 domini
337 502 424 539 Julii
444 502 564 538 divina
582 498 790 550 disponente
808 501 997 537 clementia
1015 501 1109 549 Pape
1131 500 1275 537 secundi
1292 513 1386 536 anno
1404 501 1548 549 septimo
1567 521 1575 529 ·
1594 516 1669 550 pre-

183 559 336 595 sentibus
353 559 484 595 ibidem
499 554 651 595 dominis
670 564 705 594 et
723 558 886 606 magistro
905 558 1047 594 Thoma
1060 557 1253 594 Levinston
1271 558 1441 593 canonico
1460 559 1668 594 moraviensi

183 616 488 665 prebendarioque
519 617 563 652 de
591 616 763 652 Birnecht
792 615 830 651 in
858 616 981 651 eadem
1001 634 1009 644 ·
1041 615 1223 651 Willelmo
1252 615 1401 650 Roberti
1423 633 1432 643 ·
1461 620 1496 650 et
1522 616 1669 651 Andrea

181 673 355 710 ,Iohannis
381 674 529 710 notariis
556 669 707 722 publicis
731 686 812 709 cum
839 671 980 709 diversis
1007 672 1083 708 aliis
1111 672 1253 708 testibus
1279 672 1324 707 ad
1350 672 1511 720 premissa
1537 674 1668 708 vocatis

181 731 312 778 pariter
329 736 366 767 et
384 731 517 779 rogatis
536 750 545 759 ·
794 728 797 730 ’

306 789 375 825 ·Et
403 801 470 836 ego
497 788 688 824 Donaldus
712 788 853 824 Thome
881 785 1060 835 presbyter
1087 784 1315 823 moravienfis
1342 785 1483 822 diocesis
1508 786 1668 834 publicus

326 840 515 894 apostolica
532 839 705 894 imperiali
730 850 765 881 et
789 844 900 892 regali
924 844 1195 880 auctoritatibus
1218 844 1377 879 notarius
1403 844 1485 890 quia
1501 843 1667 891 premissis

326 899 490 938 omnibus
513 908 549 938 et
571 901 715 950 singulis
738 902 824 937 dum
841 900 885 937 fic
903 906 945 937 ut
962 901 1180 949 premittitur
1200 906 1392 948 agerentur
1413 901 1616 936 dicerentur
1633 907 1667 936 et

328 959 456 995 fierent
472 973 546 995 una
563 973 644 995 cum
662 959 917 1008 prenominatis
934 958 1077 994 testibus
1094 958 1234 1006 presens
1255 958 1399 994 interfui
1422 971 1531 1005 eaque
1549 958 1668 993 omnia

327 1022 363 1052 et
379 1015 513 1064 singula
530 1016 574 1052 fic
592 1017 669 1052 fieri
688 1022 723 1052 et
741 1016 810 1052 dici
827 1016 900 1052 vidi
919 1029 959 1051 ac
977 1016 1097 1051 audivi
1110 1021 1146 1051 et
1159 1016 1196 1050 in
1209 1020 1331 1051 notam
1347 1015 1423 1063 cepi
1435 1015 1588 1062 ideoque
1605 1015 1665 1049 has

325 1072 502 1121 presentes
516 1074 635 1109 literas
647 1073 716 1109 five
729 1074 798 1109 hoc
808 1073 948 1121 presens
962 1072 1232 1108 instrumentum
1247 1073 1427 1120 publicum
1443 1073 1570 1108 exinde
1585 1085 1666 1107 con-

327 1130 461 1166 fectum
480 1130 680 1179 hujusmodi
699 1131 881 1166 decretum
900 1135 935 1166 et
953 1128 1294 1178 compromissionem
1314 1135 1349 1165 et
1366 1130 1435 1164 alia
1452 1130 1666 1165 documenta

329 1185 398 1222 five
423 1188 620 1223 eorundem
645 1193 788 1223 tenores
813 1187 850 1222 in
875 1187 908 1222 se
933 1187 1119 1222 continens
1146 1186 1183 1221 in
1208 1187 1299 1221 hanc
1319 1186 1468 1221 formam
1487 1186 1662 1234 publicam

326 1244 448 1291 redegi
473 1243 642 1292 signoque
668 1244 812 1280 nomine
838 1244 1051 1291 cognomine
1074 1249 1110 1279 et
1130 1243 1379 1291 subscriptione
1401 1243 1486 1278 meis
1504 1242 1611 1286 solitis
1629 1248 1663 1277 et

325 1301 498 1336 consuetis
521 1300 653 1349 fignavi
678 1306 822 1349 rogatus
840 1306 876 1336 et
893 1299 1075 1348 requisitus
1098 1301 1136 1335 in
1158 1300 1264 1335 fidem
1282 1305 1317 1335 et
1335 1298 1570 1335 testimonium
1590 1312 1662 1333 om-

323 1357 423 1393 nium
441 1363 477 1394 et
494 1357 711 1406 singulorum
729 1357 972 1406 premissorum

638 1471 827 1507 Donaldus
846 1471 986 1507 Thome
1004 1469 1182 1518 presbyter
1201 1489 1208 1497 ·

178 1642 300 1677 Litera
317 1640 566 1677 commistionis
584 1642 628 1678 de
645 1640 754 1677 bursis
773 1640 908 1677 Parisiis
925 1641 1080 1676 fundatis
1098 1660 1106 1668 ·

177 1755 358 1791 Robertus
384 1755 607 1791 miseratione
632 1755 751 1790 divina
776 1752 1009 1790 Moraviensis
1035 1753 1214 1802 episcopus
1236 1751 1428 1789 venerabili
1455 1758 1491 1787 et
1519 1752 1660 1799 egregio

124 1831 126 1834 ·
175 1812 252 1847 viro
270 1812 434 1860 magistro
454 1812 616 1859 Georgio
634 1812 793 1847 Lokcart
809 1811 902 1846 sacre
928 1811 1107 1857 theologie
1133 1810 1314 1858 professori
1340 1822 1380 1845 ac
1406 1807 1579 1857 preposito
1607 1821 1659 1843 ec-

175 1868 274 1905 clefie
291 1869 477 1917 collegiate
496 1869 539 1904 de
559 1869 769 1917 Crychtoun
788 1868 893 1904 Scoto
913 1865 1048 1903 Parisiis
1067 1867 1212 1902 salutem
1239 1880 1319 1902 cum
1343 1865 1592 1901 benedietione
1611 1865 1659 1900 di-

174 1926 258 1961 vina
275 1945 284 1954 ·
311 1926 370 1962 De
383 1926 503 1961 vestris
517 1926 706 1974 prudentia
721 1925 862 1961 scientia
875 1930 910 1960 et
923 1924 1235 1972 circumspectione
1249 1923 1437 1971 plurimam
1450 1923 1487 1957 in
1499 1922 1658 1957 Domino

173 1982 338 2018 fiduciam
365 1982 533 2018 habentes
559 1982 676 2018 bursas
701 1995 764 2030 per
786 1982 965 2029 quondam
990 1980 1179 2017 recolende
1203 1980 1372 2016 memorie
1398 1978 1658 2014 Moraviensem

175 2039 374 2087 episcopum
399 2040 675 2087 predecessorem
700 2038 858 2074 nostrum
885 2036 1019 2074 Parifiis
1044 2037 1208 2073 fundatas
1229 2038 1273 2073 de
1291 2035 1414 2073 Grefie
1439 2041 1657 2083 nuncupatas

173 2096 218 2131 ad
238 2096 462 2144 nostramque
486 2102 522 2132 et
543 2096 658 2131 nostre
681 2096 770 2131 sedis
791 2095 1000 2131 cathedralis
1020 2093 1251 2130 Moravienfis
1268 2093 1394 2142 prelati
1411 2106 1476 2141 pro
1499 2098 1657 2140 tempore

173 2166 217 2188 ex
250 2153 408 2200 primeva
441 2153 501 2188 sua
533 2153 742 2188 fundatione
773 2151 1030 2200 dispositionem
1054 2170 1062 2179 ·
1094 2150 1328 2200 provisionem
1360 2155 1396 2186 et
1429 2149 1655 2184 donationem

173 2209 279 2256 pleno
291 2209 374 2257 jure
392 2209 589 2258 spetfflmtes
607 2223 686 2245 cum
706 2222 769 2258 per
786 2209 913 2245 cefl'um
933 2208 1106 2245 decessum
1130 2207 1361 2244 dimissionem
1388 2205 1653 2253 resignationem
