1912 2660
138 1208 210 1245 264·

242 135 315 168 342
640 131 958 169 REGISTRUM
986 130 1350 168 MORAVIENSE.

243 236 354 267 neant
371 236 407 267 et
424 231 626 267 inconcussa
649 232 810 279 predicte
836 237 954 279 partes
978 231 1016 266 in
1041 230 1217 278 presentia
1233 228 1445 265 venerabilis
1462 229 1572 277 patris
1590 229 1651 265 -A-
1671 230 1743 267 Dei

243 289 358 337 gratia
375 289 526 338 episcopi
545 294 580 325 et
598 289 743 337 capituli
762 287 992 325 moraviensis
1016 293 1052 323 et
1075 287 1228 322 aliorum
1255 286 1453 321 multorum
1478 285 1743 334 fidedignorum

243 347 314 382 fide
340 347 457 383 media
481 347 665 395 corporale
687 346 916 394 prestiterunt
933 346 1192 380 sacramentum
1212 362 1221 371 ·
1240 356 1332 391 pena
1348 342 1581 379 nihilominus
1598 350 1742 381 centum

243 404 437 440 solidorum
462 410 588 440 contra
613 410 751 452 partem
780 417 801 438 a
824 403 987 451 predicta
1008 401 1248 437 conventione
1265 399 1395 436 refilire
1413 400 1594 437 volentem
1613 402 1744 439 fabrice

244 461 475 499 moravienfis
494 460 636 498 ecclesie
655 460 898 496 convertenda
916 464 951 495 et
968 459 1108 507 plenius
1126 457 1359 506 persolvenda
1377 476 1385 486 ·
1405 462 1441 493 et
1457 459 1644 507 principali
1661 472 1745 496 con-

241 520 412 556 ventione
438 521 476 555 in
504 520 566 555 suo
594 519 724 554 robore
751 518 858 553 etiam
876 517 1049 551 duratura
1067 534 1076 543 ·
1104 515 1182 551 Nos
1200 528 1287 551 vero
1306 515 1394 551 difiti
1413 515 1482 551 ·W·
1502 521 1538 552 et
1557 517 1612 553 ·C·
1632 523 1668 553 et
1684 518 1744 554 he-

242 577 345 613 redes
368 577 477 613 nostri
504 577 618 612 dststas
644 581 798 623 quatuor
822 575 966 610 davatas
987 578 1083 609 terre
1102 572 1146 608 de
1166 573 1402 622 Strathnavyr
1419 586 1502 610 cum
1519 575 1745 622 pertinentiis

242 635 341 672 dicto
362 635 508 671 domino
528 635 587 669 ·R·
607 640 643 669 et
661 633 850 669 heredibus
868 632 936 667 suis
954 636 1080 666 contra
1107 644 1231 667 omnes
1258 631 1422 667 homines
1449 637 1485 667 et
1506 632 1656 668 feminas
1674 646 1744 669 wa·

242 693 505 728 randizabimus
531 712 540 720 ·
569 691 846 739 acquietabimus
876 702 942 738 pro
966 689 1130 737 predi&o
1157 688 1299 724 servitio
1327 689 1490 725 faciendo
1518 695 1555 726 et
1582 691 1744 740 inperpe-

241 757 345 786 tuum
365 750 596 786 defendemus
611 768 620 778 ·
650 749 694 784 In
712 749 813 796 cujus
831 747 883 783 rei
897 746 1138 782 testimonium
1155 747 1238 782 huic
1255 747 1384 795 scripto
1402 746 1514 796 figilla
1535 748 1654 784 nostra
1671 762 1744 785 una

241 821 322 845 cum
341 807 459 856 figillis
477 807 687 843 venerabilis
709 806 818 854 patris
845 805 981 840 domini
1009 804 1069 840 ·A-
1095 805 1168 840 Dei
1194 805 1310 853 gratia
1333 810 1420 841 tunc
1447 806 1598 855 episcopi
1625 808 1744 844 (Dora-

240 865 366 902 vienfis
384 871 420 901 et
438 865 574 901 domini
593 865 638 902 ·J·
658 863 899 899 archidiaconi
917 862 1074 911 ejusdem
1092 863 1163 899 loci
1186 863 1232 899 ad
1254 862 1456 899 instantiam
1481 863 1636 900 nostram
1662 864 1742 901 sunt

240 922 396 973 apposita
414 943 422 951 ·

240 1096 351 1132 Carta
370 1096 522 1132 Roberti
541 1095 653 1143 Regis
671 1095 715 1131 de
734 1094 907 1131 comitatu
925 1094 1089 1131 moravie
1104 1113 1112 1122 ·

238 1211 420 1248 Robertus
438 1211 511 1246 Dei
528 1210 644 1258 gratia
659 1210 741 1246 Rex
760 1210 952 1246 Scotorum
970 1209 1136 1245 omnibus
1152 1209 1273 1258 probis
1291 1209 1495 1246 hominibus
1512 1211 1628 1247 tocius
1645 1217 1741 1248 terre

236 1270 294 1306 sue
324 1269 472 1305 salutem
499 1288 508 1297 ·
546 1269 670 1304 Sciatis
693 1281 760 1304 nos
786 1268 916 1304 dediffe
943 1266 1141 1304 concessifl'e
1168 1273 1204 1304 et
1230 1268 1296 1304 hac
1322 1268 1476 1316 presenti
1499 1274 1597 1305 carta
1623 1269 1741 1306 nostra

236 1327 454 1364 confirmasse
474 1327 615 1363 Thome
632 1327 827 1375 Ranulphy
845 1326 947 1364 militi
966 1326 1100 1362 dilecto
1125 1326 1250 1374 nepoti
1271 1325 1391 1362 nostro
1419 1339 1484 1375 pro
1512 1327 1678 1376 homagio
1705 1334 1740 1365 et

236 1385 381 1422 servicio
400 1385 461 1421 suo
480 1398 604 1420 omnes
623 1390 736 1421 terras
758 1384 894 1420 nostras
914 1385 952 1420 in
971 1384 1135 1421 moravia
1151 1382 1238 1420 ficut
1255 1384 1403 1420 suerunt
1420 1384 1459 1421 in
1477 1398 1585 1421 manu
1604 1386 1740 1422 domini

237 1442 437 1479 Alexandri
454 1443 565 1490 Regis
584 1443 706 1479 Scocie
724 1442 978 1491 predecefl'oris
995 1442 1104 1478 nostri
1122 1442 1251 1478 ultimo
1270 1442 1432 1478 defuncti
1447 1461 1456 1471 ·
1474 1455 1548 1479 una
1566 1457 1647 1480 cum
1666 1457 1740 1480 om-

237 1500 340 1536 nibus
365 1500 441 1548 alijs
467 1501 571 1536 terris
597 1501 841 1549 adjacentibus
859 1501 952 1536 infra
969 1506 1082 1536 metas
1106 1506 1141 1536 et
1166 1500 1291 1537 divisas
1308 1500 1515 1549 subscriptas
1533 1502 1711 1538 contentis
1729 1521 1738 1530 ·

239 1558 450 1606 Incipiendo
468 1558 634 1594 videlicet
658 1559 704 1595 ad
730 1572 857 1607 aquam
885 1559 930 1595 de
954 1558 1044 1607 Spee
1070 1557 1157 1594 ficut
1183 1559 1278 1595 cadit
1301 1558 1339 1593 in
1363 1571 1460 1594 mare
1480 1578 1489 1587 ·
1509 1564 1545 1595 et
1561 1558 1606 1595 fic
1623 1559 1739 1596 ascen-

239 1616 358 1651 dendo
377 1629 440 1664 per
458 1617 608 1652 eandem
626 1630 754 1664 aquam
774 1636 782 1645 ·
802 1617 1022 1653 includendo
1040 1622 1153 1652 terras
1169 1616 1213 1652 de
1232 1616 1262 1652 F
1264 1616 1442 1652 ouchabre
1461 1636 1470 1645 ·
1496 1617 1713 1666 Rothenayk
1728 1637 1737 1646 ·

241 1673 418 1721 Rothays·
434 1679 469 1709 et
482 1674 679 1710 Bocharme
688 1694 695 1703 ·
711 1688 777 1723 per
789 1675 866 1711 suas
879 1675 996 1711 rectas
1010 1679 1122 1710 metas
1134 1679 1169 1710 et
1181 1674 1305 1710 divisas
1317 1687 1398 1710 cum
1412 1673 1479 1710 suis
1492 1675 1737 1724 pertinencijs·

240 1736 275 1766 et
292 1730 337 1766 fic
356 1731 577 1767 ascendendo
596 1746 659 1780 per
678 1733 811 1768 dictam
830 1746 958 1781 aquam
977 1733 1021 1769 de
1046 1733 1135 1781 Spee
1159 1732 1268 1780 usque
1294 1732 1340 1767 ad
1364 1732 1538 1768 marchias
1562 1733 1606 1768 de
1625 1732 1739 1770 Bade-

239 1789 330 1824 nach
351 1808 359 1816 ·
379 1794 414 1824 et
442 1787 486 1824 fic
510 1789 727 1826 includendo
756 1804 880 1827 omnes
905 1796 1017 1827 terras
1041 1791 1085 1826 de
1104 1790 1295 1826 Badenach
1320 1795 1357 1825 et
1382 1789 1603 1839 Kyncardyn
1630 1796 1666 1827 et
1694 1792 1739 1828 de

240 1845 439 1882 Glencarni
453 1859 533 1882 cum
549 1848 773 1897 pertinentijs
786 1862 850 1897 per
867 1849 944 1885 suas
961 1850 1078 1885 rastas
1096 1853 1208 1884 metas
1222 1853 1258 1884 et
1273 1847 1397 1883 divisas
1416 1866 1425 1875 ·
1445 1853 1480 1883 et
1497 1847 1542 1884 fic
1559 1848 1738 1896 sequendo

239 1904 432 1940 marchiam
446 1904 490 1940 de
503 1904 693 1941 Badenach
703 1906 812 1954 usque
823 1907 1016 1943 marchiam
1029 1907 1073 1942 de
1086 1905 1298 1942 Louchabre
1310 1925 1319 1934 ·
1334 1910 1370 1941 et
1383 1904 1427 1941 fic
1438 1905 1657 1943 includendo
1669 1911 1739 1943 ter-

239 1974 295 1997 ras
310 1962 353 1997 de
361 1961 572 1998 Louchabre
585 1981 594 1990 ·
610 1963 653 1998 de
661 1965 823 2011 fflaymer
835 1984 844 1993 ·
857 1965 913 2001 del
930 1964 1169 2013 Logharkech
1182 1983 1190 1992 ·
1206 1965 1249 2000 de
1257 1963 1487 2011 Glengarech
1502 1983 1510 1992 ·
1526 1969 1562 2000 et
1576 1964 1739 2001 deGlen-

239 2019 324 2067 nelg
341 2032 422 2055 cum
441 2019 670 2069 pertinencijs
687 2034 751 2069 per
769 2022 845 2058 suas
862 2023 979 2059 rectas
992 2028 1105 2059 metas
1118 2028 1154 2059 et
1173 2022 1297 2058 divisas
1311 2040 1319 2050 ·
1340 2027 1376 2057 et
1392 2020 1437 2057 fic
1455 2021 1633 2070 sequendo
1651 2035 1738 2061 mar-

239 2077 354 2113 chiam
369 2077 412 2113 de
426 2077 610 2125 Glennelg
623 2079 730 2126 usque
749 2080 794 2115 ad
808 2093 905 2116 mare
923 2081 1043 2117 versus
1061 2081 1283 2117 occidentem
1298 2099 1307 2108 ·
1322 2084 1358 2115 et
1375 2077 1419 2115 fic
1433 2092 1496 2128 per
1513 2092 1612 2116 mare
1629 2080 1737 2128 usque

239 2135 285 2170 ad
304 2134 477 2171 marchias
494 2135 646 2171 borealis
666 2136 820 2184 Ergadie
838 2151 907 2185 que
929 2138 977 2174 est
995 2138 1147 2174 Comitis
1170 2139 1214 2175 de
1237 2138 1314 2174 Ros
1332 2156 1341 2166 ·
1369 2142 1405 2174 et
1421 2136 1466 2173 fic
1483 2150 1547 2186 per
1564 2138 1737 2174 marchias

238 2192 316 2228 illas
334 2193 442 2240 usque
456 2192 501 2228 ad
516 2194 689 2229 marchias
709 2192 828 2231 Rossie
847 2213 855 2223 ·
875 2200 911 2231 et
932 2194 976 2231 fic
999 2209 1062 2244 per
1085 2196 1260 2232 marchias
1279 2194 1399 2232 Roffie
1416 2195 1597 2243 quousque
1614 2208 1737 2244 perve-

237 2250 359 2287 niatur
380 2251 427 2287 ad
444 2264 572 2299 aquam
591 2252 634 2288 de
653 2252 684 2289 F
685 2265 773 2289 orne
791 2271 800 2281 ·
822 2258 858 2289 et
875 2252 920 2289 fic
937 2267 1000 2302 per
1017 2267 1145 2302 aquam
1160 2255 1204 2291 de
1223 2254 1343 2290 Forne
1356 2252 1536 2301 quousque
1553 2255 1737 2300 pervenia-
