<?xml version="1.0" encoding="UTF-8"?>
<!DOCTYPE html PUBLIC "-//W3C//DTD XHTML 1.0 Transitional//EN"
    "http://www.w3.org/TR/xhtml1/DTD/xhtml1-transitional.dtd">
<html xmlns="http://www.w3.org/1999/xhtml" xml:lang="en" lang="en">
 <head>
  <title>
</title>
<meta http-equiv="Content-Type" content="text/html;charset=utf-8" />
  <meta name='ocr-system' content='tesseract 3.04.00' />
  <meta name='ocr-capabilities' content='ocr_page ocr_carea ocr_par ocr_line ocrx_word'/>
</head>
<body>
  <div class='ocr_page' id='page_1' title='image "./registrumepisc5800morauoft_0439.png"; bbox 0 0 1912 2660; ppageno 0'>
   <div class='ocr_carea' id='block_1_1' title="bbox 584 161 1671 204">
    <p class='ocr_par' dir='ltr' id='par_1_1' title="bbox 584 161 1671 204">
     <span class='ocr_line' id='line_1_1' title="bbox 584 161 1671 204; baseline 0.006 -7"><span class='ocrx_word' id='word_1_1' title='bbox 584 161 897 199; x_wconf 85' lang='lat' dir='ltr'>REGISTRUM</span> <span class='ocrx_word' id='word_1_2' title='bbox 926 162 1285 201; x_wconf 89' lang='lat' dir='ltr'><strong>MORAVIENSE.</strong></span> <span class='ocrx_word' id='word_1_3' title='bbox 1603 172 1671 204; x_wconf 82' lang='grc'>331</span> 
     </span>
    </p>
   </div>
   <div class='ocr_carea' id='block_1_2' title="bbox 193 316 1301 365">
    <p class='ocr_par' dir='ltr' id='par_1_2' title="bbox 193 316 1301 365">
     <span class='ocr_line' id='line_1_2' title="bbox 193 316 1301 365; baseline -0.002 -10"><span class='ocrx_word' id='word_1_4' title='bbox 193 318 374 355; x_wconf 64' lang='grc' dir='ltr'><strong>Ρϊοῐρᾶὶίο</strong></span> <span class='ocrx_word' id='word_1_5' title='bbox 394 316 601 365; x_wconf 88' lang='lat' dir='ltr'>Apostolica</span> <span class='ocrx_word' id='word_1_6' title='bbox 617 317 784 353; x_wconf 84' lang='lat' dir='ltr'>fratribus</span> <span class='ocrx_word' id='word_1_7' title='bbox 802 316 916 352; x_wconf 89' lang='lat' dir='ltr'>Vallis</span> <span class='ocrx_word' id='word_1_8' title='bbox 935 316 1101 352; x_wconf 86' lang='lat' dir='ltr'>Caulium</span> <span class='ocrx_word' id='word_1_9' title='bbox 1121 319 1278 354; x_wconf 80' lang='lat' dir='ltr'>concessa</span> <span class='ocrx_word' id='word_1_10' title='bbox 1293 338 1301 347; x_wconf 90' lang='lat'><strong>·</strong></span> 
     </span>
    </p>
   </div>
   <div class='ocr_carea' id='block_1_3' title="bbox 92 428 1680 2312">
    <p class='ocr_par' dir='ltr' id='par_1_3' title="bbox 92 428 1680 2312">
     <span class='ocr_line' id='line_1_3' title="bbox 92 428 1678 480; baseline 0.001 -12"><span class='ocrx_word' id='word_1_11' title='bbox 92 428 164 465; x_wconf 73' lang='lat'>¹256</span> <span class='ocrx_word' id='word_1_12' title='bbox 194 432 424 469; x_wconf 78' lang='lat' dir='ltr'>Innocentius</span> <span class='ocrx_word' id='word_1_13' title='bbox 448 431 629 480; x_wconf 89' lang='lat' dir='ltr'>episcopus</span> <span class='ocrx_word' id='word_1_14' title='bbox 647 432 766 467; x_wconf 89' lang='lat' dir='ltr'>servus</span> <span class='ocrx_word' id='word_1_15' title='bbox 783 431 964 467; x_wconf 77' lang='lat' dir='ltr'>servorum</span> <span class='ocrx_word' id='word_1_16' title='bbox 984 431 1056 467; x_wconf 93' lang='lat' dir='ltr'>Dei</span> <span class='ocrx_word' id='word_1_17' title='bbox 1074 431 1213 467; x_wconf 57' lang='lat' dir='ltr'>dilectis</span> <span class='ocrx_word' id='word_1_18' title='bbox 1230 432 1311 468; x_wconf 86' lang='lat' dir='ltr'>filiis</span> <span class='ocrx_word' id='word_1_19' title='bbox 1330 432 1444 468; x_wconf 92' lang='lat' dir='ltr'>Priori</span> <span class='ocrx_word' id='word_1_20' title='bbox 1462 439 1497 469; x_wconf 88' lang='lat' dir='ltr'>et</span> <span class='ocrx_word' id='word_1_21' title='bbox 1514 434 1678 470; x_wconf 84' lang='lat' dir='ltr'>fratribus</span> 
     </span>
     <span class='ocr_line' id='line_1_4' title="bbox 190 488 1679 537; baseline 0.001 -11"><span class='ocrx_word' id='word_1_22' title='bbox 190 490 303 527; x_wconf 81' lang='lat' dir='ltr'>Vallis</span> <span class='ocrx_word' id='word_1_23' title='bbox 317 490 485 526; x_wconf 89' lang='lat' dir='ltr'>Caulium</span> <span class='ocrx_word' id='word_1_24' title='bbox 503 489 650 525; x_wconf 81' lang='lat' dir='ltr'>salutem</span> <span class='ocrx_word' id='word_1_25' title='bbox 669 494 705 525; x_wconf 90' lang='lat' dir='ltr'>et</span> <span class='ocrx_word' id='word_1_26' title='bbox 722 489 946 537; x_wconf 86' lang='lat' dir='ltr'>apostolicam</span> <span class='ocrx_word' id='word_1_27' title='bbox 965 488 1251 525; x_wconf 60' lang='lat' dir='ltr'>benedififionem</span> <span class='ocrx_word' id='word_1_28' title='bbox 1267 509 1275 517; x_wconf 95' lang='lat'><strong>·</strong></span> <span class='ocrx_word' id='word_1_29' title='bbox 1304 489 1402 525; x_wconf 89' lang='lat' dir='ltr'>Solet</span> <span class='ocrx_word' id='word_1_30' title='bbox 1415 503 1571 526; x_wconf 84' lang='lat' dir='ltr'>annuere</span> <span class='ocrx_word' id='word_1_31' title='bbox 1585 491 1679 527; x_wconf 88' lang='lat' dir='ltr'>sedes</span> 
     </span>
     <span class='ocr_line' id='line_1_5' title="bbox 190 545 1680 596; baseline 0 -13"><span class='ocrx_word' id='word_1_32' title='bbox 190 547 377 596; x_wconf 85' lang='lat' dir='ltr'>apostolica</span> <span class='ocrx_word' id='word_1_33' title='bbox 389 547 456 595; x_wconf 88' lang='lat' dir='ltr'>piis</span> <span class='ocrx_word' id='word_1_34' title='bbox 466 547 559 583; x_wconf 89' lang='lat' dir='ltr'>votis</span> <span class='ocrx_word' id='word_1_35' title='bbox 574 552 608 583; x_wconf 90' lang='lat' dir='ltr'>et</span> <span class='ocrx_word' id='word_1_36' title='bbox 623 546 776 582; x_wconf 83' lang='lat' dir='ltr'>honestis</span> <span class='ocrx_word' id='word_1_37' title='bbox 789 546 985 594; x_wconf 92' lang='lat' dir='ltr'>petentium</span> <span class='ocrx_word' id='word_1_38' title='bbox 999 545 1206 594; x_wconf 86' lang='lat' dir='ltr'>[precibus]</span> <span class='ocrx_word' id='word_1_39' title='bbox 1220 546 1378 583; x_wconf 89' lang='lat' dir='ltr'>favorem</span> <span class='ocrx_word' id='word_1_40' title='bbox 1391 547 1604 583; x_wconf 88' lang='lat' dir='ltr'>benevolum</span> <span class='ocrx_word' id='word_1_41' title='bbox 1617 549 1680 583; x_wconf 90' lang='lat' dir='ltr'>im-</span> 
     </span>
     <span class='ocr_line' id='line_1_6' title="bbox 189 603 1679 653; baseline 0 -13"><span class='ocrx_word' id='word_1_42' title='bbox 189 605 310 653; x_wconf 90' lang='lat' dir='ltr'>pertiri</span> <span class='ocrx_word' id='word_1_43' title='bbox 330 623 338 632; x_wconf 89' lang='lat'><strong>·</strong></span> <span class='ocrx_word' id='word_1_44' title='bbox 365 605 421 639; x_wconf 88' lang='lat' dir='ltr'>Ex</span> <span class='ocrx_word' id='word_1_45' title='bbox 438 604 549 640; x_wconf 86' lang='lat' dir='ltr'>literis</span> <span class='ocrx_word' id='word_1_46' title='bbox 567 604 647 639; x_wconf 89' lang='lat' dir='ltr'>sane</span> <span class='ocrx_word' id='word_1_47' title='bbox 664 604 876 640; x_wconf 89' lang='lat' dir='ltr'>venerabilis</span> <span class='ocrx_word' id='word_1_48' title='bbox 893 604 1011 639; x_wconf 84' lang='lat' dir='ltr'>fratris</span> <span class='ocrx_word' id='word_1_49' title='bbox 1025 603 1134 639; x_wconf 87' lang='lat' dir='ltr'>nostri</span> <span class='ocrx_word' id='word_1_50' title='bbox 1148 603 1208 639; x_wconf 92' lang='lat' dir='ltr'>-G·</span> <span class='ocrx_word' id='word_1_51' title='bbox 1224 604 1329 639; x_wconf 71' lang='grc' dir='ltr'>61εᾶὶί</span> <span class='ocrx_word' id='word_1_52' title='bbox 1348 604 1529 640; x_wconf 81' lang='lat' dir='ltr'>Remenfis</span> <span class='ocrx_word' id='word_1_53' title='bbox 1547 606 1679 653; x_wconf 87' lang='lat' dir='ltr'>accepi-</span> 
     </span>
     <span class='ocr_line' id='line_1_7' title="bbox 188 660 1677 709; baseline 0 -12"><span class='ocrx_word' id='word_1_54' title='bbox 188 675 266 698; x_wconf 91' lang='lat' dir='ltr'>mus</span> <span class='ocrx_word' id='word_1_55' title='bbox 279 662 375 709; x_wconf 91' lang='lat' dir='ltr'>quod</span> <span class='ocrx_word' id='word_1_56' title='bbox 390 662 474 697; x_wconf 92' lang='lat' dir='ltr'>dum</span> <span class='ocrx_word' id='word_1_57' title='bbox 490 660 652 697; x_wconf 87' lang='lat' dir='ltr'>tranfiret</span> <span class='ocrx_word' id='word_1_58' title='bbox 664 674 728 709; x_wconf 92' lang='lat' dir='ltr'>per</span> <span class='ocrx_word' id='word_1_59' title='bbox 742 660 905 697; x_wconf 86' lang='lat' dir='ltr'>diocefim</span> <span class='ocrx_word' id='word_1_60' title='bbox 918 660 1180 708; x_wconf 86' lang='lat' dir='ltr'>Lingonensem</span> <span class='ocrx_word' id='word_1_61' title='bbox 1194 674 1258 696; x_wconf 89' lang='lat' dir='ltr'>vos</span> <span class='ocrx_word' id='word_1_62' title='bbox 1271 661 1408 697; x_wconf 90' lang='lat' dir='ltr'>invenit</span> <span class='ocrx_word' id='word_1_63' title='bbox 1422 662 1459 696; x_wconf 90' lang='lat' dir='ltr'>in</span> <span class='ocrx_word' id='word_1_64' title='bbox 1470 661 1574 698; x_wconf 83' lang='lat' dir='ltr'>Valle</span> <span class='ocrx_word' id='word_1_65' title='bbox 1586 662 1677 698; x_wconf 86' lang='lat' dir='ltr'>Cau-</span> 
     </span>
     <span class='ocr_line' id='line_1_8' title="bbox 187 717 1678 767; baseline 0.001 -13"><span class='ocrx_word' id='word_1_66' title='bbox 187 719 274 755; x_wconf 89' lang='lat' dir='ltr'>lium</span> <span class='ocrx_word' id='word_1_67' title='bbox 293 719 472 754; x_wconf 85' lang='lat' dir='ltr'>novellam</span> <span class='ocrx_word' id='word_1_68' title='bbox 487 718 741 754; x_wconf 84' lang='lat' dir='ltr'>institutionem</span> <span class='ocrx_word' id='word_1_69' title='bbox 758 718 892 754; x_wconf 82' lang='lat' dir='ltr'>ordinis</span> <span class='ocrx_word' id='word_1_70' title='bbox 910 717 1115 766; x_wconf 86' lang='lat' dir='ltr'>afl&#39;umpfiffe</span> <span class='ocrx_word' id='word_1_71' title='bbox 1134 737 1142 746; x_wconf 94' lang='lat'><strong>·</strong></span> <span class='ocrx_word' id='word_1_72' title='bbox 1163 718 1206 753; x_wconf 89' lang='lat' dir='ltr'>de</span> <span class='ocrx_word' id='word_1_73' title='bbox 1225 718 1325 766; x_wconf 90' lang='lat' dir='ltr'>cujus</span> <span class='ocrx_word' id='word_1_74' title='bbox 1342 719 1476 754; x_wconf 89' lang='lat' dir='ltr'>meritis</span> <span class='ocrx_word' id='word_1_75' title='bbox 1491 719 1678 767; x_wconf 87' lang='lat' dir='ltr'>diligenter</span> 
     </span>
     <span class='ocr_line' id='line_1_9' title="bbox 186 774 1676 824; baseline 0.001 -13"><span class='ocrx_word' id='word_1_76' title='bbox 186 777 368 824; x_wconf 88' lang='lat' dir='ltr'>inquirens</span> <span class='ocrx_word' id='word_1_77' title='bbox 385 776 437 811; x_wconf 90' lang='lat' dir='ltr'>nil</span> <span class='ocrx_word' id='word_1_78' title='bbox 455 776 492 811; x_wconf 92' lang='lat' dir='ltr'>in</span> <span class='ocrx_word' id='word_1_79' title='bbox 510 789 553 812; x_wconf 91' lang='lat' dir='ltr'>eo</span> <span class='ocrx_word' id='word_1_80' title='bbox 571 774 634 811; x_wconf 84' lang='lat' dir='ltr'>nifi</span> <span class='ocrx_word' id='word_1_81' title='bbox 651 775 855 823; x_wconf 81' lang='lat' dir='ltr'>religiosum</span> <span class='ocrx_word' id='word_1_82' title='bbox 870 776 1043 823; x_wconf 89' lang='lat' dir='ltr'>comperit</span> <span class='ocrx_word' id='word_1_83' title='bbox 1062 780 1097 811; x_wconf 94' lang='lat' dir='ltr'>et</span> <span class='ocrx_word' id='word_1_84' title='bbox 1115 775 1299 811; x_wconf 82' lang='lat' dir='ltr'>honestum</span> <span class='ocrx_word' id='word_1_85' title='bbox 1314 795 1323 804; x_wconf 85' lang='lat'><strong>·</strong></span> <span class='ocrx_word' id='word_1_86' title='bbox 1353 776 1497 812; x_wconf 88' lang='lat' dir='ltr'>Invenit</span> <span class='ocrx_word' id='word_1_87' title='bbox 1509 775 1676 824; x_wconf 78' lang='lat' dir='ltr'>siquidem</span> 
     </span>
     <span class='ocr_line' id='line_1_10' title="bbox 186 833 1678 882; baseline 0.001 -13"><span class='ocrx_word' id='word_1_88' title='bbox 186 839 292 882; x_wconf 90' lang='lat' dir='ltr'>prout</span> <span class='ocrx_word' id='word_1_89' title='bbox 311 834 433 869; x_wconf 88' lang='lat' dir='ltr'>eedem</span> <span class='ocrx_word' id='word_1_90' title='bbox 452 834 554 869; x_wconf 87' lang='lat' dir='ltr'>litere</span> <span class='ocrx_word' id='word_1_91' title='bbox 573 833 803 869; x_wconf 76' lang='lat' dir='ltr'>continebant</span> <span class='ocrx_word' id='word_1_92' title='bbox 816 833 913 880; x_wconf 91' lang='lat' dir='ltr'>quod</span> <span class='ocrx_word' id='word_1_93' title='bbox 927 833 1020 868; x_wconf 90' lang='lat' dir='ltr'>inter</span> <span class='ocrx_word' id='word_1_94' title='bbox 1033 846 1097 868; x_wconf 91' lang='lat' dir='ltr'>vos</span> <span class='ocrx_word' id='word_1_95' title='bbox 1115 845 1207 868; x_wconf 89' lang='lat' dir='ltr'>unus</span> <span class='ocrx_word' id='word_1_96' title='bbox 1225 833 1483 869; x_wconf 88' lang='lat' dir='ltr'>monachorum</span> <span class='ocrx_word' id='word_1_97' title='bbox 1496 847 1601 881; x_wconf 90' lang='lat' dir='ltr'>quern</span> <span class='ocrx_word' id='word_1_98' title='bbox 1615 847 1678 870; x_wconf 85' lang='lat' dir='ltr'>vos</span> 
     </span>
     <span class='ocr_line' id='line_1_11' title="bbox 186 890 1678 938; baseline 0.001 -12"><span class='ocrx_word' id='word_1_99' title='bbox 186 891 249 926; x_wconf 89' lang='lat' dir='ltr'>filii</span> <span class='ocrx_word' id='word_1_100' title='bbox 263 891 428 926; x_wconf 88' lang='lat' dir='ltr'>monachi</span> <span class='ocrx_word' id='word_1_101' title='bbox 446 891 583 938; x_wconf 82' lang='lat' dir='ltr'>eligetis</span> <span class='ocrx_word' id='word_1_102' title='bbox 601 890 727 926; x_wconf 88' lang='lat' dir='ltr'>debeat</span> <span class='ocrx_word' id='word_1_103' title='bbox 745 891 811 926; x_wconf 81' lang='lat' dir='ltr'>efi&#39;e</span> <span class='ocrx_word' id='word_1_104' title='bbox 827 890 930 926; x_wconf 89' lang='lat' dir='ltr'>Prior</span> <span class='ocrx_word' id='word_1_105' title='bbox 945 909 953 918; x_wconf 91' lang='lat'><strong>·</strong></span> <span class='ocrx_word' id='word_1_106' title='bbox 969 890 1026 925; x_wconf 89' lang='lat' dir='ltr'>cui</span> <span class='ocrx_word' id='word_1_107' title='bbox 1040 903 1163 926; x_wconf 91' lang='lat' dir='ltr'>omnes</span> <span class='ocrx_word' id='word_1_108' title='bbox 1182 890 1345 926; x_wconf 87' lang='lat' dir='ltr'>monachi</span> <span class='ocrx_word' id='word_1_109' title='bbox 1359 891 1525 927; x_wconf 89' lang='lat' dir='ltr'>videlicet</span> <span class='ocrx_word' id='word_1_110' title='bbox 1542 897 1578 927; x_wconf 91' lang='lat' dir='ltr'>et</span> <span class='ocrx_word' id='word_1_111' title='bbox 1596 905 1678 928; x_wconf 90' lang='lat' dir='ltr'>con-</span> 
     </span>
     <span class='ocr_line' id='line_1_12' title="bbox 186 946 1678 997; baseline 0.001 -14"><span class='ocrx_word' id='word_1_112' title='bbox 186 947 274 984; x_wconf 90' lang='lat' dir='ltr'>verfi</span> <span class='ocrx_word' id='word_1_113' title='bbox 299 961 451 996; x_wconf 91' lang='lat' dir='ltr'>quorum</span> <span class='ocrx_word' id='word_1_114' title='bbox 475 948 619 983; x_wconf 88' lang='lat' dir='ltr'>societas</span> <span class='ocrx_word' id='word_1_115' title='bbox 637 946 839 983; x_wconf 88' lang='lat' dir='ltr'>vicefimum</span> <span class='ocrx_word' id='word_1_116' title='bbox 857 960 1048 983; x_wconf 89' lang='lat' dir='ltr'>numerum</span> <span class='ocrx_word' id='word_1_117' title='bbox 1065 960 1140 982; x_wconf 90' lang='lat' dir='ltr'>non</span> <span class='ocrx_word' id='word_1_118' title='bbox 1157 948 1381 983; x_wconf 82' lang='lat' dir='ltr'>transcendet</span> <span class='ocrx_word' id='word_1_119' title='bbox 1397 953 1566 996; x_wconf 82' lang='lat' dir='ltr'>tanquam</span> <span class='ocrx_word' id='word_1_120' title='bbox 1583 950 1678 997; x_wconf 85' lang='lat' dir='ltr'>spiri-</span> 
     </span>
     <span class='ocr_line' id='line_1_13' title="bbox 186 1004 1676 1053; baseline 0.001 -13"><span class='ocrx_word' id='word_1_121' title='bbox 186 1005 274 1040; x_wconf 89' lang='lat' dir='ltr'>tuali</span> <span class='ocrx_word' id='word_1_122' title='bbox 291 1005 381 1053; x_wconf 88' lang='lat' dir='ltr'>patri</span> <span class='ocrx_word' id='word_1_123' title='bbox 400 1005 637 1040; x_wconf 88' lang='lat' dir='ltr'>reverentiam</span> <span class='ocrx_word' id='word_1_124' title='bbox 657 1010 692 1040; x_wconf 92' lang='lat' dir='ltr'>et</span> <span class='ocrx_word' id='word_1_125' title='bbox 710 1004 948 1040; x_wconf 81' lang='lat' dir='ltr'>obedientiam</span> <span class='ocrx_word' id='word_1_126' title='bbox 967 1004 1133 1039; x_wconf 88' lang='lat' dir='ltr'>curabitis</span> <span class='ocrx_word' id='word_1_127' title='bbox 1155 1004 1320 1041; x_wconf 88' lang='lat' dir='ltr'>exhibere</span> <span class='ocrx_word' id='word_1_128' title='bbox 1339 1024 1348 1033; x_wconf 85' lang='lat'><strong>·</strong></span> <span class='ocrx_word' id='word_1_129' title='bbox 1375 1005 1508 1041; x_wconf 88' lang='lat' dir='ltr'>Nullus</span> <span class='ocrx_word' id='word_1_130' title='bbox 1524 1006 1676 1042; x_wconf 87' lang='lat' dir='ltr'>vestrum</span> 
     </span>
     <span class='ocr_line' id='line_1_14' title="bbox 187 1060 1676 1110; baseline 0.001 -13"><span class='ocrx_word' id='word_1_131' title='bbox 187 1062 370 1110; x_wconf 86' lang='lat' dir='ltr'>proprium</span> <span class='ocrx_word' id='word_1_132' title='bbox 387 1060 571 1110; x_wconf 84' lang='lat' dir='ltr'>poflidebit</span> <span class='ocrx_word' id='word_1_133' title='bbox 590 1081 598 1089; x_wconf 92' lang='lat'><strong>·</strong></span> <span class='ocrx_word' id='word_1_134' title='bbox 628 1062 672 1096; x_wconf 94' lang='lat' dir='ltr'>In</span> <span class='ocrx_word' id='word_1_135' title='bbox 696 1067 877 1097; x_wconf 88' lang='lat' dir='ltr'>conventu</span> <span class='ocrx_word' id='word_1_136' title='bbox 900 1060 1043 1109; x_wconf 78' lang='lat' dir='ltr'>singulis</span> <span class='ocrx_word' id='word_1_137' title='bbox 1070 1061 1193 1096; x_wconf 84' lang='lat' dir='ltr'>diebus</span> <span class='ocrx_word' id='word_1_138' title='bbox 1216 1062 1309 1099; x_wconf 75' lang='lat' dir='ltr'>‹niffa</span> <span class='ocrx_word' id='word_1_139' title='bbox 1334 1067 1370 1097; x_wconf 90' lang='lat' dir='ltr'>et</span> <span class='ocrx_word' id='word_1_140' title='bbox 1393 1062 1480 1098; x_wconf 91' lang='lat' dir='ltr'>hore</span> <span class='ocrx_word' id='word_1_141' title='bbox 1507 1064 1676 1099; x_wconf 87' lang='lat' dir='ltr'>canonice</span> 
     </span>
     <span class='ocr_line' id='line_1_15' title="bbox 186 1118 1674 1168; baseline 0.001 -14"><span class='ocrx_word' id='word_1_142' title='bbox 186 1119 425 1154; x_wconf 87' lang='lat' dir='ltr'>cantabuntur</span> <span class='ocrx_word' id='word_1_143' title='bbox 440 1138 448 1147; x_wconf 94' lang='lat'><strong>·</strong></span> <span class='ocrx_word' id='word_1_144' title='bbox 469 1119 628 1154; x_wconf 87' lang='lat' dir='ltr'>Privatas</span> <span class='ocrx_word' id='word_1_145' title='bbox 641 1132 782 1166; x_wconf 92' lang='lat' dir='ltr'>quoque</span> <span class='ocrx_word' id='word_1_146' title='bbox 800 1118 909 1156; x_wconf 73' lang='lat' dir='ltr'>missas</span> <span class='ocrx_word' id='word_1_147' title='bbox 927 1118 987 1165; x_wconf 92' lang='lat' dir='ltr'>qui</span> <span class='ocrx_word' id='word_1_148' title='bbox 1005 1118 1185 1154; x_wconf 89' lang='lat' dir='ltr'>voluerint</span> <span class='ocrx_word' id='word_1_149' title='bbox 1200 1118 1429 1155; x_wconf 88' lang='lat' dir='ltr'>celebrabunt</span> <span class='ocrx_word' id='word_1_150' title='bbox 1441 1138 1449 1148; x_wconf 89' lang='lat'><strong>·</strong></span> <span class='ocrx_word' id='word_1_151' title='bbox 1469 1120 1674 1168; x_wconf 87' lang='lat' dir='ltr'>Capitulum</span> 
     </span>
     <span class='ocr_line' id='line_1_16' title="bbox 186 1175 1677 1223; baseline 0.001 -12"><span class='ocrx_word' id='word_1_152' title='bbox 186 1176 350 1212; x_wconf 86' lang='lat' dir='ltr'>tenebitis</span> <span class='ocrx_word' id='word_1_153' title='bbox 362 1196 370 1204; x_wconf 95' lang='lat'><strong>·</strong></span> <span class='ocrx_word' id='word_1_154' title='bbox 386 1176 482 1211; x_wconf 92' lang='lat' dir='ltr'>omni</span> <span class='ocrx_word' id='word_1_155' title='bbox 498 1176 554 1211; x_wconf 85' lang='lat' dir='ltr'>die</span> <span class='ocrx_word' id='word_1_156' title='bbox 568 1176 698 1211; x_wconf 67' lang='lat' dir='ltr'>fa&amp;uri</span> <span class='ocrx_word' id='word_1_157' title='bbox 713 1176 783 1211; x_wconf 89' lang='lat' dir='ltr'>·xii·</span> <span class='ocrx_word' id='word_1_158' title='bbox 798 1176 971 1211; x_wconf 61' lang='lat' dir='ltr'>leetiones</span> <span class='ocrx_word' id='word_1_159' title='bbox 990 1175 1207 1223; x_wconf 88' lang='lat' dir='ltr'>temporibus</span> <span class='ocrx_word' id='word_1_160' title='bbox 1221 1175 1416 1211; x_wconf 85' lang='lat' dir='ltr'>constitutis</span> <span class='ocrx_word' id='word_1_161' title='bbox 1428 1195 1436 1204; x_wconf 94' lang='lat'><strong>·</strong></span> <span class='ocrx_word' id='word_1_162' title='bbox 1456 1177 1570 1212; x_wconf 86' lang='lat' dir='ltr'>Simul</span> <span class='ocrx_word' id='word_1_163' title='bbox 1583 1178 1677 1213; x_wconf 91' lang='lat' dir='ltr'>labo-</span> 
     </span>
     <span class='ocr_line' id='line_1_17' title="bbox 186 1232 1674 1280; baseline 0.001 -11"><span class='ocrx_word' id='word_1_164' title='bbox 186 1233 306 1269; x_wconf 85' lang='lat' dir='ltr'>rabitis</span> <span class='ocrx_word' id='word_1_165' title='bbox 319 1253 327 1261; x_wconf 91' lang='lat'><strong>·</strong></span> <span class='ocrx_word' id='word_1_166' title='bbox 347 1234 395 1269; x_wconf 90' lang='lat' dir='ltr'>Et</span> <span class='ocrx_word' id='word_1_167' title='bbox 413 1232 513 1268; x_wconf 91' lang='lat' dir='ltr'>fimul</span> <span class='ocrx_word' id='word_1_168' title='bbox 530 1233 568 1268; x_wconf 88' lang='lat' dir='ltr'>in</span> <span class='ocrx_word' id='word_1_169' title='bbox 585 1233 776 1269; x_wconf 70' lang='lat' dir='ltr'>refe6torio</span> <span class='ocrx_word' id='word_1_170' title='bbox 795 1233 987 1268; x_wconf 90' lang='lat' dir='ltr'>comedetis</span> <span class='ocrx_word' id='word_1_171' title='bbox 1005 1232 1169 1268; x_wconf 87' lang='lat' dir='ltr'>carnibus</span> <span class='ocrx_word' id='word_1_172' title='bbox 1183 1237 1218 1268; x_wconf 91' lang='lat' dir='ltr'>et</span> <span class='ocrx_word' id='word_1_173' title='bbox 1235 1233 1402 1280; x_wconf 83' lang='lat' dir='ltr'>sagimine</span> <span class='ocrx_word' id='word_1_174' title='bbox 1420 1246 1494 1269; x_wconf 90' lang='lat' dir='ltr'>non</span> <span class='ocrx_word' id='word_1_175' title='bbox 1512 1239 1652 1270; x_wconf 84' lang='lat' dir='ltr'>utentes</span> <span class='ocrx_word' id='word_1_176' title='bbox 1667 1254 1674 1262; x_wconf 91' lang='lat'><strong>·</strong></span> 
     </span>
     <span class='ocr_line' id='line_1_18' title="bbox 187 1288 1674 1327; baseline 0.001 -1"><span class='ocrx_word' id='word_1_177' title='bbox 187 1291 290 1326; x_wconf 89' lang='lat' dir='ltr'>Prior</span> <span class='ocrx_word' id='word_1_178' title='bbox 304 1290 481 1326; x_wconf 88' lang='lat' dir='ltr'>vobiscum</span> <span class='ocrx_word' id='word_1_179' title='bbox 500 1290 538 1325; x_wconf 86' lang='lat' dir='ltr'>in</span> <span class='ocrx_word' id='word_1_180' title='bbox 556 1290 681 1326; x_wconf 91' lang='lat' dir='ltr'>eodem</span> <span class='ocrx_word' id='word_1_181' title='bbox 701 1290 891 1325; x_wconf 66' lang='lat' dir='ltr'>refefflmrio</span> <span class='ocrx_word' id='word_1_182' title='bbox 910 1289 1073 1325; x_wconf 91' lang='lat' dir='ltr'>comedet</span> <span class='ocrx_word' id='word_1_183' title='bbox 1090 1288 1189 1324; x_wconf 91' lang='lat' dir='ltr'>fimili</span> <span class='ocrx_word' id='word_1_184' title='bbox 1208 1289 1287 1325; x_wconf 91' lang='lat' dir='ltr'>cibo</span> <span class='ocrx_word' id='word_1_185' title='bbox 1306 1295 1341 1325; x_wconf 93' lang='lat' dir='ltr'>et</span> <span class='ocrx_word' id='word_1_186' title='bbox 1353 1289 1446 1326; x_wconf 89' lang='lat' dir='ltr'>veste</span> <span class='ocrx_word' id='word_1_187' title='bbox 1464 1296 1653 1327; x_wconf 78' lang='lat' dir='ltr'>contentus</span> <span class='ocrx_word' id='word_1_188' title='bbox 1665 1311 1674 1319; x_wconf 89' lang='lat'><strong>·</strong></span> 
     </span>
     <span class='ocr_line' id='line_1_19' title="bbox 187 1346 1676 1394; baseline 0.001 -11"><span class='ocrx_word' id='word_1_189' title='bbox 187 1348 222 1382; x_wconf 86' lang='lat' dir='ltr'><strong>A</strong></span> <span class='ocrx_word' id='word_1_190' title='bbox 241 1347 325 1383; x_wconf 84' lang='lat' dir='ltr'>festo</span> <span class='ocrx_word' id='word_1_191' title='bbox 344 1347 612 1383; x_wconf 62' lang='lat' dir='ltr'>resurreb&#39;tionis</span> <span class='ocrx_word' id='word_1_192' title='bbox 631 1347 822 1383; x_wconf 89' lang='lat' dir='ltr'>Dominice</span> <span class='ocrx_word' id='word_1_193' title='bbox 848 1347 955 1394; x_wconf 92' lang='lat' dir='ltr'>usque</span> <span class='ocrx_word' id='word_1_194' title='bbox 982 1347 1027 1382; x_wconf 89' lang='lat' dir='ltr'>ad</span> <span class='ocrx_word' id='word_1_195' title='bbox 1053 1346 1304 1383; x_wconf 85' lang='lat' dir='ltr'>exaltationem</span> <span class='ocrx_word' id='word_1_196' title='bbox 1323 1347 1453 1383; x_wconf 69' lang='lat' dir='ltr'>SanGte</span> <span class='ocrx_word' id='word_1_197' title='bbox 1472 1348 1598 1384; x_wconf 87' lang='lat' dir='ltr'>Crucis</span> <span class='ocrx_word' id='word_1_198' title='bbox 1624 1349 1676 1384; x_wconf 88' lang='lat' dir='ltr'>bis</span> 
     </span>
     <span class='ocr_line' id='line_1_20' title="bbox 185 1403 1674 1452; baseline 0.001 -12"><span class='ocrx_word' id='word_1_199' title='bbox 185 1405 378 1441; x_wconf 81' lang='lat' dir='ltr'>comedetis</span> <span class='ocrx_word' id='word_1_200' title='bbox 405 1405 441 1439; x_wconf 91' lang='lat' dir='ltr'>in</span> <span class='ocrx_word' id='word_1_201' title='bbox 468 1405 525 1440; x_wconf 91' lang='lat' dir='ltr'>die</span> <span class='ocrx_word' id='word_1_202' title='bbox 543 1423 552 1432; x_wconf 93' lang='lat'><strong>·</strong></span> <span class='ocrx_word' id='word_1_203' title='bbox 579 1403 755 1440; x_wconf 84' lang='lat' dir='ltr'>refiduum</span> <span class='ocrx_word' id='word_1_204' title='bbox 778 1404 948 1452; x_wconf 88' lang='lat' dir='ltr'>temporis</span> <span class='ocrx_word' id='word_1_205' title='bbox 966 1404 1026 1439; x_wconf 88' lang='lat' dir='ltr'>sub</span> <span class='ocrx_word' id='word_1_206' title='bbox 1039 1403 1261 1452; x_wconf 86' lang='lat' dir='ltr'>jejuniorum</span> <span class='ocrx_word' id='word_1_207' title='bbox 1278 1403 1486 1440; x_wconf 87' lang='lat' dir='ltr'>abstinentia</span> <span class='ocrx_word' id='word_1_208' title='bbox 1501 1406 1674 1442; x_wconf 86' lang='lat' dir='ltr'>transcur-</span> 
     </span>
     <span class='ocr_line' id='line_1_21' title="bbox 186 1461 1674 1510; baseline 0.001 -13"><span class='ocrx_word' id='word_1_209' title='bbox 186 1463 254 1498; x_wconf 89' lang='lat' dir='ltr'>suri</span> <span class='ocrx_word' id='word_1_210' title='bbox 273 1482 281 1490; x_wconf 96' lang='lat'><strong>·</strong></span> <span class='ocrx_word' id='word_1_211' title='bbox 309 1475 400 1510; x_wconf 89' lang='lat' dir='ltr'>pane</span> <span class='ocrx_word' id='word_1_212' title='bbox 419 1467 454 1498; x_wconf 93' lang='lat' dir='ltr'>et</span> <span class='ocrx_word' id='word_1_213' title='bbox 472 1475 562 1509; x_wconf 89' lang='lat' dir='ltr'>aqua</span> <span class='ocrx_word' id='word_1_214' title='bbox 579 1467 615 1497; x_wconf 92' lang='lat' dir='ltr'>et</span> <span class='ocrx_word' id='word_1_215' title='bbox 631 1475 705 1497; x_wconf 92' lang='lat' dir='ltr'>uno</span> <span class='ocrx_word' id='word_1_216' title='bbox 723 1462 909 1510; x_wconf 91' lang='lat' dir='ltr'>pulmento</span> <span class='ocrx_word' id='word_1_217' title='bbox 927 1462 1087 1497; x_wconf 87' lang='lat' dir='ltr'>contenti</span> <span class='ocrx_word' id='word_1_218' title='bbox 1105 1461 1177 1509; x_wconf 80' lang='lat' dir='ltr'>·vj⁸·</span> <span class='ocrx_word' id='word_1_219' title='bbox 1195 1461 1283 1497; x_wconf 90' lang='lat' dir='ltr'>feria</span> <span class='ocrx_word' id='word_1_220' title='bbox 1305 1461 1489 1498; x_wconf 88' lang='lat' dir='ltr'>existentes</span> <span class='ocrx_word' id='word_1_221' title='bbox 1508 1481 1516 1490; x_wconf 94' lang='lat'><strong>·</strong></span> <span class='ocrx_word' id='word_1_222' title='bbox 1546 1463 1591 1499; x_wconf 94' lang='lat' dir='ltr'>In</span> <span class='ocrx_word' id='word_1_223' title='bbox 1618 1465 1674 1499; x_wconf 90' lang='lat' dir='ltr'>die</span> 
     </span>
     <span class='ocr_line' id='line_1_22' title="bbox 187 1518 1676 1567; baseline 0.001 -12"><span class='ocrx_word' id='word_1_224' title='bbox 187 1520 380 1555; x_wconf 87' lang='lat' dir='ltr'>nativitatis</span> <span class='ocrx_word' id='word_1_225' title='bbox 398 1519 590 1555; x_wconf 89' lang='lat' dir='ltr'>Dominice</span> <span class='ocrx_word' id='word_1_226' title='bbox 618 1532 693 1555; x_wconf 89' lang='lat' dir='ltr'>non</span> <span class='ocrx_word' id='word_1_227' title='bbox 714 1519 921 1567; x_wconf 85' lang='lat' dir='ltr'>jejunabitis</span> <span class='ocrx_word' id='word_1_228' title='bbox 943 1538 951 1547; x_wconf 94' lang='lat'><strong>·</strong></span> <span class='ocrx_word' id='word_1_229' title='bbox 978 1532 1044 1554; x_wconf 92' lang='lat' dir='ltr'>nec</span> <span class='ocrx_word' id='word_1_230' title='bbox 1068 1518 1139 1566; x_wconf 73' lang='lat' dir='ltr'>·vj³·</span> <span class='ocrx_word' id='word_1_231' title='bbox 1162 1519 1250 1554; x_wconf 87' lang='lat' dir='ltr'>feria</span> <span class='ocrx_word' id='word_1_232' title='bbox 1271 1519 1309 1554; x_wconf 89' lang='lat' dir='ltr'>in</span> <span class='ocrx_word' id='word_1_233' title='bbox 1334 1519 1439 1555; x_wconf 84' lang='lat' dir='ltr'>estate</span> <span class='ocrx_word' id='word_1_234' title='bbox 1464 1520 1525 1555; x_wconf 89' lang='lat' dir='ltr'>ubi</span> <span class='ocrx_word' id='word_1_235' title='bbox 1550 1520 1676 1557; x_wconf 86' lang='lat' dir='ltr'>festum</span> 
     </span>
     <span class='ocr_line' id='line_1_23' title="bbox 186 1575 1675 1613; baseline 0.001 -2"><span class='ocrx_word' id='word_1_236' title='bbox 186 1577 419 1613; x_wconf 86' lang='lat' dir='ltr'>intervenerit</span> <span class='ocrx_word' id='word_1_237' title='bbox 433 1577 503 1612; x_wconf 86' lang='lat' dir='ltr'>·xii·</span> <span class='ocrx_word' id='word_1_238' title='bbox 519 1577 714 1612; x_wconf 59' lang='lat' dir='ltr'>lebtionum</span> <span class='ocrx_word' id='word_1_239' title='bbox 729 1596 737 1604; x_wconf 92' lang='lat'><strong>·</strong></span> <span class='ocrx_word' id='word_1_240' title='bbox 753 1576 891 1612; x_wconf 89' lang='lat' dir='ltr'>Vivetis</span> <span class='ocrx_word' id='word_1_241' title='bbox 910 1576 953 1612; x_wconf 90' lang='lat' dir='ltr'>de</span> <span class='ocrx_word' id='word_1_242' title='bbox 971 1576 1166 1611; x_wconf 88' lang='lat' dir='ltr'>redditibus</span> <span class='ocrx_word' id='word_1_243' title='bbox 1181 1595 1189 1604; x_wconf 92' lang='lat'><strong>·</strong></span> <span class='ocrx_word' id='word_1_244' title='bbox 1207 1575 1381 1612; x_wconf 79' lang='lat' dir='ltr'>silentium</span> <span class='ocrx_word' id='word_1_245' title='bbox 1400 1576 1569 1613; x_wconf 88' lang='lat' dir='ltr'>servaturi</span> <span class='ocrx_word' id='word_1_246' title='bbox 1582 1597 1590 1605; x_wconf 91' lang='lat'><em>-</em></span> <span class='ocrx_word' id='word_1_247' title='bbox 1610 1578 1640 1613; x_wconf 92' lang='lat' dir='ltr'><strong>F</strong></span> <span class='ocrx_word' id='word_1_248' title='bbox 1642 1591 1675 1613; x_wconf 89' lang='lat' dir='ltr'>e-</span> 
     </span>
     <span class='ocr_line' id='line_1_24' title="bbox 187 1634 1674 1681; baseline 0.001 -12"><span class='ocrx_word' id='word_1_249' title='bbox 187 1634 282 1669; x_wconf 92' lang='lat' dir='ltr'>mine</span> <span class='ocrx_word' id='word_1_250' title='bbox 301 1634 487 1670; x_wconf 85' lang='lat' dir='ltr'>interiores</span> <span class='ocrx_word' id='word_1_251' title='bbox 505 1634 676 1670; x_wconf 89' lang='lat' dir='ltr'>terminos</span> <span class='ocrx_word' id='word_1_252' title='bbox 693 1647 768 1669; x_wconf 90' lang='lat' dir='ltr'>non</span> <span class='ocrx_word' id='word_1_253' title='bbox 785 1634 969 1669; x_wconf 88' lang='lat' dir='ltr'>intrabunt</span> <span class='ocrx_word' id='word_1_254' title='bbox 983 1652 992 1661; x_wconf 90' lang='lat'><strong>·</strong></span> <span class='ocrx_word' id='word_1_255' title='bbox 1011 1646 1077 1669; x_wconf 91' lang='lat' dir='ltr'>nec</span> <span class='ocrx_word' id='word_1_256' title='bbox 1094 1646 1158 1669; x_wconf 89' lang='lat' dir='ltr'>vos</span> <span class='ocrx_word' id='word_1_257' title='bbox 1175 1634 1368 1669; x_wconf 83' lang='lat' dir='ltr'>exteriores</span> <span class='ocrx_word' id='word_1_258' title='bbox 1385 1639 1533 1681; x_wconf 88' lang='lat' dir='ltr'>excepto</span> <span class='ocrx_word' id='word_1_259' title='bbox 1551 1634 1674 1671; x_wconf 91' lang='lat' dir='ltr'>Priore</span> 
     </span>
     <span class='ocr_line' id='line_1_25' title="bbox 186 1689 1674 1739; baseline 0.001 -13"><span class='ocrx_word' id='word_1_260' title='bbox 186 1690 249 1726; x_wconf 90' lang='lat' dir='ltr'>nifi</span> <span class='ocrx_word' id='word_1_261' title='bbox 261 1691 364 1727; x_wconf 88' lang='lat' dir='ltr'>causa</span> <span class='ocrx_word' id='word_1_262' title='bbox 377 1691 511 1727; x_wconf 86' lang='lat' dir='ltr'>ordinis</span> <span class='ocrx_word' id='word_1_263' title='bbox 523 1690 774 1727; x_wconf 86' lang='lat' dir='ltr'>transcendens</span> <span class='ocrx_word' id='word_1_264' title='bbox 789 1710 797 1718; x_wconf 94' lang='lat'><strong>·</strong></span> <span class='ocrx_word' id='word_1_265' title='bbox 818 1690 921 1726; x_wconf 85' lang='lat' dir='ltr'>Prior</span> <span class='ocrx_word' id='word_1_266' title='bbox 935 1695 1054 1726; x_wconf 88' lang='lat' dir='ltr'>tamen</span> <span class='ocrx_word' id='word_1_267' title='bbox 1072 1689 1097 1725; x_wconf 90' lang='lat' dir='ltr'><strong>fi</strong></span> <span class='ocrx_word' id='word_1_268' title='bbox 1114 1695 1305 1738; x_wconf 87' lang='lat' dir='ltr'>occupatus</span> <span class='ocrx_word' id='word_1_269' title='bbox 1318 1690 1426 1726; x_wconf 87' lang='lat' dir='ltr'>fuerit</span> <span class='ocrx_word' id='word_1_270' title='bbox 1438 1691 1495 1727; x_wconf 89' lang='lat' dir='ltr'>vel</span> <span class='ocrx_word' id='word_1_271' title='bbox 1509 1697 1674 1739; x_wconf 86' lang='lat' dir='ltr'>egrotans</span> 
     </span>
     <span class='ocr_line' id='line_1_26' title="bbox 186 1747 1674 1797; baseline 0 -12"><span class='ocrx_word' id='word_1_272' title='bbox 186 1755 221 1785; x_wconf 88' lang='lat' dir='ltr'>et</span> <span class='ocrx_word' id='word_1_273' title='bbox 238 1762 370 1797; x_wconf 86' lang='lat' dir='ltr'>urgens</span> <span class='ocrx_word' id='word_1_274' title='bbox 387 1747 568 1785; x_wconf 85' lang='lat' dir='ltr'>neceflitas</span> <span class='ocrx_word' id='word_1_275' title='bbox 586 1748 643 1784; x_wconf 92' lang='lat' dir='ltr'>vel</span> <span class='ocrx_word' id='word_1_276' title='bbox 661 1748 804 1784; x_wconf 91' lang='lat' dir='ltr'>evidens</span> <span class='ocrx_word' id='word_1_277' title='bbox 823 1748 955 1783; x_wconf 88' lang='lat' dir='ltr'>utilitas</span> <span class='ocrx_word' id='word_1_278' title='bbox 973 1747 1155 1795; x_wconf 87' lang='lat' dir='ltr'>postularit</span> <span class='ocrx_word' id='word_1_279' title='bbox 1172 1748 1303 1796; x_wconf 90' lang='lat' dir='ltr'>poterit</span> <span class='ocrx_word' id='word_1_280' title='bbox 1320 1761 1432 1783; x_wconf 90' lang='lat' dir='ltr'>unum</span> <span class='ocrx_word' id='word_1_281' title='bbox 1451 1761 1556 1796; x_wconf 90' lang='lat' dir='ltr'>quem</span> <span class='ocrx_word' id='word_1_282' title='bbox 1574 1750 1674 1785; x_wconf 91' lang='lat' dir='ltr'>volu-</span> 
     </span>
     <span class='ocr_line' id='line_1_27' title="bbox 185 1805 1673 1854; baseline 0 -12"><span class='ocrx_word' id='word_1_283' title='bbox 185 1807 253 1843; x_wconf 87' lang='lat' dir='ltr'>erit</span> <span class='ocrx_word' id='word_1_284' title='bbox 278 1806 450 1842; x_wconf 89' lang='lat' dir='ltr'>destinare</span> <span class='ocrx_word' id='word_1_285' title='bbox 469 1825 477 1834; x_wconf 93' lang='lat'><strong>·</strong></span> <span class='ocrx_word' id='word_1_286' title='bbox 502 1805 627 1842; x_wconf 85' lang='lat' dir='ltr'>Cilicia</span> <span class='ocrx_word' id='word_1_287' title='bbox 653 1806 808 1841; x_wconf 88' lang='lat' dir='ltr'>induetis</span> <span class='ocrx_word' id='word_1_288' title='bbox 835 1805 880 1840; x_wconf 85' lang='lat' dir='ltr'>ad</span> <span class='ocrx_word' id='word_1_289' title='bbox 908 1818 1050 1840; x_wconf 89' lang='lat' dir='ltr'>carnem</span> <span class='ocrx_word' id='word_1_290' title='bbox 1070 1824 1078 1833; x_wconf 90' lang='lat'><strong>·</strong></span> <span class='ocrx_word' id='word_1_291' title='bbox 1109 1818 1168 1841; x_wconf 92' lang='lat' dir='ltr'>eos</span> <span class='ocrx_word' id='word_1_292' title='bbox 1194 1805 1255 1852; x_wconf 87' lang='lat' dir='ltr'>qui</span> <span class='ocrx_word' id='word_1_293' title='bbox 1281 1805 1374 1841; x_wconf 84' lang='lat' dir='ltr'>ferre</span> <span class='ocrx_word' id='word_1_294' title='bbox 1401 1818 1476 1841; x_wconf 93' lang='lat' dir='ltr'>non</span> <span class='ocrx_word' id='word_1_295' title='bbox 1502 1812 1673 1854; x_wconf 90' lang='lat' dir='ltr'>poterunt</span> 
     </span>
     <span class='ocr_line' id='line_1_28' title="bbox 185 1862 1671 1911; baseline 0 -12"><span class='ocrx_word' id='word_1_296' title='bbox 185 1876 259 1899; x_wconf 91' lang='lat' dir='ltr'>non</span> <span class='ocrx_word' id='word_1_297' title='bbox 276 1869 444 1911; x_wconf 84' lang='lat' dir='ltr'>cogentes</span> <span class='ocrx_word' id='word_1_298' title='bbox 462 1882 471 1891; x_wconf 91' lang='lat'><strong>·</strong></span> <span class='ocrx_word' id='word_1_299' title='bbox 499 1863 629 1898; x_wconf 88' lang='lat' dir='ltr'>Lineas</span> <span class='ocrx_word' id='word_1_300' title='bbox 647 1868 683 1898; x_wconf 91' lang='lat' dir='ltr'>et</span> <span class='ocrx_word' id='word_1_301' title='bbox 701 1863 889 1898; x_wconf 88' lang='lat' dir='ltr'>canabinas</span> <span class='ocrx_word' id='word_1_302' title='bbox 906 1862 1015 1898; x_wconf 81' lang='lat' dir='ltr'>vestes</span> <span class='ocrx_word' id='word_1_303' title='bbox 1032 1862 1236 1898; x_wconf 85' lang='lat' dir='ltr'>nullatenus</span> <span class='ocrx_word' id='word_1_304' title='bbox 1253 1862 1407 1898; x_wconf 89' lang='lat' dir='ltr'>induetis</span> <span class='ocrx_word' id='word_1_305' title='bbox 1425 1882 1434 1891; x_wconf 62' lang='grc' dir='ltr'><strong><em>ν</em></strong></span> <span class='ocrx_word' id='word_1_306' title='bbox 1460 1864 1573 1911; x_wconf 83' lang='lat' dir='ltr'>groffe</span> <span class='ocrx_word' id='word_1_307' title='bbox 1592 1864 1671 1899; x_wconf 91' lang='lat' dir='ltr'>lane</span> 
     </span>
     <span class='ocr_line' id='line_1_29' title="bbox 183 1920 1673 1968; baseline 0 -12"><span class='ocrx_word' id='word_1_308' title='bbox 183 1920 292 1956; x_wconf 87' lang='lat' dir='ltr'>vestes</span> <span class='ocrx_word' id='word_1_309' title='bbox 318 1934 394 1956; x_wconf 93' lang='lat' dir='ltr'>non</span> <span class='ocrx_word' id='word_1_310' title='bbox 421 1921 551 1956; x_wconf 64' lang='lat' dir='ltr'>tinetas</span> <span class='ocrx_word' id='word_1_311' title='bbox 578 1925 613 1956; x_wconf 89' lang='lat' dir='ltr'>et</span> <span class='ocrx_word' id='word_1_312' title='bbox 638 1920 801 1968; x_wconf 80' lang='lat' dir='ltr'>pelliceas</span> <span class='ocrx_word' id='word_1_313' title='bbox 827 1920 981 1955; x_wconf 92' lang='lat' dir='ltr'>habituri</span> <span class='ocrx_word' id='word_1_314' title='bbox 999 1939 1007 1947; x_wconf 92' lang='lat'><strong>·</strong></span> <span class='ocrx_word' id='word_1_315' title='bbox 1036 1920 1130 1955; x_wconf 92' lang='lat' dir='ltr'>Cum</span> <span class='ocrx_word' id='word_1_316' title='bbox 1155 1920 1284 1955; x_wconf 89' lang='lat' dir='ltr'>tunicis</span> <span class='ocrx_word' id='word_1_317' title='bbox 1314 1920 1458 1968; x_wconf 85' lang='lat' dir='ltr'>cingulo</span> <span class='ocrx_word' id='word_1_318' title='bbox 1489 1926 1525 1956; x_wconf 94' lang='lat' dir='ltr'>et</span> <span class='ocrx_word' id='word_1_319' title='bbox 1552 1921 1673 1968; x_wconf 85' lang='lat' dir='ltr'>caligis</span> 
     </span>
     <span class='ocr_line' id='line_1_30' title="bbox 184 1977 1672 2026; baseline 0 -13"><span class='ocrx_word' id='word_1_320' title='bbox 184 1991 306 2014; x_wconf 89' lang='lat' dir='ltr'>omnes</span> <span class='ocrx_word' id='word_1_321' title='bbox 318 1978 480 2026; x_wconf 88' lang='lat' dir='ltr'>jacebitis</span> <span class='ocrx_word' id='word_1_322' title='bbox 499 1997 507 2005; x_wconf 94' lang='lat'><em>·</em></span> <span class='ocrx_word' id='word_1_323' title='bbox 527 1982 563 2013; x_wconf 88' lang='lat' dir='ltr'>et</span> <span class='ocrx_word' id='word_1_324' title='bbox 587 1982 707 2025; x_wconf 88' lang='lat' dir='ltr'>preter</span> <span class='ocrx_word' id='word_1_325' title='bbox 731 1977 795 2013; x_wconf 90' lang='lat' dir='ltr'>hec</span> <span class='ocrx_word' id='word_1_326' title='bbox 813 1990 877 2012; x_wconf 90' lang='lat' dir='ltr'>vos</span> <span class='ocrx_word' id='word_1_327' title='bbox 894 1977 957 2012; x_wconf 87' lang='lat' dir='ltr'>filii</span> <span class='ocrx_word' id='word_1_328' title='bbox 975 1977 1140 2013; x_wconf 87' lang='lat' dir='ltr'>monachi</span> <span class='ocrx_word' id='word_1_329' title='bbox 1158 1990 1238 2012; x_wconf 88' lang='lat' dir='ltr'>cum</span> <span class='ocrx_word' id='word_1_330' title='bbox 1263 1977 1402 2013; x_wconf 90' lang='lat' dir='ltr'>cuculla</span> <span class='ocrx_word' id='word_1_331' title='bbox 1421 1997 1429 2005; x_wconf 92' lang='lat'><em>-</em></span> <span class='ocrx_word' id='word_1_332' title='bbox 1448 1978 1617 2025; x_wconf 89' lang='lat' dir='ltr'>nusquam</span> <span class='ocrx_word' id='word_1_333' title='bbox 1637 1984 1672 2014; x_wconf 88' lang='lat' dir='ltr'>et</span> 
     </span>
     <span class='ocr_line' id='line_1_31' title="bbox 184 2034 1671 2083; baseline 0 -13"><span class='ocrx_word' id='word_1_334' title='bbox 184 2048 364 2083; x_wconf 89' lang='lat' dir='ltr'>nunquam</span> <span class='ocrx_word' id='word_1_335' title='bbox 390 2035 493 2083; x_wconf 91' lang='lat' dir='ltr'>super</span> <span class='ocrx_word' id='word_1_336' title='bbox 519 2034 675 2070; x_wconf 84' lang='lat' dir='ltr'>culcitris</span> <span class='ocrx_word' id='word_1_337' title='bbox 701 2034 917 2081; x_wconf 89' lang='lat' dir='ltr'>quiescentes</span> <span class='ocrx_word' id='word_1_338' title='bbox 937 2053 944 2062; x_wconf 92' lang='lat'><strong>·</strong></span> <span class='ocrx_word' id='word_1_339' title='bbox 973 2034 1092 2070; x_wconf 88' lang='lat' dir='ltr'>Erunt</span> <span class='ocrx_word' id='word_1_340' title='bbox 1117 2034 1249 2070; x_wconf 88' lang='lat' dir='ltr'>novicii</span> <span class='ocrx_word' id='word_1_341' title='bbox 1273 2034 1376 2070; x_wconf 84' lang='lat' dir='ltr'>vestri</span> <span class='ocrx_word' id='word_1_342' title='bbox 1404 2035 1441 2070; x_wconf 93' lang='lat' dir='ltr'>in</span> <span class='ocrx_word' id='word_1_343' title='bbox 1464 2035 1671 2083; x_wconf 82' lang='lat' dir='ltr'>probatione</span> 
     </span>
     <span class='ocr_line' id='line_1_32' title="bbox 184 2091 1671 2140; baseline 0 -13"><span class='ocrx_word' id='word_1_344' title='bbox 184 2105 247 2140; x_wconf 92' lang='lat' dir='ltr'>per</span> <span class='ocrx_word' id='word_1_345' title='bbox 272 2105 406 2127; x_wconf 89' lang='lat' dir='ltr'>annum</span> <span class='ocrx_word' id='word_1_346' title='bbox 426 2111 433 2120; x_wconf 94' lang='lat'><strong>·</strong></span> <span class='ocrx_word' id='word_1_347' title='bbox 463 2092 511 2127; x_wconf 84' lang='lat' dir='ltr'>Et</span> <span class='ocrx_word' id='word_1_348' title='bbox 527 2105 591 2127; x_wconf 89' lang='lat' dir='ltr'>vos</span> <span class='ocrx_word' id='word_1_349' title='bbox 609 2091 672 2126; x_wconf 89' lang='lat' dir='ltr'>filii</span> <span class='ocrx_word' id='word_1_350' title='bbox 689 2091 854 2127; x_wconf 90' lang='lat' dir='ltr'>monachi</span> <span class='ocrx_word' id='word_1_351' title='bbox 877 2104 898 2126; x_wconf 90' lang='lat' dir='ltr'>a</span> <span class='ocrx_word' id='word_1_352' title='bbox 923 2091 1105 2127; x_wconf 88' lang='lat' dir='ltr'>matutinis</span> <span class='ocrx_word' id='word_1_353' title='bbox 1129 2091 1237 2139; x_wconf 84' lang='lat' dir='ltr'>usque</span> <span class='ocrx_word' id='word_1_354' title='bbox 1263 2092 1309 2127; x_wconf 88' lang='lat' dir='ltr'>ad</span> <span class='ocrx_word' id='word_1_355' title='bbox 1333 2092 1457 2127; x_wconf 91' lang='lat' dir='ltr'>horam</span> <span class='ocrx_word' id='word_1_356' title='bbox 1481 2092 1611 2128; x_wconf 86' lang='lat' dir='ltr'>laboris</span> <span class='ocrx_word' id='word_1_357' title='bbox 1637 2099 1671 2127; x_wconf 92' lang='lat' dir='ltr'>et</span> 
     </span>
     <span class='ocr_line' id='line_1_33' title="bbox 185 2148 1671 2197; baseline 0 -13"><span class='ocrx_word' id='word_1_358' title='bbox 185 2163 206 2184; x_wconf 86' lang='lat' dir='ltr'>a</span> <span class='ocrx_word' id='word_1_359' title='bbox 221 2149 372 2197; x_wconf 87' lang='lat' dir='ltr'>vesperis</span> <span class='ocrx_word' id='word_1_360' title='bbox 389 2149 497 2197; x_wconf 89' lang='lat' dir='ltr'>usque</span> <span class='ocrx_word' id='word_1_361' title='bbox 515 2149 560 2184; x_wconf 88' lang='lat' dir='ltr'>ad</span> <span class='ocrx_word' id='word_1_362' title='bbox 579 2148 739 2184; x_wconf 88' lang='lat' dir='ltr'>occasum</span> <span class='ocrx_word' id='word_1_363' title='bbox 762 2148 841 2184; x_wconf 87' lang='lat' dir='ltr'>solis</span> <span class='ocrx_word' id='word_1_364' title='bbox 867 2148 1015 2184; x_wconf 65' lang='lat' dir='ltr'>lthioni</span> <span class='ocrx_word' id='word_1_365' title='bbox 1039 2149 1193 2184; x_wconf 90' lang='lat' dir='ltr'>orationi</span> <span class='ocrx_word' id='word_1_366' title='bbox 1211 2154 1248 2184; x_wconf 93' lang='lat' dir='ltr'>et</span> <span class='ocrx_word' id='word_1_367' title='bbox 1265 2149 1556 2197; x_wconf 89' lang='lat' dir='ltr'>contemplationi</span> <span class='ocrx_word' id='word_1_368' title='bbox 1572 2162 1671 2185; x_wconf 89' lang='lat' dir='ltr'>vaca-</span> 
     </span>
     <span class='ocr_line' id='line_1_34' title="bbox 184 2206 1671 2255; baseline -0.001 -14"><span class='ocrx_word' id='word_1_369' title='bbox 184 2206 264 2242; x_wconf 87' lang='lat' dir='ltr'>bitis</span> <span class='ocrx_word' id='word_1_370' title='bbox 283 2225 291 2234; x_wconf 91' lang='lat'><strong>·</strong></span> <span class='ocrx_word' id='word_1_371' title='bbox 318 2207 473 2255; x_wconf 84' lang='lat' dir='ltr'>exceptis</span> <span class='ocrx_word' id='word_1_372' title='bbox 499 2219 587 2254; x_wconf 87' lang='lat' dir='ltr'>quos</span> <span class='ocrx_word' id='word_1_373' title='bbox 606 2206 738 2242; x_wconf 88' lang='lat' dir='ltr'>Prioris</span> <span class='ocrx_word' id='word_1_374' title='bbox 765 2206 926 2242; x_wconf 88' lang='lat' dir='ltr'>discretio</span> <span class='ocrx_word' id='word_1_375' title='bbox 951 2219 1016 2254; x_wconf 92' lang='lat' dir='ltr'>pro</span> <span class='ocrx_word' id='word_1_376' title='bbox 1043 2206 1160 2253; x_wconf 88' lang='lat' dir='ltr'>aliqua</span> <span class='ocrx_word' id='word_1_377' title='bbox 1186 2211 1283 2242; x_wconf 85' lang='lat' dir='ltr'>certa</span> <span class='ocrx_word' id='word_1_378' title='bbox 1309 2211 1345 2242; x_wconf 91' lang='lat' dir='ltr'>et</span> <span class='ocrx_word' id='word_1_379' title='bbox 1367 2206 1554 2242; x_wconf 83' lang='lat' dir='ltr'>necefl&#39;aria</span> <span class='ocrx_word' id='word_1_380' title='bbox 1571 2206 1671 2241; x_wconf 83' lang='lat' dir='ltr'>causa</span> 
     </span>
     <span class='ocr_line' id='line_1_35' title="bbox 185 2263 1669 2312; baseline -0.001 -12"><span class='ocrx_word' id='word_1_381' title='bbox 185 2264 326 2300; x_wconf 82' lang='lat' dir='ltr'>duxerit</span> <span class='ocrx_word' id='word_1_382' title='bbox 352 2264 584 2300; x_wconf 86' lang='lat' dir='ltr'>retrahendos</span> <span class='ocrx_word' id='word_1_383' title='bbox 603 2283 611 2292; x_wconf 91' lang='lat'><strong>·</strong></span> <span class='ocrx_word' id='word_1_384' title='bbox 639 2263 717 2300; x_wconf 86' lang='lat' dir='ltr'>Nos</span> <span class='ocrx_word' id='word_1_385' title='bbox 745 2269 864 2300; x_wconf 87' lang='lat' dir='ltr'>autem</span> <span class='ocrx_word' id='word_1_386' title='bbox 892 2263 1011 2300; x_wconf 88' lang='lat' dir='ltr'>vestris</span> <span class='ocrx_word' id='word_1_387' title='bbox 1032 2263 1132 2312; x_wconf 83' lang='lat' dir='ltr'>justis</span> <span class='ocrx_word' id='word_1_388' title='bbox 1157 2263 1448 2312; x_wconf 85' lang='lat' dir='ltr'>postulationibus</span> <span class='ocrx_word' id='word_1_389' title='bbox 1475 2268 1669 2299; x_wconf 85' lang='lat' dir='ltr'>annuentes</span> 
     </span>
    </p>
   </div>
  </div>
 </body>
</html>
