1998 2820
0 1981 52 2158 i

21 2202 43 2499 ἕ

40 2697 52 2731 i

0 2791 43 2820 ,ω

172 556 283 605 Hugo
302 555 459 605 Freffiyn
477 557 539 593 dat
557 555 697 592 Scelbol
715 554 883 591 Gilberto
902 555 1170 592 Archidiacono
1188 575 1197 584 ·
1218 559 1388 592 1203-14
1404 576 1412 584 ·

127 696 136 705 .
170 671 347 708 Omnibus
373 672 576 708 hominibus
601 677 638 708 et
663 673 784 708 amicis
807 672 886 714 fuis,
911 671 973 707 has
991 671 1111 707 literas
1128 671 1252 707 visuris
1269 672 1327 707 vel
1345 672 1530 714 audituris,
1553 671 1664 719 Hugo

169 728 327 777 Frelkyn
354 729 501 765 salutem
529 730 567 765 in
594 729 757 766 Domino
776 749 784 758 ·
813 730 935 765 Sciant
963 741 1087 764 omnes
1109 734 1183 764 tam
1204 729 1383 776 presentes
1408 742 1513 777 quam
1540 729 1664 771 futuri,

169 799 226 822 me
251 786 392 829 dediffe,
419 785 617 823 conceffifi'e
644 792 680 823 et
705 787 771 823 hac
797 786 949 835 presenti
970 791 1068 822 carta
1088 799 1168 822 mea
1184 786 1405 822 confirmafl'e
1422 786 1584 834 magistro
1602 787 1667 835 gil-

169 844 270 879 berto
290 843 559 879 Archidiacono
578 844 743 881 (Dorauie
761 850 797 880 et
814 844 883 879 illis
904 843 1094 879 heredibus
1112 843 1156 879 de
1175 844 1359 891 parentela
1376 844 1436 879 sua
1452 844 1579 891 quibus
1596 845 1666 892 ipse

170 901 254 937 dare
278 907 315 937 et
337 902 535 937 concedere
551 902 718 944 voluerit,
747 907 791 942 et,
809 901 1000 937 heredibus
1023 914 1160 943 eorum,
1181 906 1294 936 totam
1320 907 1453 937 terram
1479 915 1595 937 meam
1622 902 1666 937 de

170 958 298 994 scelbol
325 959 363 994 in
391 958 655 1007 Suthyrlandia,
683 964 720 995 et
750 959 794 995 de
823 958 1092 1006 fernebuchlyn,
1121 964 1157 993 et
1186 958 1391 1007 Inuerchyn
1410 979 1418 986 ·
1446 964 1482 995 et
1505 965 1668 1007 preterea

170 1021 282 1051 totam
300 1021 433 1052 terram
452 1029 566 1052 meam
585 1017 630 1053 de
649 1016 904 1065 Suthyrlandia
919 1015 1040 1052 versus
1057 1016 1280 1051 occidentem
1299 1029 1368 1063 que
1385 1017 1477 1052 iacet
1493 1017 1588 1053 inter
1605 1018 1667 1054 has

167 1080 279 1109 terras
297 1074 563 1122 prenominatas
580 1080 617 1110 et
635 1074 761 1110 diuisas
779 1074 824 1110 de
844 1074 919 1109 Ros
938 1093 946 1101 ·
975 1073 1168 1109 Tenendas
1186 1078 1223 1109 et
1240 1073 1419 1109 habendas
1436 1073 1497 1109 fibi
1515 1080 1551 1110 et
1569 1075 1667 1111 here-

168 1131 270 1167 dibus
287 1131 355 1167 suis
372 1132 630 1180 prenominatis
648 1132 684 1167 in
703 1137 928 1180 perpetuum,
949 1131 993 1166 de
1011 1144 1068 1166 me
1086 1137 1123 1166 et
1141 1130 1330 1167 heredibus
1348 1132 1446 1173 meis,
1464 1145 1527 1179 per
1546 1133 1667 1168 nectas

168 1188 295 1224 diuisas
317 1189 404 1231 suas,
431 1189 468 1223 in
490 1188 596 1224 bosco
620 1194 656 1224 et
673 1189 717 1223 ‘in
740 1189 859 1237 plano,
885 1189 924 1224 in
948 1188 1057 1236 pratis
1083 1194 1118 1224 et
1145 1189 1183 1224 in
1213 1188 1361 1236 pascuis,
1387 1189 1425 1224 in
1452 1188 1607 1237 stangnis
1631 1195 1667 1225 et

167 1246 390 1287 molendinis,
420 1246 458 1281 in
485 1246 592 1282 moris
614 1251 651 1282 et
673 1244 834 1287 marefiis,
864 1246 903 1281 in
930 1245 1021 1294 ssipis
1048 1251 1084 1281 et
1110 1246 1147 1281 in
1173 1245 1337 1294 piscariis,
1368 1251 1404 1282 et
1435 1246 1471 1281 in
1500 1247 1666 1282 omnibus

167 1303 262 1339 iustis
291 1303 515 1352 pertinentiis
542 1303 622 1345 suis,
648 1303 760 1339 libere
788 1308 825 1339 et
852 1303 982 1350 quiete,
1008 1303 1178 1351 planarie,
1201 1303 1358 1351 pacifice,
1382 1309 1418 1339 et
1441 1303 1637 1340 honorifice
1657 1324 1665 1332 ·

169 1361 349 1397 Faciendo
375 1374 441 1409 pro
467 1361 637 1409 predictis
664 1360 769 1397 terris
792 1360 981 1397 feruieium
1007 1361 1112 1396 vuius
1137 1361 1317 1408 sagittarii,
1343 1374 1408 1409 pro
1437 1361 1536 1396 omni
1566 1374 1666 1397 exac-

167 1419 278 1460 tione,
297 1418 563 1460 consuetudine,
582 1418 725 1454 seruitio
744 1416 785 1454 et'
797 1418 983 1460 demanda,
1001 1418 1046 1453 ad
1068 1431 1125 1454 me
1148 1423 1184 1454 et
1205 1418 1250 1454 ad
1273 1418 1422 1454 heredes
1448 1431 1546 1454 meos
1572 1419 1667 1467 spec-

168 1481 283 1512 tantes
302 1496 310 1504 ·
340 1476 387 1511 Et
411 1476 650 1524 adquietando
676 1476 889 1512 forinsecum
916 1476 1098 1512 seruitium
1117 1476 1269 1511 Domini
1289 1476 1399 1524 Regis
1422 1481 1596 1523 quantum
1621 1477 1666 1512 ad

168 1533 348 1581 predictas
366 1539 477 1569 terras
490 1534 646 1582 pertinet
665 1553 673 1561 ·
702 1534 782 1582 Ego
796 1547 883 1569 vero
901 1533 1013 1581 Hugo
1031 1532 1173 1582 frelkyn
1191 1539 1228 1569 et
1244 1534 1393 1570 heredes
1407 1534 1477 1570 mei
1490 1534 1666 1582 predictas

135 1596 138 1599 ’
167 1596 280 1626 terras
306 1592 571 1639 prenominatae
598 1591 762 1639 predicto
785 1591 948 1639 magistro
973 1591 1127 1640 gilberto
1151 1591 1401 1627 archidiacono
1429 1591 1604 1633 morafie,
1630 1596 1666 1627 et

166 1648 235 1684 illis
260 1649 449 1685 heredibus
473 1649 517 1685 de
540 1649 723 1696 parentela
744 1649 805 1684 sua
826 1648 954 1696 quibus
977 1649 1047 1697 ipse
1069 1649 1153 1685 dare
1171 1654 1207 1684 et
1225 1649 1422 1685 concedere
1440 1649 1606 1690 voluerit,
1630 1654 1666 1684 et

166 1706 356 1742 heredibus
374 1719 511 1748 eorum,
529 1713 656 1742 contra
670 1719 794 1742 omnes
807 1706 969 1742 homines
983 1711 1019 1742 et
1031 1706 1181 1742 feminas
1195 1706 1515 1748 warantizabimus,
1528 1706 1666 1754 acquie-

165 1763 318 1799 tabimus
337 1769 373 1799 et
391 1763 623 1799 defendemus
636 1764 673 1798 in
687 1769 901 1812 perpetuum
917 1783 925 1791 ·
952 1763 1035 1799 Hiis
1052 1763 1195 1800 testibus
1210 1783 1219 1792 ·
1239 1763 1422 1800 Willelmo
1436 1764 1545 1800 fratre
1560 1777 1639 1800 meo
1655 1784 1663 1792 ·

168 1821 317 1856 Andrea
333 1821 443 1857 fratre
462 1834 542 1857 meo
561 1841 570 1849 ·
590 1821 752 1857 Waltero
771 1821 963 1858 OEorthach
982 1841 990 1849 ·
1012 1821 1172 1869 Hugone
1191 1821 1331 1869 Duglas
1350 1841 1358 1849 -
1378 1821 1543 1869 freikyno
1563 1821 1666 1869 Dug-

166 1878 217 1913 las
239 1898 246 1906 ·
277 1879 455 1914 VValdeuo
478 1879 522 1915 de
546 1878 747 1915 Garuiacht
765 1898 774 1907 ·
801 1879 964 1915 Roberto
983 1879 1190 1915 Camerario
1209 1898 1217 1907 ·
1252 1879 1455 1927 Reginaldo
1473 1879 1635 1916 Janitore
1654 1898 1663 1906 ·

168 1935 324 1971 Ricardo
349 1936 393 1972 de
417 1936 579 1972 morauia
593 1956 601 1964 -
622 1936 855 1985 Archybaldo
879 1937 924 1972 de
947 1936 1064 1972 duffus
1078 1956 1087 1964 ·
1107 1936 1310 1984 Augustino
1329 1936 1373 1972 de
1391 1936 1499 1985 elgyn
1514 1956 1522 1964 ·
1542 1937 1664 1972 thoma

165 1992 239 2028 filio
257 1993 431 2041 augustini
450 2013 458 2021 ·
477 1994 643 2031 Johanne
663 1994 768 2042 nigro
787 2013 796 2022 ·
818 1994 1028 2031 Alexandro
1047 1994 1091 2030 de
1109 1994 1218 2042 elgyn
1237 2013 1245 2022 ·
1265 2000 1302 2030 et
1319 1994 1439 2030 multis
1457 1994 1534 2029 aliis
1552 2014 1561 2022 ·

897 2348 919 2377 9
