2060 2660
548 180 863 218 REGISTRUM
891 181 1250 220 MORAVIENSE.
1567 191 1638 223 245

151 287 190 316 to
212 280 397 316 Kilrawok
413 299 421 307 ·
447 280 507 316 the
526 280 616 315 moss
635 293 713 328 myr
731 281 801 315 and
819 293 952 316 martes
970 286 1008 316 to
1026 281 1070 316 be
1088 294 1254 317 common
1271 282 1412 329 pastour
1429 297 1465 318 as
1483 284 1510 319 it
1527 298 1587 320 ves
1605 286 1646 320 of

152 338 251 374 besor
268 343 306 373 to
325 337 420 372 baith
440 338 500 373 the
518 337 650 373 townis
668 357 676 365 ·
696 338 767 373 and
782 338 925 373 ordanis
942 338 1039 373 baith
1053 339 1113 374 the
1127 339 1256 386 parteis
1270 339 1309 374 til
1325 339 1467 375 observe
1485 342 1553 376 and
1571 342 1639 389 kep

151 395 198 430 all
228 394 299 430 thir
326 395 470 443 punctis
498 395 612 430 abouf
629 395 772 431 ‘wrettin
795 395 1026 431 frathinsurth
1049 396 1104 431 for
1130 396 1239 431 thaim
1267 396 1346 431 thar
1369 397 1450 432 airis
1475 399 1544 433 and
1569 399 1640 434 suc-

150 452 314 488 cess'ouris
335 452 378 488 be
397 453 466 488 this
485 466 552 488 our
570 453 713 488 sentenc
735 453 915 488 arbitrour
939 454 1009 489 and
1034 454 1155 489 decret
1174 473 1182 481 ·
1208 454 1325 489 wndir
1350 454 1410 489 the
1436 456 1534 502 panis
1560 469 1640 490 con-

150 510 240 545 tenit
265 509 303 544 in
331 510 391 545 the
419 510 658 558 compromyss
686 530 694 538 ·
722 511 793 546 and
821 511 890 546 this
918 524 985 546 our
1012 511 1152 559 present
1180 511 1313 546 decreit
1339 512 1409 546 and
1435 511 1576 547 sentenc
1603 519 1640 547 to

149 567 280 614 quhom
306 568 334 602 it
359 568 472 603 efferis
494 569 617 615 quhais
637 568 795 616 knaulag
813 582 863 604 we
882 569 963 604 mak
982 570 1009 604 it
1026 569 1162 604 knauin
1181 588 1189 596 ·
1217 568 1373 604 lVrettin
1392 569 1459 616 day
1476 569 1546 603 and
1564 569 1640 616 plac

149 624 263 660 forsad
282 644 290 652 ·
320 625 364 660 In
383 639 534 672 quorum
556 626 717 661 omnium
739 631 775 662 et
796 625 1014 674 singulorum
1033 627 1139 662 fidem
1159 632 1194 661 et
1212 626 1448 661 testimonium
1469 626 1642 674 premisso-

150 695 228 717 rum
247 683 424 730 presentes
442 683 561 718 literas
579 682 647 719 five
666 684 806 731 presens
820 684 1000 731 publicum
1020 683 1291 719 instrumentum
1306 684 1446 731 presens
1460 684 1640 719 decretum

150 739 184 774 in
210 739 242 774 se
270 740 457 775 continens
480 741 540 775 sub
564 739 681 787 figillis
705 741 879 776 nobilium
898 741 1154 776 venerabilium
1177 746 1213 776 et
1232 741 1464 789 providorum
1482 741 1640 776 virorum

150 797 314 832 videlicet
333 796 533 833 Alexandri
552 798 706 833 Dunbar
725 818 732 826 -
760 798 886 835 Jacobi
906 799 1059 834 Dunbar
1083 798 1236 833 militum
1257 818 1264 826 ·
1294 798 1463 833 Willelmi
1482 799 1577 833 thani
1598 798 1640 833 de

150 854 283 890 Caldor
299 874 306 883 ·
327 855 497 890 Duncani
511 855 735 892 makintosch
750 875 758 883 ·
777 856 859 891 Ade
875 856 1029 892 Gordon
1043 856 1197 891 cantoris
1212 875 1220 883 ·
1240 855 1409 890 Willelmi
1426 855 1641 891 'Winchestrc

147 911 352 947 thesaurarii
372 912 512 948 ecclefie
531 913 742 948 cathedralis
764 912 993 950 moraviensis
1012 933 1020 941 ·
1047 914 1187 949 Thome
1206 913 1326 949 Grant
1350 913 1506 948 officialis
1525 915 1641 949 (Dora-

147 968 271 1004 vienfis
299 989 306 997 ·
338 969 509 1006 Willelmi
536 971 650 1006 Doles
676 976 711 1006 et
734 971 906 1007 Willelmi
935 971 1018 1019 Hay
1041 984 1106 1019 pro
1137 970 1213 1018 ipfis
1241 984 1281 1006 ac
1312 984 1374 1018 per
1403 983 1525 1006 omnes
1555 970 1641 1005 alios

148 1027 298 1062 arbitros
325 1028 526 1063 antedictos
557 1041 638 1063 cum
666 1028 829 1064 instantia
858 1029 1056 1077 procuratis
1086 1034 1127 1063 ut
1157 1028 1257 1063 nobis
1288 1028 1434 1063 notariis
1464 1027 1641 1063 constabat

148 1084 304 1131 prefatus
328 1085 546 1120 reverendus
570 1091 670 1133 pater
696 1084 755 1121 fibi
781 1086 859 1121 fieri
885 1086 986 1134 petiit
1012 1086 1152 1134 presens
1170 1086 1350 1133 publicum
1370 1085 1640 1120 instrumentum

149 1154 214 1189 per
240 1155 306 1176 nos
332 1142 495 1177 subscribi
522 1143 736 1178 communiri
762 1149 797 1179 et
821 1143 993 1191 publicari
1016 1156 1096 1178 cum
1120 1143 1282 1178 instantia
1304 1143 1508 1190 procuravit
1527 1162 1535 1170 ·
1567 1142 1640 1178 Da—

149 1205 224 1234 tum
246 1205 282 1234 et
299 1200 421 1235 actum
439 1199 477 1234 in
497 1199 638 1235 ecelefia
655 1201 848 1248 parochiali
867 1201 910 1236 de
926 1200 1027 1236 Narn
1046 1201 1106 1235 sub
1124 1214 1219 1235 anno
1238 1200 1354 1235 mense
1370 1200 1426 1235 die
1443 1199 1639 1235 indictione

147 1262 182 1291 et
206 1257 415 1304 pontificatu
440 1257 566 1304 quibus
589 1257 692 1305 supra
710 1277 718 1285 ·
745 1258 964 1305 presentibus
982 1258 1111 1293 ibidem
1132 1258 1293 1304 Georgio
1318 1257 1463 1292 domino
1483 1257 1526 1292 de
1545 1257 1639 1292 Gor-

146 1314 219 1349 don
246 1333 253 1341 ·
281 1314 448 1351 Johanne
472 1314 573 1362 Lessy
593 1315 636 1350 de
655 1315 805 1350 Vardris
832 1335 839 1342 ·
871 1315 1035 1350 Antonio
1061 1316 1103 1350 de
1129 1315 1241 1350 Ketht
1262 1334 1271 1342 ·
1300 1314 1470 1362 magistris
1488 1314 1637 1349 Valtero

146 1370 248 1419 Lessy
273 1378 307 1407 et
330 1372 496 1408 Johanne
520 1372 632 1420 Spens
656 1373 898 1420 prebendariis
924 1373 968 1408 de
993 1372 1175 1408 Memmor
1196 1378 1231 1407 et
1254 1372 1374 1420 Adwy
1391 1385 1431 1406 ac
1450 1371 1637 1407 Cromdoll

145 1428 375 1465 moraviensis
393 1435 428 1465 et
447 1429 710 1465 Dunkeldenfis
733 1430 910 1466 diocesum
937 1430 1081 1466 testibus
1108 1430 1152 1465 ad
1175 1430 1335 1478 premissa
1352 1429 1485 1464 vocatis
1506 1429 1637 1477 pariter

145 1491 180 1521 et
198 1487 330 1533 rogatis
350 1506 357 1514 ·

146 1543 193 1578 Et
211 1557 278 1591 ego
298 1544 463 1579 dominus
482 1544 674 1580 Gillelmus
694 1544 811 1580 Dowe
834 1544 1013 1593 presbyter
1033 1544 1154 1580 Sanfifi
1174 1543 1322 1579 Andree
1349 1543 1524 1578 dioceseos
1550 1544 1636 1591 pub-

144 1600 232 1635 licus
255 1601 428 1649 imperiali
451 1608 485 1636 et
509 1602 619 1649 regali
643 1602 916 1637 auctoritatibus
943 1602 1101 1637 notarius
1127 1600 1295 1650 premislis
1322 1601 1486 1636 omnibus
1512 1607 1547 1636 et
1572 1599 1636 1637 fin-

143 1658 236 1704 gulis
261 1658 346 1693 dum
369 1657 413 1693 fic
435 1664 476 1693 ut
499 1659 717 1706 premittitur
739 1665 930 1707 agerentur
949 1660 1153 1695 dicerentur
1172 1664 1207 1694 et
1224 1659 1353 1694 fierent
1368 1671 1441 1693 una
1458 1671 1539 1693 cum
1559 1671 1636 1706 pre-

143 1715 335 1750 nominatis
364 1715 507 1751 testibus
537 1717 677 1764 presens
706 1717 851 1752 interfui
877 1730 987 1764 eaque
1014 1717 1134 1752 omnia
1157 1721 1193 1751 et
1218 1714 1354 1763 singula
1378 1714 1421 1750 fic
1448 1715 1525 1751 fieri
1554 1716 1635 1751 scivi

143 1773 216 1807 vidi
238 1778 273 1808 et
297 1773 418 1808 audivi
444 1786 485 1808 ac
511 1774 548 1808 in
575 1782 697 1809 notam
724 1774 801 1822 cepi
827 1774 977 1822 ideoque
1001 1774 1140 1822 presens
1161 1773 1342 1822 publicum
1363 1772 1634 1809 instrumentum

126 1841 250 1865 'manu
276 1831 421 1879 propria
448 1830 560 1879 scripfi
586 1830 753 1878 signoque
780 1838 815 1867 et
841 1832 986 1867 nomine
1012 1832 1099 1867 meis
1122 1844 1195 1866 una
1213 1844 1293 1866 cum
1312 1829 1429 1878 figillis
1446 1831 1634 1866 antedictis

141 1885 272 1934 signavi
286 1894 432 1935 rogatus
447 1894 483 1924 et
497 1888 679 1936 requisitus
698 1890 734 1924 in
753 1889 858 1924 fidem
878 1895 914 1925 et
931 1889 1168 1925 testimonium
1185 1888 1346 1924 omnium
1364 1893 1400 1923 et
1416 1887 1632 1936 singulorum

141 1945 384 1992 premissorum
405 1965 413 1973 ·
670 1950 673 1952 “

142 2001 190 2037 Et
209 2015 276 2050 ego
300 2003 491 2038 Donaldus
509 2004 650 2039 Thome
672 2003 851 2052 presbyter
874 2002 1102 2040 moraviensis
1128 2003 1289 2051 publicus
1314 2002 1502 2051 apostolica
1527 2003 1634 2051 impe-

142 2060 219 2094 riali
233 2065 268 2095 et
283 2061 393 2107 regali
408 2061 681 2096 aucstoritatibus
699 2061 858 2096 notarius
872 2062 954 2108 quia
967 2059 1135 2109 premiffis
1152 2060 1316 2096 omnibus
1334 2066 1370 2096 et
1387 2059 1529 2108 singulis
1547 2060 1631 2095 dum

141 2115 184 2152 fic
207 2123 248 2152 ut
270 2119 489 2166 premittitur
515 2124 707 2166 agerentur
735 2119 938 2154 dicerentur
965 2124 1000 2154 et
1026 2119 1153 2154 fierent
1178 2131 1251 2153 una
1275 2131 1355 2153 cum
1378 2118 1632 2166 prenominatis

141 2174 281 2210 testibus
303 2175 442 2223 presens
467 2177 611 2211 interfui
634 2189 745 2223 eaque
764 2176 885 2211 omnia
903 2182 938 2212 et
955 2175 1090 2224 singula
1107 2175 1151 2211 fic
1168 2176 1245 2211 fieri
1263 2181 1299 2211 et
1317 2176 1385 2210 dici
1403 2176 1475 2210 vidi
1493 2175 1573 2210 scivi
1590 2187 1630 2210 ac

141 2231 260 2267 audivi
279 2238 314 2268 et
332 2233 369 2268 in
385 2239 505 2269 notam
530 2232 654 2282 sumpsi
675 2234 826 2281 ideoque
845 2234 911 2269 hoc
929 2234 1069 2282 presens
1087 2233 1357 2268 instrumentum
1375 2232 1554 2280 publicum
1573 2245 1631 2267 ex-
