2060 2660
243 441 313 478 17⁴2

231 1364 300 1402 173

339 171 410 202 6204·
739 166 1054 204 REGISTRUM
1084 166 1446 204 MORAVIENSE.

344 324 554 372 Preceptum
577 324 686 372 Regis
704 324 748 360 de
766 323 950 372 sigillando
969 324 1056 359 duas
1074 323 1193 358 literas
1211 327 1373 370 patentes
1392 341 1400 348 ·

344 439 524 475 Robertus
541 439 611 475 Dei
626 440 740 487 gratia
756 439 836 474 Rex
852 439 1057 474 Scottorum
1075 435 1285 471 Alexandro
1301 435 1345 470 de
1360 434 1552 471 Cocburne
1571 435 1704 472 custodi
1720 437 1838 484 magni

340 495 439 544 sigilli
467 497 573 533 nostri
602 498 747 533 salutem
767 516 775 524 ·
808 496 1024 531 Mandamus
1050 494 1150 529 vobis
1179 498 1215 528 et
1242 492 1458 541 precipimus
1484 499 1659 540 quatenus
1683 493 1839 541 figilletis

339 554 451 602 sigillo
480 555 598 590 nostro
630 568 760 602 magno
793 553 1004 588 Alexandro
1035 551 1198 599 episcopo
1227 549 1441 586 moravienfi
1470 550 1528 586 vel
1556 551 1624 586 suis
1651 553 1839 587 attornatis

339 612 426 648 duas
451 613 569 648 literas
592 618 753 660 patentes
772 631 780 639 ·
806 623 913 646 unam
938 609 1105 644 videlicet
1123 607 1346 655 dirigendam
1367 608 1507 643 dilectis
1528 608 1695 644 fratribus
1713 608 1838 644 nostris

341 670 550 706 Alexandro
571 670 752 705 Buchanie
775 674 810 704 et
827 667 984 704 Johanni
1004 666 1166 702 moravie
1187 664 1376 700 comitibus
1400 678 1445 700 ne
1469 665 1502 701 se
1527 666 1770 702 intromittant
1793 666 1837 702 de

338 727 447 763 castro
467 728 510 763 de
530 728 650 775 Spyny
668 727 793 774 quovis
812 725 932 761 colore
950 723 1101 771 amplius
1116 742 1124 750 ·
1140 729 1175 758 et
1200 722 1304 757 aliam
1324 727 1531 770 tangentem
1550 724 1728 771 quandam
1751 724 1838 760 obli-

335 785 515 832 gationem
535 786 570 820 in
586 799 655 832 qua
670 784 862 832 Episcopus
880 782 1062 830 predictus
1081 786 1225 816 tenetur
1243 781 1280 815 in
1299 780 1403 816 certis
1417 781 1559 817 summis
1577 782 1699 830 nepoti
1718 782 1836 818 nostro

336 841 477 878 Thome
492 843 565 877 filio
580 848 615 877 et
630 842 749 877 heredi
765 841 852 875 dic'ti
868 839 1019 875 Comitis
1034 839 1196 875 moravie
1208 851 1273 886 pro
1288 837 1489 874 defensione
1504 844 1681 874 terrarum
1694 840 1834 876 suarum

335 906 370 935 et
388 899 632 948 poss'essionum
649 919 656 927 ·
672 912 740 946 que
758 911 831 933 non
852 897 1095 933 defenduntur
1108 909 1229 944 ymmo
1243 895 1423 931 vastantur
1438 916 1446 924 ·
1463 910 1506 932 ex
1525 910 1596 944 quo
1616 910 1678 945 per
1697 897 1833 933 causam

335 959 431 994 dieta
459 958 629 1005 obligatio
656 957 758 992 nobis
787 962 822 991 et
850 955 968 991 nostro
993 953 1138 990 confilio
1160 954 1304 990 videtur
1328 954 1509 1002 exspirasse
1529 974 1537 982 ·
1567 955 1667 997 Quas
1691 955 1834 1002 quidem

334 1016 452 1052 literas
470 1016 569 1051 vobis
587 1015 647 1050 sub
666 1014 776 1062 figillo
795 1013 914 1049 nostro
932 1012 1083 1061 signatas
1101 1012 1276 1047 mittimus
1302 1031 1310 1039 ·
1343 1011 1480 1047 Datum
1506 1012 1567 1048 sub
1585 1011 1696 1060 sigillo
1715 1012 1834 1049 nostro

332 1074 464 1109 secreto
483 1074 577 1121 apud
597 1074 748 1109 Sconam
769 1072 851 1107 -xix·
872 1071 928 1107 die
949 1070 1102 1118 Augusti
1122 1090 1130 1098 ·
1149 1083 1245 1106 anno
1265 1070 1366 1117 regni
1386 1070 1494 1105 nostri
1512 1070 1628 1119 primo
1647 1090 1656 1098 ·

329 1245 545 1294 Supplicatio
566 1245 730 1294 Episcopi
748 1258 814 1293 pro
833 1244 993 1280 remedio
1012 1244 1288 1280 reedificationis
1306 1244 1365 1280 sue
1384 1242 1525 1280 ecclefie
1545 1263 1553 1272 ο

330 1361 542 1397 Humillima
561 1362 630 1397 mei
649 1360 1001 1397 recommendatione
1019 1360 1182 1408 premiss'a
1200 1380 1208 1388 ·
1228 1361 1393 1409 princeps
1412 1359 1621 1396 sereniflime
1637 1366 1672 1396 et
1687 1361 1831 1397 domine

327 1420 516 1454 metuende
536 1439 544 1447 ·
565 1420 734 1467 dignetur
761 1419 848 1454 scire
876 1417 1047 1454 celfitudo
1076 1419 1176 1466 regia
1199 1432 1256 1454 me
1285 1418 1507 1454 debilitatum
1533 1418 1628 1454 senio
1653 1424 1688 1454 et
1710 1419 1831 1455 multis

327 1477 639 1524 depredationibus
657 1483 692 1513 et
715 1477 911 1513 latrociniis
938 1476 1219 1525 depauperatum
1247 1482 1283 1512 et
1309 1476 1535 1512 confractum
1562 1489 1602 1512 ac
1625 1477 1669 1512 ad
1693 1482 1828 1513 tantam

328 1535 511 1569 redactum
531 1535 686 1583 inopiam
706 1536 802 1583 quod
821 1535 879 1570 vix
898 1535 1008 1570 vitam
1029 1548 1224 1583 pauperem
1243 1548 1308 1583 pro
1328 1547 1384 1570 me
1403 1540 1438 1570 et
1456 1534 1576 1582 paucis
1599 1534 1829 1571 familiaribus

326 1592 427 1627 valeo
456 1592 620 1628 sustinere
646 1613 654 1621 ·
680 1606 761 1629 cum
790 1606 921 1641 magna
950 1593 1159 1628 difficultate
1185 1593 1230 1628 ad
1258 1592 1348 1628 istud
1376 1592 1649 1641 parliamentum
1673 1592 1827 1628 vestrum

326 1650 421 1697 apud
440 1650 591 1685 Sconam
610 1650 670 1686 ista
688 1651 764 1687 vice
783 1670 791 1678 ·
820 1664 885 1699 pro
910 1651 1070 1687 remedio
1093 1650 1368 1687 reedificationis
1393 1648 1533 1686 ecclesie
1561 1663 1639 1686 mee
1665 1664 1734 1698 que
1760 1650 1827 1686 fuit

326 1706 471 1754 speciale
490 1708 602 1755 patrie
622 1708 728 1744 decus
747 1728 755 1736 ·
775 1709 877 1756 regni
901 1709 1017 1756 gloria
1043 1714 1078 1745 et
1105 1709 1298 1744 delectatio
1326 1714 1579 1743 extraneorum
1607 1713 1643 1743 et
1664 1708 1826 1757 superve-

326 1764 499 1800 nientium
525 1765 699 1813 hospitum
725 1766 801 1801 laus
826 1772 861 1801 et
885 1767 1053 1802 exaltatio
1078 1767 1193 1802 laudis
1215 1767 1251 1802 in
1273 1766 1391 1814 regnis
1416 1766 1593 1801 extraneis
1611 1766 1648 1801 in
1667 1766 1826 1802 multitu-

326 1822 408 1857 dine
427 1822 653 1858 servientium
673 1829 708 1858 et
726 1830 855 1859 ornatu
874 1825 1115 1872 pulcherrimo
1139 1844 1147 1853 ·
1176 1830 1211 1860 et
1229 1825 1266 1860 in
1284 1837 1354 1872 qua
1371 1829 1412 1859 ut
1430 1824 1588 1859 creditur
1607 1824 1709 1859 Deus
1726 1824 1825 1860 recte

326 1879 508 1915 colebatur
536 1900 544 1908 ·
573 1886 613 1915 ut
631 1881 674 1916 de
693 1881 772 1916 altis
790 1881 892 1929 ipsius
910 1882 1165 1930 campanilibus
1191 1888 1226 1918 et
1255 1882 1299 1918 de
1326 1880 1562 1918 venustiffimo
1592 1880 1694 1930 ipfius
1722 1895 1825 1930 appa-

327 1943 404 1972 ratu
424 1938 612 1973 intrinseco
631 1945 667 1974 et
679 1939 854 1986 jocalibus
873 1939 975 1987 ipsius
993 1940 1191 1976 innumeris
1208 1946 1344 1976 taceam
1365 1959 1373 1968 ·
1395 1939 1628 1988 personaliter
1651 1953 1731 1975 eum
1750 1940 1825 1987 qui-

325 1994 468 2030 busdam
488 1995 628 2031 eeclefie
647 2009 724 2031 mee
743 1998 921 2032 canonicis
940 1998 1108 2034 labor-affe
1128 2018 1135 2026 ·
1160 2004 1195 2034 et
1221 1998 1304 2046 quia
1327 1997 1438 2046 ipsum
1457 1997 1731 2046 parliamentum
1750 2009 1824 2032 non

324 2053 441 2088 tenuit
457 2066 523 2088 nec
542 2054 641 2101 potui
659 2067 724 2102 pro
743 2055 974 2102 expensarum
994 2056 1137 2092 defectu
1156 2057 1200 2092 ad
1220 2069 1284 2091 vos
1303 2056 1453 2091 ulterius
1470 2055 1633 2098 laborare
1651 2074 1660 2082 ·
1685 2054 1822 2089 causam

325 2109 396 2145 Dei
419 2116 454 2146 et
478 2110 618 2147 ecclesie
641 2124 719 2146 mee
743 2112 777 2146 in
804 2111 990 2159 majestatis
1008 2114 1119 2150 vestre
1142 2115 1239 2162 regie
1265 2114 1404 2149 deduco
1432 2113 1638 2148 memoriam
1659 2132 1667 2140 -
1696 2112 1824 2160 suppli-

324 2181 407 2203 cans
430 2174 602 2215 quantum
622 2169 757 2217 poss'um
775 2169 943 2205 humilius
961 2177 1135 2218 quatenus
1154 2171 1392 2207 incendiarios
1414 2177 1449 2206 et
1471 2170 1718 2206 malefactores
1736 2169 1824 2205 alios

324 2226 518 2273 dignemini
538 2227 582 2262 ad
602 2225 705 2275 ipsius
723 2227 1024 2264 reedificationem
1048 2229 1202 2265 debitam
1226 2235 1262 2265 et
1283 2229 1433 2265 aliorum
1454 2229 1690 2276 dampnorum
1710 2227 1823 2262 illato-
