1912 2660
111 230 166 257 446

112 658 167 686 447

113 1175 169 1203 448

111 1644 167 1673 449

588 127 902 165 REGISTRUM
931 127 1289 166 MORAVIENSE.
1605 133 1677 170 419

194 227 351 258 Renovatio
370 224 542 254 affedationis
563 225 733 253 decimarum
750 226 905 262 garbalium
919 226 1039 254 ecclefiae
1054 226 1246 254 commensalis
1259 227 1292 255 de
1307 227 1483 266 Rothemaye
1496 229 1529 257 ab
1545 229 1680 268 Episcopo

193 286 257 305 cum
271 273 403 303 consensu
415 271 530 310 capituli
544 272 668 300 concessa
679 272 823 300 Willelmo
837 272 951 300 domino
965 273 999 300 de
1016 273 1184 310 Abirnethy‚
1201 273 1359 311 Rothemay
1373 279 1401 303 et
1417 276 1531 303 Saltoun
1547 280 1574 304 et
1590 276 1679 304 Alex-

193 323 278 351 andro
290 320 420 358 magistro
436 319 553 348 Saltoun
568 318 627 357 ejus
641 318 708 352 filio,
723 329 774 356 pro
792 320 826 346 19
840 319 930 347 annis.
972 319 1113 347 Solvendo
1126 319 1270 347 annuatim
1287 320 1368 354 L.40‚
1383 326 1411 349 et
1425 322 1526 350 dictam
1541 322 1679 350 ecclefiam

192 369 342 408 reparando
363 371 391 396 et
412 366 610 405 supportando.
651 365 781 394 Testibus
796 366 921 403 Georgio
942 366 1044 394 comite
1061 367 1094 394 de
1114 366 1242 400 Huntlie,
1263 367 1392 403 magistro
1408 368 1530 405 Georgio
1545 369 1679 397 Gordoun

191 415 390 446 constabulario
403 414 437 442 de
452 413 654 451 Baidyenocht,
674 413 794 441 dominis
810 418 838 441 et
852 413 990 450 magistris
1005 413 1114 450 Magno
1127 413 1219 441 Vause
1233 418 1340 441 rectore
1354 415 1387 442 de
1400 415 1449 451 Jy,
1463 415 1591 444 Johanne
1607 417 1680 445 Gor-

191 465 266 492 doun
279 462 382 491 vicario
395 461 429 489 de
445 461 532 494 Keth,
550 461 674 497 Hugone
689 460 793 497 Cragy,
816 460 961 488 Willelmo
976 460 1122 498 Wyisman
1136 460 1252 488 notariis
1266 465 1294 489 et
1308 460 1421 489 domino
1436 461 1545 489 Thema
1558 462 1679 491 Wallace

191 510 293 539 vicario
306 510 340 538 de
356 508 459 547 Spyne.
501 507 586 546 Apud
601 507 742 535 ecclesiam
757 507 953 542 cathedralem,
971 509 1006 536 16
1024 507 1129 546 Aprilis
1149 507 1229 536 1540.

193 651 269 681 Tack
289 650 322 679 of
337 651 387 679 the
406 649 558 688 personage
579 648 612 677 of
630 649 792 686 Rothemay
806 649 859 676 and
881 648 914 676 of
930 649 979 677 the
999 648 1151 686 personage
1172 649 1226 677 and
1244 649 1370 686 vicarage
1391 649 1423 676 of
1440 648 1518 678 Keth
1532 650 1572 678 set
1585 650 1619 678 be
1633 651 1681 678 the

192 699 311 736 Bischop
326 697 395 726 with
410 696 525 725 consent
540 696 572 724 of
588 696 638 724 the
653 696 789 734 cheptour
802 700 833 724 to
850 696 1013 724 Alexander
1027 696 1103 724 Lord
1119 696 1235 724 Saltoun
1250 696 1294 723 for
1307 700 1431 733 nyneten
1445 697 1528 734 yeris.
1569 697 1682 736 Payand

192 745 308 775 thairfor
326 744 423 782 yeirlie
442 745 500 772 460
515 743 620 771 merkis
634 747 665 771 to
678 743 728 771 the
745 743 864 780 Bischop
878 747 906 771 at
920 748 977 771 twa
991 743 1087 771 termis
1104 743 1188 771 Sanct
1205 743 1288 771 Serfis
1303 744 1355 780 day
1369 744 1423 771 and
1438 744 1487 771 All
1500 744 1681 778 hallowmess,

191 793 245 821 and
261 797 292 821 to
312 792 361 821 the
382 791 458 819 vicar
477 790 624 829 penfionar
644 789 677 818 of
693 790 797 818 Keitht
817 790 861 817 his
883 790 980 827 yeirlie
1000 790 1144 828 penfioun‚
1165 791 1218 818 and
1232 791 1294 818 that
1308 790 1337 817 in
1353 790 1570 819 confideratioun
1586 792 1618 819 of
1633 792 1682 820 the

191 840 278 868 inlaik
291 839 325 868 of
333 849 412 877 corps
426 838 561 877 presents,
582 837 682 876 pasche
695 837 787 875 fynes,
800 837 900 865 umaist
915 837 1024 865 claithis
1039 838 1091 865 and
1106 837 1214 866 utheris
1227 837 1366 875 profeittis
1381 837 1413 865 of
1427 838 1476 866 the
1490 838 1545 866 said
1559 838 1683 877 vicar-age

192 887 224 916 of
234 887 336 916 Keitht
346 886 456 915 deducit
469 886 503 914 be
518 885 567 913 the
581 885 678 913 trubill
690 884 723 912 of
732 885 780 913 the
794 885 860 912 kirk
874 884 961 913 laitlie
975 885 1057 918 maid,
1069 885 1168 922 quhilk
1179 895 1234 912 was
1248 885 1297 913 the
1312 885 1391 913 maist
1405 889 1466 923 part
1480 885 1513 913 of
1521 886 1570 914 the
1583 886 1684 923 profeit

193 934 226 963 of
234 935 284 964 the
298 934 354 962 said
366 934 491 971 vicarage
504 944 511 966 3
531 933 585 960 and
599 933 648 961 the
663 932 719 960 said
735 932 809 960 Lord
823 936 854 960 to
868 932 979 970 upbald,
997 932 1053 960 beit
1068 933 1122 960 and
1135 932 1218 960 mend
1233 932 1335 969 during
1348 932 1397 960 the
1411 932 1534 961 forsaidis
1547 933 1621 970 yeirs
1634 934 1683 962 the

193 982 272 1021 queir
290 981 323 1010 of
337 981 495 1018 Rothemay
512 980 541 1007 in
563 979 684 1017 theking
706 980 760 1007 and
782 979 891 1007 utheris
914 979 1056 1008 necessaris
1077 979 1254 1017 reparatioun
1276 979 1445 1017 concerning
1463 980 1512 1008 the
1533 980 1683 1018 personage

193 1028 306 1058 thereos
315 1038 409 1067 upoun
422 1027 466 1056 his
480 1027 552 1055 awin
567 1027 657 1055 costis.
700 1027 740 1055 At
757 1027 851 1065 Spyne
865 1027 919 1054 and
935 1026 1029 1064 Elgin,
1044 1028 1081 1055 28
1097 1027 1168 1054 Maii
1186 1027 1269 1054 1570.

194 1171 277 1200 Carta
290 1170 449 1198 feodifirmae
463 1169 497 1197 ab
512 1169 649 1208 Episcopo
670 1179 735 1197 cum
756 1169 892 1197 consensu
912 1169 1026 1207 capituli
1042 1169 1115 1198 facta
1131 1170 1292 1198 Alexandro
1307 1170 1387 1207 Keyr
1402 1170 1582 1208 Makyntosy,
1597 1175 1682 1199 terra-

192 1228 254 1246 rum
274 1217 513 1246 ecclefiasticarum
537 1217 571 1245 de
597 1217 831 1254 Rothymurchus
846 1217 874 1244 in
890 1217 943 1245 vic:
959 1217 992 1245 de
1007 1218 1160 1250 Innernes;
1182 1217 1334 1245 Reddendo
1354 1219 1392 1245 24
1412 1227 1517 1246 mercas
1537 1218 1682 1246 annuatim

192 1266 278 1294 donec
292 1269 320 1293 et
334 1265 474 1302 quousque
489 1264 580 1293 dictus
596 1265 760 1293 Alexander
775 1264 818 1292 vel
834 1264 892 1302 ejus
907 1265 1022 1292 heredes
1039 1264 1242 1292 infeodaverint
1258 1264 1424 1302 Episcopum
1439 1269 1467 1293 et
1481 1265 1634 1303 capitulum
1648 1266 1682 1294 de

192 1313 285 1341 decem
299 1312 404 1340 libratis
418 1316 557 1340 terrarum
568 1312 601 1340 de
614 1312 693 1349 Rege
704 1312 899 1345 tenendarum,
913 1312 942 1339 in
957 1312 1018 1340 loco
1033 1312 1202 1349 competenti
1216 1312 1244 1339 in
1259 1312 1336 1349 aquis
1350 1313 1383 1340 de
1399 1312 1474 1350 Spey
1485 1318 1513 1341 et
1525 1313 1595 1350 Nys,
1609 1313 1684 1341 inter

192 1359 216 1388 lc
226 1359 294 1398 glen
306 1359 339 1387 de
354 1359 463 1387 Rothes
478 1364 506 1388 et
521 1369 606 1393 mare,
621 1359 667 1387 vel
681 1359 756 1387 inter
766 1359 909 1387 baroniam
924 1359 957 1387 de
968 1359 1083 1397 Lethyn
1098 1364 1126 1387 et
1137 1369 1221 1392 mare,
1233 1359 1277 1387 vel
1289 1359 1384 1387 saltem
1399 1359 1428 1386 in
1442 1360 1515 1388 dieta
1528 1360 1640 1388 baronia
1654 1366 1682 1389 et

193 1416 248 1434 non
261 1406 344 1435 altius
353 1406 529 1444 jacentium;
549 1416 605 1444 quo
625 1405 707 1440 facto,
728 1406 818 1434 dictus
839 1406 1002 1434 Alexander
1020 1406 1131 1434 habebit
1150 1406 1236 1434 dictas
1254 1411 1340 1434 terras
1359 1407 1392 1434 de
1407 1407 1638 1445 Rothymurchus
1653 1408 1681 1436 in

192 1463 288 1482 verum
303 1453 479 1482 excambium
493 1463 544 1492 pro
559 1453 640 1482 dictis
655 1454 750 1482 decem
769 1453 876 1482 libratis
895 1458 985 1488 terrae,
1009 1454 1160 1482 Reddendo
1173 1464 1260 1481 unum
1275 1463 1390 1492 germen
1404 1454 1552 1492 abiegnum
1569 1455 1588 1483 s1
1607 1460 1684 1494 peta-

192 1505 246 1529 tur.
287 1501 372 1539 Apud
387 1501 481 1539 Elgin,
496 1503 515 1529 4
531 1501 702 1540 Septembris
720 1502 803 1529 1464.

192 1642 373 1671 Confirmatio
388 1644 421 1671 ab
437 1643 573 1682 Episcopo
593 1644 656 1673 data
674 1648 757 1672 cartae
772 1643 941 1672 venditionis
954 1644 987 1672 ab
1004 1644 1096 1671 Alano
1111 1644 1191 1681 Keyr
1205 1643 1384 1681 McKyntosy
1403 1644 1436 1672 de
1459 1644 1681 1672 Rathamurcous

190 1691 319 1719 conceffae
332 1691 463 1728 magistro
478 1691 603 1729 Georgio
617 1692 756 1721 Gordoun
772 1691 973 1719 constabulario
984 1691 1017 1719 de
1033 1691 1168 1719 Ruthven
1183 1692 1216 1719 de
1228 1691 1418 1729 Baidyenoch,
1432 1692 1582 1720 earundem
1595 1696 1680 1720 terra-

189 1746 252 1765 rum
266 1738 299 1766 de
315 1738 540 1767 Rathamurcous
555 1749 619 1767 cum
634 1739 696 1767 lacu
711 1743 739 1767 et
754 1739 877 1767 manerie
892 1739 940 1767 seu
954 1738 1100 1773 fortalicio,
1121 1739 1304 1767 tenendarum
1318 1739 1351 1767 de
1367 1739 1504 1777 Episcopo
1517 1738 1566 1767 sub
1581 1739 1681 1768 eisdem

190 1785 392 1814 conditionibus
415 1790 443 1814 et
465 1796 530 1814 cum
553 1787 648 1815 eadem
671 1787 806 1824 potestate
828 1787 964 1815 excambii
986 1797 1047 1824 quae
1068 1786 1098 1814 in
1117 1791 1192 1814 carta
1206 1786 1363 1814 Alexandri
1377 1786 1574 1819 continentur;
1595 1787 1680 1815 libero

189 1835 350 1860 tenemento
361 1833 499 1861 reservato
512 1843 563 1871 pro
577 1838 704 1872 tempore
719 1834 785 1862 vitae
799 1834 866 1862 dicti
882 1834 978 1862 Alani.
1020 1834 1122 1863 Coram
1136 1833 1260 1868 testibus,
1276 1833 1401 1870 Georgio
1417 1833 1519 1862 comite
1534 1835 1566 1862 de
1583 1834 1678 1862 Hunt-

189 1878 244 1916 lye,
260 1879 389 1909 Johanne
403 1880 485 1918 Lessy
498 1881 532 1909 de
548 1881 630 1919 Syde,
646 1882 776 1910 Johanne
792 1882 929 1910 Gordoun
943 1881 1001 1909 filio
1018 1885 1046 1909 et
1065 1881 1329 1919 apparente‘herede
1343 1881 1481 1910 ¹Iohannis
1496 1881 1631 1910 Gordoun
1645 1882 1678 1909 de

190 1925 312 1963 Lungar,
334 1927 439 1956 Jacobo
461 1928 580 1966 Murray
595 1928 710 1967 juniore
732 1929 846 1956 domino
868 1929 902 1957 de
925 1929 1083 1966 Coubardy,
1109 1929 1273 1957 Alexandro
1296 1928 1407 1956 Bailzee
1426 1928 1625 1957 constabulario
1643 1929 1676 1956 de

188 1972 332 2007 Innernes,
356 1974 476 2003 Patricio
499 1975 595 2014 Trwip
618 1980 646 2004 et
670 1976 784 2004 Andrea
805 1977 896 2013 Boyn,
921 1977 994 2014 apud
1015 1976 1160 2010 Innernes,
1184 1977 1221 2003 26
1240 1976 1408 2004 Novembris
1425 1976 1509 2003 1539.
1550 1976 1676 2004 Testibus

187 2020 220 2048 ad
238 2021 486 2056 confirmationem,
507 2023 646 2061 magistris
663 2023 769 2052 Jacobo
793 2024 993 2052 Strathauchin
1016 2028 1123 2052 rectore
1141 2024 1174 2052 de
1196 2023 1371 2057 Fettircairn,
1390 2023 1520 2052 Johanne
1540 2023 1674 2061 Hepburn

186 2069 292 2096 rectore
306 2069 338 2097 de
354 2069 451 2108 Dalry,
467 2070 598 2099 Johanne
610 2071 738 2108 Douglas
752 2071 855 2100 vicario
869 2072 903 2099 de
916 2071 1061 2105 Galstoun‚
1078 2071 1241 2099 Alexandro
1253 2071 1376 2099 Mcssrek
1390 2071 1516 2108 burgensi
1531 2071 1563 2098 de
1579 2070 1674 2103 perth,

188 2113 298 2143 Thomu
312 2116 429 2154 Ogiluy,
451 2117 573 2146 Patricio
588 2118 736 2156 Kynnard,
757 2118 878 2147 dominis
894 2119 1020 2148 Roberto
1035 2119 1190 2153 Davisoun‚
1207 2118 1328 2147 Patricio
1343 2118 1414 2146 Ross
1429 2123 1457 2146 et
1473 2118 1582 2146 Thoma
1597 2117 1673 2145 Wal-

187 2171 255 2197 oare,
269 2163 427 2202 capellanis.
468 2165 554 2204 Apud
568 2165 665 2203 Elgin‚
679 2166 698 2194 3
712 2166 839 2195 Januarii
858 2166 941 2198 1539.
