1912 2660
633 162 949 200 REGISTRUM
976 165 1337 205 MORAVIENSE.
1655 180 1726 216 289

236 320 445 368 Preceptum
465 319 508 354 de
527 318 733 354 investitura
751 319 1017 368 capellanorum
1035 321 1073 356 in
1091 321 1232 357 ecclefia
1250 323 1294 358 de
1313 323 1533 362 Lochalveth
1552 347 1560 355 ·

135 430 205 463 225
231 434 414 471 Johannes
434 432 660 481 permissione
682 434 804 470 divina
822 434 1053 472 moravienfis
1079 435 1220 473 ecclefie
1247 438 1402 474 minister
1427 440 1569 476 humilis
1595 442 1725 478 dile&o

230 490 290 527 fibi
310 491 348 526 in
366 490 506 527 Christo
530 491 677 527 domino
700 491 855 528 Cristino
881 499 1055 541 perpetuo
1078 494 1210 530 vicario
1237 495 1282 531 de
1306 495 1525 532 Lochalveth
1554 498 1698 535 salutem
1717 520 1725 528 ·

231 548 342 585 Vobis
359 549 397 584 in
415 549 548 584 virtute
572 548 774 586 obedientie
795 550 946 586 firmiter
972 551 1202 599 precipiendo
1228 554 1438 589 mandamus
1464 556 1629 602 quatinus
1654 557 1725 604 ple-

229 619 311 642 nam
337 606 579 642 investituram
606 612 642 642 et
668 607 891 656 corporalem
918 607 1159 656 pofi'eflionem
1183 609 1323 646 ecclefie
1348 611 1391 646 de
1410 611 1631 648 Lochalveth
1649 626 1725 661 pre-

229 664 323 699 ᾶίἇὶθ
343 683 351 691 ·
370 665 529 699 vacantis
547 677 610 712 per
629 663 902 713 resignationem
922 666 1059 701 domini
1078 667 1229 714 Aymeri
1253 668 1297 703 de
1316 668 1474 704 VVenton
1496 670 1630 705 dudum
1653 684 1725 706 rec-

227 722 313 757 toris
340 720 482 757 ecclefie
511 722 667 770 ejusdem
686 742 695 751 ·
725 723 872 759 domino
893 723 1053 760 Johanni
1078 725 1121 760 de
1144 724 1306 761 Dichton
1329 727 1554 773 procuratori
1578 728 1725 775 capella-

225 793 355 815 norum
385 779 661 828 capellaniarum
691 780 831 816 ecclefie
860 781 976 817 nostre
1003 782 1214 818 cathedralis
1241 783 1286 819 de
1311 783 1429 831 Elg'yn
1455 785 1616 832 predi&e
1642 799 1722 821 cum

226 838 390 873 omnibus
415 837 483 873 suis
504 837 646 886 juribus
673 844 709 874 et
734 839 959 887 pertinentiis
985 840 1138 875 fideliter
1164 841 1311 876 tradatis
1330 860 1338 868 ·
1361 841 1438 877 vioe
1457 848 1492 877 et
1509 843 1723 878 au&oritate

225 895 342 931 nostra
359 909 446 943 quas
463 895 564 931 vobis
582 896 779 944 specialiter
794 897 1050 933 committimus
1068 911 1132 946 per
1148 898 1327 946 presentes
1347 918 1355 926 ·
1384 899 1429 934 In
1448 899 1548 948 cujus
1566 900 1617 936 rei
1635 900 1724 936 testi-

225 954 386 989 monium
404 953 466 988 has
484 953 620 989 litteras
638 953 772 990 nostras
789 953 902 1002 figillo
920 955 1039 991 nostro
1058 954 1208 1003 signatas
1226 956 1326 991 vobis
1343 957 1517 992 mittimus
1538 964 1699 1005 patentes
1714 978 1722 985 ·

226 1010 363 1046 Datum
382 1011 477 1059 apud
496 1011 526 1046 F
527 1011 708 1059 yndlargis
727 1012 783 1048 die
802 1012 908 1048 Lune
926 1013 964 1047 in
982 1012 1131 1048 crastino
1150 1013 1243 1049 beati
1262 1014 1376 1050 (Darei
1394 1015 1605 1062 evangeliste
1626 1029 1721 1051 anno

225 1068 375 1103 Domini
394 1072 551 1105 ·(o⁰·ccc⁰·
570 1067 743 1105 tricefimo
762 1070 869 1106 tertio
889 1090 896 1097 ·

223 1241 384 1277 Donatio
401 1242 508 1277 unius
526 1248 626 1290 petre
645 1255 725 1278 cere
747 1243 932 1278 annuatim
951 1243 996 1278 ad
1015 1243 1190 1279 luminare
1208 1243 1327 1278 altaris
1346 1243 1447 1279 beate
1465 1245 1578 1281 marie
1598 1264 1606 1272 ·

222 1355 401 1392 Omnibus
425 1357 492 1392 hoc
516 1357 684 1405 seriptum
701 1357 825 1393 visuris
843 1358 901 1394 vel
919 1358 1092 1394 audituris
1111 1357 1231 1394 Adam
1251 1358 1294 1394 de
1314 1358 1504 1406 Berewyco
1523 1359 1615 1395 filius
1635 1360 1721 1396 Wil-

221 1414 319 1450 lelmi
337 1415 381 1450 de
400 1415 595 1463 Berewyco
614 1415 794 1462 quondam
813 1415 994 1464 burgensis
1013 1416 1056 1451 de
1077 1416 1195 1463 Elgyn
1213 1422 1372 1451 eternam
1391 1416 1428 1451 in
1448 1416 1608 1452 Domino
1633 1418 1719 1454 salu-

221 1478 320 1507 tem·
357 1473 541 1508 Noveritis
570 1471 723 1508 universi
753 1486 810 1509 me
841 1472 1037 1509 concessisse
1069 1480 1104 1509 et
1135 1474 1180 1508 ad
1210 1474 1351 1509 feodam
1382 1474 1520 1509 firmam
1552 1474 1718 1511 demififl'e

218 1529 376 1564 Johanni
394 1530 467 1565 filio
493 1530 659 1565 Nicholai
682 1530 846 1578 burgenfi
870 1531 913 1567 de
940 1531 1057 1578 Elgyn
1076 1544 1185 1566 unam
1202 1531 1348 1566 botham
1367 1531 1518 1567 debilem
1542 1538 1577 1567 et
1598 1533 1718 1568 ruino-

219 1587 287 1621 sam
315 1600 419 1634 quam
445 1593 591 1635 propter
618 1587 864 1635 impotentiam
893 1595 928 1624 et
958 1587 1268 1636 impossibilitatem
1293 1601 1408 1624 meam
1436 1595 1471 1624 et
1493 1589 1714 1636 frequentem

217 1644 408 1679 absentiam
431 1658 544 1680 meam
569 1645 612 1680 de
631 1645 788 1692 partibus
811 1652 1044 1681 manutenere
1066 1659 1131 1681 nec
1151 1659 1316 1694 reparare
1334 1646 1435 1694 potui
1457 1666 1466 1674 ·
1480 1646 1660 1695 jacentem
1679 1650 1715 1683 in

217 1702 335 1737 medio
353 1702 437 1737 ville
457 1702 500 1737 de
520 1702 639 1750 Elgyn
657 1703 751 1738 inter
769 1709 900 1739 terram
927 1704 1072 1739 Ricardi
1100 1704 1143 1739 de
1172 1703 1272 1739 Cotis
1296 1717 1340 1740 ex
1365 1709 1465 1751 parte
1490 1705 1654 1740 orientali
1679 1713 1714 1742 et

217 1758 334 1794 forum
353 1772 397 1794 ex
416 1760 628 1795 occidentali
648 1779 655 1787 ·
684 1761 875 1796 tenendam
901 1767 936 1796 et
959 1761 1158 1796 habendam
1182 1761 1319 1809 prefato
1343 1761 1501 1798 Johanni
1527 1762 1715 1799 heredibus

170 1833 173 1836 ⁴
218 1817 284 1851 suis
301 1817 359 1852 vel
377 1815 553 1865 assignatis
567 1817 678 1853 libere
693 1838 701 1845 ·
722 1819 840 1865 quiete
856 1838 864 1846 ·
883 1819 1028 1867 pacifice
1047 1824 1083 1854 et
1101 1818 1297 1854 honorifice
1315 1819 1353 1854 in
1370 1825 1583 1867 perpetuum
1603 1839 1611 1847 ·
1636 1822 1713 1856 red-

218 1874 335 1910 dendo
354 1875 438 1910 inde
456 1876 641 1911 annuatim
665 1876 711 1911 ad
733 1876 909 1912 luminare
933 1876 1034 1912 beate
1057 1876 1170 1913 <uarie
1196 1877 1233 1911 in
1261 1876 1395 1924 capella
1421 1876 1513 1912 infra
1535 1877 1712 1913 ecclesiam

217 1931 309 1967 beati
328 1932 447 1980 Egidii
465 1946 573 1968 unam
593 1939 728 1981 petram
742 1947 822 1969 cere
834 1934 878 1969 ad
897 1935 1068 1970 terminos
1087 1934 1273 1969 consuetos
1292 1953 1300 1961 ·
1313 1934 1399 1969 mihi
1417 1947 1503 1970 vero
1523 1940 1558 1970 et
1576 1935 1712 1971 heredi-

216 1988 279 2024 bus
299 1990 384 2025 meis
402 1991 586 2026 annuatim
606 1991 751 2027 nomine
766 1991 861 2027 feodi
875 1998 946 2027 tres
961 1992 1125 2027 denarios
1137 1992 1222 2027 boni
1236 1992 1375 2039 argenti
1389 1992 1433 2026 ad
1450 1991 1572 2027 festum
1590 1992 1711 2029 Saneti

216 2046 334 2094 Egidii
351 2047 478 2095 absque
497 2049 595 2083 omni
620 2049 689 2083 alio
712 2062 821 2085 onere
843 2050 1031 2085 exa6tione
1049 2050 1221 2097 petitione
1244 2048 1313 2085 five
1337 2050 1512 2085 demanda
1536 2050 1680 2085 seculari
1700 2071 1708 2078 ·

215 2103 293 2152 Ego
311 2118 397 2141 vero
417 2112 452 2141 et
470 2106 618 2142 heredes
637 2107 706 2142 mei
728 2107 927 2154 predi&am
951 2107 1096 2142 botham
1120 2120 1202 2142 cum
1227 2107 1391 2143 omnibus
1415 2113 1450 2142 et
1473 2106 1615 2154 fingulis
1633 2120 1708 2155 per-

213 2161 370 2198 tinentiis
384 2163 451 2199 suis
469 2163 690 2199 libertatibus
706 2165 1018 2200 commoditatibus
1036 2171 1070 2200 et
1083 2164 1302 2213 ayfiamentis
1321 2164 1475 2212 ejusdem
1493 2164 1629 2212 prefato
1646 2165 1707 2201 Jo-

214 2218 320 2255 hanni
346 2220 536 2257 heredibus
560 2222 627 2257 suis
646 2222 703 2257 vel
722 2221 898 2270 assignatis
916 2236 982 2271 pro
1000 2223 1102 2258 firma
1126 2223 1327 2271 supradififfi
1348 2228 1473 2258 contra
1496 2234 1618 2257 omnes
1646 2222 1706 2256 ho-

909 2284 930 2315 2
950 2292 972 2315 o
