2060 2660
555 184 869 221 REGISTRUM
898 185 1261 224 MORAVIENSE.
1582 199 1650 237 179

157 286 212 321 nis
230 284 278 321 est
295 289 331 321 et
347 282 557 319 habundans
575 283 613 318 in
629 282 806 318 fructibus
825 288 860 318 et
878 283 1073 318 multorum
1093 284 1268 320 nobilium
1287 287 1437 323 militum
1454 295 1489 325 et
1502 291 1651 327 aliorum

156 344 317 379 virorum
335 340 530 376 valentium
546 340 757 375 concursum
771 339 904 375 habens
919 359 928 368 ·
943 346 1041 388 patet
1056 341 1241 377 evidenter
1256 362 1264 370 ·
1279 343 1329 378 ita
1345 346 1440 391 quod
1459 359 1523 382 nec
1541 348 1651 384 solum

157 399 403 436 vestimentum
427 397 602 433 sufficiens
623 410 687 446 per
706 396 887 433 Abbatem
904 397 963 433 vel
985 411 1030 433 ex
1052 404 1152 446 parte
1171 397 1274 446 ipfius
1293 406 1328 435 et
1346 401 1395 435 ita
1412 415 1559 449 parvum
1579 407 1654 441 mis-

156 456 224 493 sale
247 455 343 504 quod
362 455 479 491 valeat
497 455 587 491 duos
606 455 771 491 denarios
789 455 921 503 poterit
943 455 1031 490 inibi
1055 456 1204 503 reperiri
1223 475 1231 484 ·
1259 457 1342 492 licet
1358 471 1422 505 per
1440 472 1495 495 me
1514 461 1551 495 in
1569 463 1654 498 meis

155 512 410 550 vifitationibus
427 511 572 561 fingulis
590 512 693 548 annis
706 512 802 561 apud
815 513 1015 561 predictam
1034 512 1213 549 ecclefiam
1231 514 1416 550 celebratis
1433 516 1478 551 ad
1491 530 1654 565 reparan-

156 572 220 608 dos
246 571 407 607 defectus
425 570 647 619 supradictos
665 575 701 606 et
719 570 765 605 ad
782 570 974 618 tegendam
994 575 1030 606 et
1047 571 1323 619 cooperiendam
1341 573 1491 608 eandem
1518 593 1526 601 ·
1557 575 1655 623 cujus

156 630 297 666 tectura
319 642 386 664 nec
412 628 526 677 majus
552 628 664 664 altare
687 641 754 664 nec
772 627 973 664 vestiarium
996 628 1083 675 quin
1106 641 1170 676 per
1186 629 1326 677 pluvias
1343 630 1506 677 quotiens
1524 632 1656 668 cecide-

156 689 229 724 rint
247 688 485 736 deturpentur
506 700 627 734 ymmo
653 686 923 722 confundantur
949 685 1173 733 aliquatenus
1196 699 1271 722 non
1298 687 1457 723 defendit
1475 707 1484 716 ·
1513 689 1568 724 Ex
1586 703 1656 737 quo

157 744 325 793 fiquidem
362 744 566 793 supradiGto
597 744 758 780 violento
789 743 992 792 hujusmodi
1023 743 1240 792 spoliationis
1275 749 1311 780 et
1344 744 1532 781 invafionis
1561 747 1656 783 sacto

157 803 347 839 temerario
374 803 487 851 ipsum
516 801 697 838 Abbatem
728 801 960 837 mandantem
992 808 1028 837 et
1053 802 1312 837 autorizantem
1339 807 1375 838 et
1401 816 1445 838 ex
1466 803 1542 851 post
1562 804 1657 841 sacro

158 861 395 897 ratificantem
414 859 797 896 excommunicationis
811 859 1019 895 sententiam
1035 864 1107 894 tam
1127 872 1148 894 a
1165 860 1338 895 canonico
1357 873 1462 907 quam
1480 874 1501 896 a
1519 863 1658 898 concilii

156 918 383 968 provincialis
410 918 540 954 statuto
570 917 679 953 latam
710 930 785 953 non
816 916 865 953 est
891 917 1039 952 dubium
1070 917 1227 953 incidiffe
1256 937 1264 945 ·
1294 931 1335 953 ac
1362 918 1474 966 ipsum
1505 920 1658 956 eundem

156 976 357 1025 hujusmodi
384 975 765 1012 excommunicationis
789 975 999 1011 sententiam
1024 975 1238 1011 denunciavi
1256 981 1291 1011 et
1310 975 1489 1012 denuncio
1514 977 1660 1013 innoda-

157 1041 234 1071 tum
255 1055 263 1063 ·
284 1035 453 1071 Ceterum
470 1047 551 1070 cum
566 1034 646 1070 lites
659 1033 726 1070 fint
739 1033 959 1069 immortales
973 1038 1009 1069 et
1022 1033 1272 1081 restinguende
1287 1040 1322 1069 et
1336 1047 1377 1069 ea
1391 1047 1459 1082 que
1473 1035 1568 1083 pacis
1581 1036 1661 1071 sunt

157 1093 295 1141 semper
311 1092 506 1141 amplexari
525 1090 719 1128 defiderem
742 1091 949 1139 bonumque
969 1105 1087 1127 meum
1106 1090 1147 1127 fit
1165 1091 1306 1139 culpam
1324 1092 1451 1127 timere
1472 1092 1533 1128 ubi
1557 1094 1661 1142 culpa

155 1163 230 1186 non
247 1149 296 1186 est
314 1170 323 1178 ·
342 1150 426 1186 licet
443 1150 648 1199 predictum
669 1149 848 1186 Abbatem
867 1150 905 1184 in
923 1150 1043 1197 aliquo
1065 1163 1139 1185 non
1163 1150 1375 1185 crediderim
1400 1163 1457 1186 me
1475 1152 1631 1198 gravafl'e
1651 1171 1658 1179 ·

154 1214 313 1244 attamen
337 1208 374 1243 in
398 1208 599 1244 continenti
624 1208 701 1257 post
721 1207 923 1256 hujusmodi
941 1207 1216 1255 appellationem
1235 1208 1390 1243 emiss'am
1409 1213 1444 1243 et
1461 1208 1659 1244 intimatam

155 1266 281 1315 prefixi
304 1271 444 1302 certum
465 1266 661 1302 terminum
687 1266 804 1301 eidem
823 1264 958 1300 Abbati
976 1265 1013 1300 in
1031 1264 1166 1312 scriptis
1183 1263 1295 1312 figillo
1313 1278 1393 1300 meo
1411 1264 1552 1313 fignatis
1570 1272 1605 1302 et
1624 1267 1660 1302 in

154 1324 289 1360 foribus
313 1322 455 1360 ecclefie
482 1324 597 1372 palam
624 1329 660 1359 et
686 1323 827 1372 publice
845 1323 958 1358 affixis
976 1322 1143 1358 videlicet
1166 1322 1404 1370 penultimum
1424 1323 1517 1358 diem
1536 1323 1661 1359 menfis

156 1381 310 1430 Augusti
336 1382 374 1417 in
398 1382 593 1417 cathedrali
618 1380 833 1418 moraviensi
859 1381 904 1416 ad
931 1380 1135 1416 docendum
1164 1380 1207 1415 de
1234 1380 1388 1428 allegato
1412 1382 1618 1428 gravamine
1636 1380 1660 1417 fi

154 1440 312 1488 placeret
330 1445 366 1475 et
384 1439 429 1475 ad
447 1439 663 1475 audiendam
682 1439 947 1475 revocationem
967 1437 1170 1486 hujusmodi
1194 1438 1410 1485 gravaminis
1427 1437 1452 1473 fi
1469 1439 1555 1486 quid
1571 1439 1661 1476 fece-

155 1498 222 1533 rim
240 1497 298 1533 vel
322 1510 367 1533 ex
391 1503 492 1545 parte
517 1510 597 1533 mea
619 1497 727 1532 fuerit
744 1497 880 1532 faGmm
900 1515 908 1524 ·
928 1495 952 1531 fi
969 1496 1055 1543 quid
1074 1496 1119 1531 ad
1138 1501 1224 1531 tunc
1243 1496 1411 1531 ducerem
1429 1496 1629 1532 faciendum
1651 1517 1659 1525 ·

155 1555 283 1603 quibus
305 1555 362 1591 die
380 1560 417 1590 et
434 1555 515 1590 loco
540 1555 611 1603 ipse
637 1554 780 1590 Abbate
802 1554 886 1590 licet
910 1554 1050 1589 diucius
1073 1553 1276 1602 exspectato
1304 1553 1435 1601 pluries
1463 1560 1499 1590 et
1521 1555 1660 1602 publice

155 1618 284 1649 vocato
312 1626 377 1661 per
408 1613 441 1648 se
471 1613 530 1648 vel
560 1625 625 1661 per
654 1617 926 1660 procuratorem
957 1611 1104 1647 minime
1135 1616 1364 1659 comparente
1395 1612 1659 1648 revocationem

156 1670 357 1720 hujusmodi
381 1670 598 1718 gravaminis
621 1669 646 1705 fi
671 1670 768 1717 quod
794 1670 911 1705 forsan
932 1669 1115 1704 intulerim
1141 1669 1252 1704 verbo
1276 1674 1382 1704 tenus
1403 1675 1439 1705 et
1465 1669 1502 1704 in
1528 1670 1661 1718 scriptis

157 1728 244 1764 duxi
261 1728 460 1764 faciendam
486 1741 526 1763 ac
548 1728 714 1763 revocavi
738 1732 774 1763 et
796 1740 928 1763 revoco
950 1740 1031 1762 cum
1057 1726 1187 1762 effectu
1207 1746 1215 1754 ·
1239 1731 1281 1762 ut
1302 1732 1389 1775 puta
1406 1727 1570 1763 exhibitis
1587 1729 1662 1775 qui-

156 1785 302 1822 busdam
328 1785 440 1821 literis
465 1785 643 1821 citationis
670 1783 774 1834 ipfius
800 1785 977 1833 processus
1002 1784 1135 1820 ibidem
1159 1784 1328 1832 perlectis
1352 1784 1478 1820 oblatis
1497 1790 1532 1820 et
1549 1786 1661 1833 publi-

123 1837 126 1840 ⁴
156 1843 244 1879 catis
262 1863 270 1871 ·
289 1855 376 1891 quas
394 1843 579 1879 casualiter
603 1849 639 1878 et
664 1856 740 1878 non
765 1841 837 1878 fine
862 1842 1048 1890 diligentia
1069 1842 1165 1890 apud
1182 1842 1368 1890 scriptores
1385 1847 1544 1890 poteram
1565 1844 1661 1880 inve-

157 1901 235 1937 nire
262 1921 270 1929 ·
300 1906 338 1937 et
364 1901 448 1936 dato
475 1901 616 1949 publice
643 1901 813 1936 mandato
839 1901 936 1948 quod
961 1899 1166 1947 ubicunque
1190 1900 1368 1948 procefl'us
1385 1900 1586 1948 hujusmodi
1603 1902 1661 1937 vel

156 1958 275 2007 aliqua
291 1972 372 2007 pars
390 1958 494 2007 ipfius
512 1959 627 2007 major
644 1957 714 1994 five
732 1959 851 1994 minor
864 1971 933 2006 que
947 1958 991 1993 ad
1004 1957 1065 2006 jus
1083 1958 1141 1993 vel
1160 1957 1297 1993 causam
1310 1958 1402 2006 juris
1420 1957 1522 2006 ipfius
1540 1959 1660 1995 haberi

156 2015 259 2065 poflit
276 2016 334 2052 vel
352 2017 506 2052 inveniri
524 2017 695 2052 habentes
712 2016 771 2052 vel
788 2016 934 2052 scientes
952 2014 1014 2064 ipfi
1031 2015 1167 2051 Abbati
1185 2015 1243 2051 vel
1266 2016 1328 2052 suo
1350 2017 1574 2065 procuratori
1591 2017 1661 2052 abs-

157 2087 226 2122 que
245 2074 463 2110 difficultatis
477 2074 656 2110 obstaculo
676 2074 737 2110 sub
754 2087 847 2122 pena
865 2073 1246 2110 excommunicationis
1264 2074 1402 2122 copiam
1420 2074 1603 2110 traderent
1620 2088 1659 2110 ac

158 2131 368 2168 exhiberent
380 2151 389 2160 ·
404 2131 492 2168 ficut
505 2132 543 2167 in
557 2132 711 2180 quodam
728 2131 961 2167 instrumento
979 2131 1123 2180 publico
1141 2132 1245 2180 super
1262 2132 1331 2167 hoc
1349 2132 1514 2167 οοηίεᾶο
1533 2132 1659 2167 clarius

159 2194 196 2225 et
209 2189 322 2238 magis
339 2190 497 2238 specifice
515 2190 722 2226 continetur
736 2209 745 2218 ·
764 2195 911 2238 propter
929 2189 1030 2238 cujus
1046 2190 1224 2238 processus
1242 2190 1379 2238 copiam
1398 2203 1419 2225 a
1436 2202 1492 2225 me
1510 2190 1659 2237 denega-

158 2252 232 2282 tam
254 2252 296 2282 ut
317 2247 402 2283 salso
420 2247 562 2283 afferuit
579 2248 695 2296 primo
714 2252 750 2283 et
766 2247 1012 2296 principaliter
1035 2247 1228 2296 appellavit
1247 2267 1255 2275 ·
1286 2248 1342 2283 Ex
1360 2260 1428 2294 qua
1445 2247 1587 2294 quidem
1606 2260 1658 2282 re-

158 2304 347 2341 vocatione
361 2303 405 2341 fic
419 2305 611 2341 efficaciter
629 2311 666 2341 et
683 2305 842 2354 legitime
859 2306 955 2342 facta
968 2305 1103 2342 constat
1114 2305 1399 2354 jurisdictionem
1418 2305 1454 2340 in
1473 2304 1543 2353 ipsa
1558 2304 1658 2340 causa
