<?xml version="1.0" encoding="UTF-8"?>
<!DOCTYPE html PUBLIC "-//W3C//DTD XHTML 1.0 Transitional//EN"
    "http://www.w3.org/TR/xhtml1/DTD/xhtml1-transitional.dtd">
<html xmlns="http://www.w3.org/1999/xhtml" xml:lang="en" lang="en">
 <head>
  <title>
</title>
<meta http-equiv="Content-Type" content="text/html;charset=utf-8" />
  <meta name='ocr-system' content='tesseract 3.04.00' />
  <meta name='ocr-capabilities' content='ocr_page ocr_carea ocr_par ocr_line ocrx_word'/>
</head>
<body>
  <div class='ocr_page' id='page_1' title='image "./registrumepisc5800morauoft_0290.png"; bbox 0 0 2060 2660; ppageno 0'>
   <div class='ocr_carea' id='block_1_1' title="bbox 208 432 277 464">
    <p class='ocr_par' dir='ltr' id='par_1_1' title="bbox 208 432 277 464">
     <span class='ocr_line' id='line_1_1' title="bbox 208 432 277 464; baseline 0 0"><span class='ocrx_word' id='word_1_1' title='bbox 208 432 277 464; x_wconf 89' lang='lat'>158</span> 
     </span>
    </p>
   </div>
   <div class='ocr_carea' id='block_1_2' title="bbox 306 160 1411 199">
    <p class='ocr_par' dir='ltr' id='par_1_2' title="bbox 306 160 1411 199">
     <span class='ocr_line' id='line_1_2' title="bbox 306 160 1411 199; baseline 0 -2"><span class='ocrx_word' id='word_1_2' title='bbox 306 164 376 197; x_wconf 70' lang='lat'>182</span> <span class='ocrx_word' id='word_1_3' title='bbox 700 160 1018 198; x_wconf 87' lang='lat' dir='ltr'><strong>REGISTRUM</strong></span> <span class='ocrx_word' id='word_1_4' title='bbox 1046 162 1411 199; x_wconf 84' lang='lat' dir='ltr'><strong>MORAVIENSE.</strong></span> 
     </span>
    </p>
   </div>
   <div class='ocr_carea' id='block_1_3' title="bbox 306 317 1189 367">
    <p class='ocr_par' dir='ltr' id='par_1_3' title="bbox 306 317 1189 367">
     <span class='ocr_line' id='line_1_3' title="bbox 306 317 1189 367; baseline -0.002 -13"><span class='ocrx_word' id='word_1_5' title='bbox 306 317 416 354; x_wconf 85' lang='lat' dir='ltr'>Carta</span> <span class='ocrx_word' id='word_1_6' title='bbox 433 318 478 354; x_wconf 91' lang='lat' dir='ltr'>de</span> <span class='ocrx_word' id='word_1_7' title='bbox 497 318 669 367; x_wconf 85' lang='lat' dir='ltr'>Fynrofl&#39;y</span> <span class='ocrx_word' id='word_1_8' title='bbox 687 318 771 355; x_wconf 86' lang='lat' dir='ltr'>data</span> <span class='ocrx_word' id='word_1_9' title='bbox 787 319 944 356; x_wconf 84' lang='lat' dir='ltr'>Johanni</span> <span class='ocrx_word' id='word_1_10' title='bbox 964 319 1008 354; x_wconf 90' lang='lat' dir='ltr'>de</span> <span class='ocrx_word' id='word_1_11' title='bbox 1028 318 1162 354; x_wconf 85' lang='lat' dir='ltr'>Forbes</span> <span class='ocrx_word' id='word_1_12' title='bbox 1181 337 1189 345; x_wconf 95' lang='lat'><strong>·</strong></span> 
     </span>
    </p>
   </div>
   <div class='ocr_carea' id='block_1_4' title="bbox 298 431 1811 2279">
    <p class='ocr_par' dir='ltr' id='par_1_4' title="bbox 298 431 1811 2279">
     <span class='ocr_line' id='line_1_4' title="bbox 305 431 1811 479; baseline -0.001 -9"><span class='ocrx_word' id='word_1_13' title='bbox 305 432 485 470; x_wconf 79' lang='lat' dir='ltr'><strong>Omnibus</strong></span> <span class='ocrx_word' id='word_1_14' title='bbox 503 433 623 470; x_wconf 69' lang='lat' dir='ltr'>san&amp;e</span> <span class='ocrx_word' id='word_1_15' title='bbox 641 435 761 472; x_wconf 79' lang='lat' dir='ltr'>matris</span> <span class='ocrx_word' id='word_1_16' title='bbox 785 433 926 470; x_wconf 83' lang='lat' dir='ltr'>ecclesie</span> <span class='ocrx_word' id='word_1_17' title='bbox 953 433 1034 468; x_wconf 88' lang='lat' dir='ltr'>filiis</span> <span class='ocrx_word' id='word_1_18' title='bbox 1060 432 1104 467; x_wconf 83' lang='lat' dir='ltr'>ad</span> <span class='ocrx_word' id='word_1_19' title='bbox 1131 444 1220 479; x_wconf 89' lang='lat' dir='ltr'>quos</span> <span class='ocrx_word' id='word_1_20' title='bbox 1246 431 1425 479; x_wconf 82' lang='lat' dir='ltr'>presentes</span> <span class='ocrx_word' id='word_1_21' title='bbox 1451 432 1681 479; x_wconf 84' lang='lat' dir='ltr'>pervenerint</span> <span class='ocrx_word' id='word_1_22' title='bbox 1700 432 1811 469; x_wconf 89' lang='lat' dir='ltr'>Alex-</span> 
     </span>
     <span class='ocr_line' id='line_1_5' title="bbox 305 487 1809 540; baseline 0 -14"><span class='ocrx_word' id='word_1_23' title='bbox 305 491 417 527; x_wconf 83' lang='lat' dir='ltr'>ander</span> <span class='ocrx_word' id='word_1_24' title='bbox 442 490 666 540; x_wconf 82' lang='lat' dir='ltr'>permistione</span> <span class='ocrx_word' id='word_1_25' title='bbox 694 492 815 527; x_wconf 86' lang='lat' dir='ltr'>divina</span> <span class='ocrx_word' id='word_1_26' title='bbox 842 490 983 527; x_wconf 82' lang='lat' dir='ltr'>ecclefie</span> <span class='ocrx_word' id='word_1_27' title='bbox 1010 487 1241 526; x_wconf 70' lang='lat' dir='ltr'>moraviensis</span> <span class='ocrx_word' id='word_1_28' title='bbox 1261 488 1415 525; x_wconf 79' lang='lat' dir='ltr'>minister</span> <span class='ocrx_word' id='word_1_29' title='bbox 1433 488 1576 525; x_wconf 87' lang='lat' dir='ltr'>humilis</span> <span class='ocrx_word' id='word_1_30' title='bbox 1594 495 1753 527; x_wconf 86' lang='lat' dir='ltr'>eternam</span> <span class='ocrx_word' id='word_1_31' title='bbox 1773 492 1809 526; x_wconf 88' lang='lat' dir='ltr'>in</span> 
     </span>
     <span class='ocr_line' id='line_1_6' title="bbox 305 546 1810 585; baseline 0 -1"><span class='ocrx_word' id='word_1_32' title='bbox 305 549 467 585; x_wconf 92' lang='lat' dir='ltr'>Domino</span> <span class='ocrx_word' id='word_1_33' title='bbox 486 549 632 585; x_wconf 90' lang='lat' dir='ltr'>salutem</span> <span class='ocrx_word' id='word_1_34' title='bbox 660 569 669 578; x_wconf 87' lang='lat'><strong>·</strong></span> <span class='ocrx_word' id='word_1_35' title='bbox 711 549 865 585; x_wconf 83' lang='lat' dir='ltr'>Noverit</span> <span class='ocrx_word' id='word_1_36' title='bbox 882 546 1090 583; x_wconf 82' lang='lat' dir='ltr'>universitas</span> <span class='ocrx_word' id='word_1_37' title='bbox 1107 546 1221 581; x_wconf 84' lang='lat' dir='ltr'>vestra</span> <span class='ocrx_word' id='word_1_38' title='bbox 1237 559 1304 581; x_wconf 93' lang='lat' dir='ltr'>nos</span> <span class='ocrx_word' id='word_1_39' title='bbox 1322 546 1366 582; x_wconf 94' lang='lat' dir='ltr'>de</span> <span class='ocrx_word' id='word_1_40' title='bbox 1384 547 1568 582; x_wconf 90' lang='lat' dir='ltr'>communi</span> <span class='ocrx_word' id='word_1_41' title='bbox 1586 548 1754 584; x_wconf 90' lang='lat' dir='ltr'>consensu</span> <span class='ocrx_word' id='word_1_42' title='bbox 1775 555 1810 584; x_wconf 83' lang='lat' dir='ltr'>et</span> 
     </span>
     <span class='ocr_line' id='line_1_7' title="bbox 304 603 1809 656; baseline 0 -14"><span class='ocrx_word' id='word_1_43' title='bbox 304 606 490 644; x_wconf 85' lang='lat' dir='ltr'>voluntate</span> <span class='ocrx_word' id='word_1_44' title='bbox 504 607 650 656; x_wconf 88' lang='lat' dir='ltr'>capituli</span> <span class='ocrx_word' id='word_1_45' title='bbox 665 606 772 642; x_wconf 87' lang='lat' dir='ltr'>nostri</span> <span class='ocrx_word' id='word_1_46' title='bbox 786 604 1017 643; x_wconf 71' lang='lat' dir='ltr'>moraviensis</span> <span class='ocrx_word' id='word_1_47' title='bbox 1037 624 1044 632; x_wconf 94' lang='lat'><strong>·</strong></span> <span class='ocrx_word' id='word_1_48' title='bbox 1064 603 1186 639; x_wconf 83' lang='lat' dir='ltr'>habito</span> <span class='ocrx_word' id='word_1_49' title='bbox 1202 603 1365 651; x_wconf 88' lang='lat' dir='ltr'>diligenti</span> <span class='ocrx_word' id='word_1_50' title='bbox 1383 604 1540 640; x_wconf 73' lang='lat' dir='ltr'>traCtatu</span> <span class='ocrx_word' id='word_1_51' title='bbox 1559 618 1640 640; x_wconf 92' lang='lat' dir='ltr'>cum</span> <span class='ocrx_word' id='word_1_52' title='bbox 1659 606 1785 642; x_wconf 90' lang='lat' dir='ltr'>eodem</span> <span class='ocrx_word' id='word_1_53' title='bbox 1800 626 1809 634; x_wconf 88' lang='lat'><strong>·</strong></span> 
     </span>
     <span class='ocr_line' id='line_1_8' title="bbox 305 660 1810 714; baseline 0 -14"><span class='ocrx_word' id='word_1_54' title='bbox 305 663 525 701; x_wconf 84' lang='lat' dir='ltr'>considerata</span> <span class='ocrx_word' id='word_1_55' title='bbox 551 671 587 701; x_wconf 84' lang='lat' dir='ltr'>et</span> <span class='ocrx_word' id='word_1_56' title='bbox 612 664 755 714; x_wconf 84' lang='lat' dir='ltr'>pensata</span> <span class='ocrx_word' id='word_1_57' title='bbox 776 664 930 700; x_wconf 85' lang='lat' dir='ltr'>utilitate</span> <span class='ocrx_word' id='word_1_58' title='bbox 957 660 1098 698; x_wconf 82' lang='lat' dir='ltr'>ecclefie</span> <span class='ocrx_word' id='word_1_59' title='bbox 1124 661 1241 697; x_wconf 90' lang='lat' dir='ltr'>nostre</span> <span class='ocrx_word' id='word_1_60' title='bbox 1268 661 1469 710; x_wconf 68' lang='lat' dir='ltr'>supradifite</span> <span class='ocrx_word' id='word_1_61' title='bbox 1488 682 1496 690; x_wconf 93' lang='lat'><strong>·</strong></span> <span class='ocrx_word' id='word_1_62' title='bbox 1525 663 1654 699; x_wconf 75' lang='lat' dir='ltr'>dedisse</span> <span class='ocrx_word' id='word_1_63' title='bbox 1672 665 1810 700; x_wconf 87' lang='lat' dir='ltr'>conces-</span> 
     </span>
     <span class='ocr_line' id='line_1_9' title="bbox 304 719 1808 771; baseline 0 -14"><span class='ocrx_word' id='word_1_64' title='bbox 304 720 375 758; x_wconf 79' lang='lat' dir='ltr'>sifl&#39;e</span> <span class='ocrx_word' id='word_1_65' title='bbox 398 729 434 758; x_wconf 87' lang='lat' dir='ltr'>et</span> <span class='ocrx_word' id='word_1_66' title='bbox 461 723 527 759; x_wconf 84' lang='lat' dir='ltr'>hac</span> <span class='ocrx_word' id='word_1_67' title='bbox 554 723 707 771; x_wconf 87' lang='lat' dir='ltr'>presenti</span> <span class='ocrx_word' id='word_1_68' title='bbox 735 728 832 758; x_wconf 85' lang='lat' dir='ltr'>carta</span> <span class='ocrx_word' id='word_1_69' title='bbox 859 721 976 757; x_wconf 90' lang='lat' dir='ltr'>nostra</span> <span class='ocrx_word' id='word_1_70' title='bbox 1003 720 1223 755; x_wconf 79' lang='lat' dir='ltr'>confirmasse</span> <span class='ocrx_word' id='word_1_71' title='bbox 1249 719 1408 756; x_wconf 83' lang='lat' dir='ltr'>Johanni</span> <span class='ocrx_word' id='word_1_72' title='bbox 1435 720 1479 756; x_wconf 87' lang='lat' dir='ltr'>de</span> <span class='ocrx_word' id='word_1_73' title='bbox 1499 721 1634 757; x_wconf 89' lang='lat' dir='ltr'>Forbes</span> <span class='ocrx_word' id='word_1_74' title='bbox 1661 721 1808 757; x_wconf 85' lang='lat' dir='ltr'>domino</span> 
     </span>
     <span class='ocr_line' id='line_1_10' title="bbox 304 775 1810 829; baseline 0 -14"><span class='ocrx_word' id='word_1_75' title='bbox 304 780 459 829; x_wconf 90' lang='lat' dir='ltr'>ejusdem</span> <span class='ocrx_word' id='word_1_76' title='bbox 484 794 549 829; x_wconf 91' lang='lat' dir='ltr'>pro</span> <span class='ocrx_word' id='word_1_77' title='bbox 577 781 674 816; x_wconf 87' lang='lat' dir='ltr'>fideli</span> <span class='ocrx_word' id='word_1_78' title='bbox 702 786 737 816; x_wconf 88' lang='lat' dir='ltr'>et</span> <span class='ocrx_word' id='word_1_79' title='bbox 765 780 844 815; x_wconf 85' lang='lat' dir='ltr'>utili</span> <span class='ocrx_word' id='word_1_80' title='bbox 874 779 1016 814; x_wconf 85' lang='lat' dir='ltr'>servitio</span> <span class='ocrx_word' id='word_1_81' title='bbox 1045 778 1106 813; x_wconf 92' lang='lat' dir='ltr'>suo</span> <span class='ocrx_word' id='word_1_82' title='bbox 1135 782 1171 813; x_wconf 84' lang='lat' dir='ltr'>et</span> <span class='ocrx_word' id='word_1_83' title='bbox 1197 775 1382 813; x_wconf 86' lang='lat' dir='ltr'>assistentia</span> <span class='ocrx_word' id='word_1_84' title='bbox 1414 778 1587 827; x_wconf 86' lang='lat' dir='ltr'>personali</span> <span class='ocrx_word' id='word_1_85' title='bbox 1616 780 1653 815; x_wconf 90' lang='lat' dir='ltr'>in</span> <span class='ocrx_word' id='word_1_86' title='bbox 1684 779 1810 815; x_wconf 84' lang='lat' dir='ltr'>nostris</span> 
     </span>
     <span class='ocr_line' id='line_1_11' title="bbox 303 835 1810 885; baseline 0 -11"><span class='ocrx_word' id='word_1_87' title='bbox 303 838 451 885; x_wconf 78' lang='lat' dir='ltr'>agendis</span> <span class='ocrx_word' id='word_1_88' title='bbox 476 845 517 874; x_wconf 92' lang='lat' dir='ltr'>ut</span> <span class='ocrx_word' id='word_1_89' title='bbox 534 839 604 874; x_wconf 89' lang='lat' dir='ltr'>huc</span> <span class='ocrx_word' id='word_1_90' title='bbox 622 838 730 885; x_wconf 87' lang='lat' dir='ltr'>usque</span> <span class='ocrx_word' id='word_1_91' title='bbox 748 837 931 873; x_wconf 80' lang='lat' dir='ltr'>consuevit</span> <span class='ocrx_word' id='word_1_92' title='bbox 949 835 1051 871; x_wconf 90' lang='lat' dir='ltr'>nobis</span> <span class='ocrx_word' id='word_1_93' title='bbox 1070 840 1106 871; x_wconf 88' lang='lat' dir='ltr'>et</span> <span class='ocrx_word' id='word_1_94' title='bbox 1124 835 1372 871; x_wconf 82' lang='lat' dir='ltr'>succefforibus</span> <span class='ocrx_word' id='word_1_95' title='bbox 1389 836 1516 872; x_wconf 87' lang='lat' dir='ltr'>nostris</span> <span class='ocrx_word' id='word_1_96' title='bbox 1529 850 1593 885; x_wconf 89' lang='lat' dir='ltr'>per</span> <span class='ocrx_word' id='word_1_97' title='bbox 1610 837 1643 873; x_wconf 88' lang='lat' dir='ltr'>se</span> <span class='ocrx_word' id='word_1_98' title='bbox 1658 843 1694 873; x_wconf 83' lang='lat' dir='ltr'>et</span> <span class='ocrx_word' id='word_1_99' title='bbox 1711 838 1810 874; x_wconf 77' lang='lat' dir='ltr'>here-</span> 
     </span>
     <span class='ocr_line' id='line_1_12' title="bbox 305 893 1810 944; baseline 0 -13"><span class='ocrx_word' id='word_1_100' title='bbox 305 896 366 931; x_wconf 88' lang='lat' dir='ltr'>des</span> <span class='ocrx_word' id='word_1_101' title='bbox 383 896 463 931; x_wconf 91' lang='lat' dir='ltr'>suos</span> <span class='ocrx_word' id='word_1_102' title='bbox 481 896 688 944; x_wconf 89' lang='lat' dir='ltr'>subscriptos</span> <span class='ocrx_word' id='word_1_103' title='bbox 710 901 787 931; x_wconf 92' lang='lat' dir='ltr'>toto</span> <span class='ocrx_word' id='word_1_104' title='bbox 812 895 873 930; x_wconf 90' lang='lat' dir='ltr'>suo</span> <span class='ocrx_word' id='word_1_105' title='bbox 896 900 1058 942; x_wconf 89' lang='lat' dir='ltr'>tempore</span> <span class='ocrx_word' id='word_1_106' title='bbox 1082 893 1241 942; x_wconf 86' lang='lat' dir='ltr'>impenso</span> <span class='ocrx_word' id='word_1_107' title='bbox 1263 899 1299 929; x_wconf 89' lang='lat' dir='ltr'>et</span> <span class='ocrx_word' id='word_1_108' title='bbox 1321 894 1564 942; x_wconf 89' lang='lat' dir='ltr'>impendendo</span> <span class='ocrx_word' id='word_1_109' title='bbox 1591 900 1627 930; x_wconf 87' lang='lat' dir='ltr'>et</span> <span class='ocrx_word' id='word_1_110' title='bbox 1649 895 1734 931; x_wconf 86' lang='lat' dir='ltr'>totis</span> <span class='ocrx_word' id='word_1_111' title='bbox 1751 909 1810 932; x_wconf 88' lang='lat' dir='ltr'>cu-</span> 
     </span>
     <span class='ocr_line' id='line_1_13' title="bbox 298 949 1811 1002; baseline 0.001 -14"><span class='ocrx_word' id='word_1_112' title='bbox 298 952 441 1001; x_wconf 90' lang='lat' dir='ltr'>jussibet</span> <span class='ocrx_word' id='word_1_113' title='bbox 459 967 584 990; x_wconf 90' lang='lat' dir='ltr'>eorum</span> <span class='ocrx_word' id='word_1_114' title='bbox 603 953 823 1002; x_wconf 87' lang='lat' dir='ltr'>temporibus</span> <span class='ocrx_word' id='word_1_115' title='bbox 847 958 919 988; x_wconf 87' lang='lat' dir='ltr'>tam</span> <span class='ocrx_word' id='word_1_116' title='bbox 947 951 1089 987; x_wconf 89' lang='lat' dir='ltr'>servitio</span> <span class='ocrx_word' id='word_1_117' title='bbox 1116 964 1222 999; x_wconf 86' lang='lat' dir='ltr'>quam</span> <span class='ocrx_word' id='word_1_118' title='bbox 1250 949 1437 987; x_wconf 83' lang='lat' dir='ltr'>affistentia</span> <span class='ocrx_word' id='word_1_119' title='bbox 1453 952 1629 1000; x_wconf 88' lang='lat' dir='ltr'>personali</span> <span class='ocrx_word' id='word_1_120' title='bbox 1647 952 1811 1001; x_wconf 90' lang='lat' dir='ltr'>impenfis</span> 
     </span>
     <span class='ocr_line' id='line_1_14' title="bbox 304 1009 1811 1060; baseline 0.001 -14"><span class='ocrx_word' id='word_1_121' title='bbox 304 1017 341 1046; x_wconf 84' lang='lat' dir='ltr'>et</span> <span class='ocrx_word' id='word_1_122' title='bbox 357 1011 604 1060; x_wconf 83' lang='lat' dir='ltr'>impendendis</span> <span class='ocrx_word' id='word_1_123' title='bbox 623 1031 631 1040; x_wconf 93' lang='lat'><strong>·</strong></span> <span class='ocrx_word' id='word_1_124' title='bbox 658 1016 770 1047; x_wconf 83' lang='lat' dir='ltr'>totam</span> <span class='ocrx_word' id='word_1_125' title='bbox 790 1016 922 1047; x_wconf 88' lang='lat' dir='ltr'>terram</span> <span class='ocrx_word' id='word_1_126' title='bbox 941 1009 1094 1045; x_wconf 88' lang='lat' dir='ltr'>nostram</span> <span class='ocrx_word' id='word_1_127' title='bbox 1118 1010 1163 1045; x_wconf 93' lang='lat' dir='ltr'>de</span> <span class='ocrx_word' id='word_1_128' title='bbox 1182 1009 1355 1058; x_wconf 78' lang='lat' dir='ltr'>Fynrofl&#39;y</span> <span class='ocrx_word' id='word_1_129' title='bbox 1373 1010 1610 1058; x_wconf 62' lang='lat' dir='ltr'>supradifitam</span> <span class='ocrx_word' id='word_1_130' title='bbox 1631 1030 1639 1038; x_wconf 94' lang='lat'><strong>·</strong></span> <span class='ocrx_word' id='word_1_131' title='bbox 1667 1011 1811 1047; x_wconf 91' lang='lat' dir='ltr'>Tenen-</span> 
     </span>
     <span class='ocr_line' id='line_1_15' title="bbox 305 1068 1810 1117; baseline 0 -13"><span class='ocrx_word' id='word_1_132' title='bbox 305 1069 385 1104; x_wconf 89' lang='lat' dir='ltr'>dam</span> <span class='ocrx_word' id='word_1_133' title='bbox 405 1075 441 1105; x_wconf 88' lang='lat' dir='ltr'>et</span> <span class='ocrx_word' id='word_1_134' title='bbox 458 1069 657 1105; x_wconf 90' lang='lat' dir='ltr'>habendam</span> <span class='ocrx_word' id='word_1_135' title='bbox 680 1069 844 1117; x_wconf 60' lang='lat' dir='ltr'>predisto</span> <span class='ocrx_word' id='word_1_136' title='bbox 863 1068 1023 1105; x_wconf 85' lang='lat' dir='ltr'>Johanni</span> <span class='ocrx_word' id='word_1_137' title='bbox 1041 1073 1077 1104; x_wconf 87' lang='lat' dir='ltr'>et</span> <span class='ocrx_word' id='word_1_138' title='bbox 1095 1069 1300 1116; x_wconf 67' lang='lat' dir='ltr'>margarete</span> <span class='ocrx_word' id='word_1_139' title='bbox 1318 1068 1440 1116; x_wconf 89' lang='lat' dir='ltr'>sponse</span> <span class='ocrx_word' id='word_1_140' title='bbox 1458 1068 1517 1104; x_wconf 90' lang='lat' dir='ltr'>sue</span> <span class='ocrx_word' id='word_1_141' title='bbox 1536 1074 1572 1104; x_wconf 90' lang='lat' dir='ltr'>et</span> <span class='ocrx_word' id='word_1_142' title='bbox 1590 1081 1715 1104; x_wconf 89' lang='lat' dir='ltr'>eorum</span> <span class='ocrx_word' id='word_1_143' title='bbox 1734 1069 1810 1105; x_wconf 91' lang='lat' dir='ltr'>diu-</span> 
     </span>
     <span class='ocr_line' id='line_1_16' title="bbox 304 1125 1810 1176; baseline 0.001 -14"><span class='ocrx_word' id='word_1_144' title='bbox 304 1126 374 1162; x_wconf 83' lang='lat' dir='ltr'>tius</span> <span class='ocrx_word' id='word_1_145' title='bbox 392 1127 526 1162; x_wconf 87' lang='lat' dir='ltr'>viventi</span> <span class='ocrx_word' id='word_1_146' title='bbox 547 1146 555 1155; x_wconf 94' lang='lat'><strong>·</strong></span> <span class='ocrx_word' id='word_1_147' title='bbox 580 1132 616 1162; x_wconf 91' lang='lat' dir='ltr'>et</span> <span class='ocrx_word' id='word_1_148' title='bbox 633 1126 709 1175; x_wconf 91' lang='lat' dir='ltr'>post</span> <span class='ocrx_word' id='word_1_149' title='bbox 726 1127 908 1174; x_wconf 91' lang='lat' dir='ltr'>utriusque</span> <span class='ocrx_word' id='word_1_150' title='bbox 928 1126 1104 1162; x_wconf 84' lang='lat' dir='ltr'>deceffum</span> <span class='ocrx_word' id='word_1_151' title='bbox 1122 1125 1236 1161; x_wconf 89' lang='lat' dir='ltr'>tribus</span> <span class='ocrx_word' id='word_1_152' title='bbox 1253 1126 1445 1162; x_wconf 86' lang='lat' dir='ltr'>heredibus</span> <span class='ocrx_word' id='word_1_153' title='bbox 1463 1126 1530 1162; x_wconf 89' lang='lat' dir='ltr'>suis</span> <span class='ocrx_word' id='word_1_154' title='bbox 1548 1126 1706 1174; x_wconf 85' lang='lat' dir='ltr'>legitime</span> <span class='ocrx_word' id='word_1_155' title='bbox 1729 1141 1810 1176; x_wconf 90' lang='lat' dir='ltr'>pro-</span> 
     </span>
     <span class='ocr_line' id='line_1_17' title="bbox 305 1183 1810 1233; baseline 0.001 -13"><span class='ocrx_word' id='word_1_156' title='bbox 305 1185 430 1220; x_wconf 88' lang='lat' dir='ltr'>creatis</span> <span class='ocrx_word' id='word_1_157' title='bbox 448 1184 506 1220; x_wconf 92' lang='lat' dir='ltr'>seu</span> <span class='ocrx_word' id='word_1_158' title='bbox 524 1185 754 1233; x_wconf 82' lang='lat' dir='ltr'>procreandis</span> <span class='ocrx_word' id='word_1_159' title='bbox 773 1204 781 1213; x_wconf 93' lang='lat'><strong>·</strong></span> <span class='ocrx_word' id='word_1_160' title='bbox 798 1185 841 1220; x_wconf 90' lang='lat' dir='ltr'>de</span> <span class='ocrx_word' id='word_1_161' title='bbox 860 1184 963 1220; x_wconf 88' lang='lat' dir='ltr'>nobis</span> <span class='ocrx_word' id='word_1_162' title='bbox 977 1189 1013 1220; x_wconf 84' lang='lat' dir='ltr'>et</span> <span class='ocrx_word' id='word_1_163' title='bbox 1030 1184 1280 1220; x_wconf 72' lang='lat' dir='ltr'>successoribus</span> <span class='ocrx_word' id='word_1_164' title='bbox 1294 1183 1420 1219; x_wconf 90' lang='lat' dir='ltr'>nostris</span> <span class='ocrx_word' id='word_1_165' title='bbox 1437 1184 1475 1219; x_wconf 87' lang='lat' dir='ltr'>in</span> <span class='ocrx_word' id='word_1_166' title='bbox 1492 1184 1600 1220; x_wconf 83' lang='lat' dir='ltr'>feodo</span> <span class='ocrx_word' id='word_1_167' title='bbox 1619 1190 1656 1221; x_wconf 89' lang='lat' dir='ltr'>et</span> <span class='ocrx_word' id='word_1_168' title='bbox 1672 1185 1810 1221; x_wconf 89' lang='lat' dir='ltr'>heredi-</span> 
     </span>
     <span class='ocr_line' id='line_1_18' title="bbox 305 1242 1810 1291; baseline 0.001 -14"><span class='ocrx_word' id='word_1_169' title='bbox 305 1246 377 1277; x_wconf 87' lang='lat' dir='ltr'>tate</span> <span class='ocrx_word' id='word_1_170' title='bbox 395 1255 458 1290; x_wconf 88' lang='lat' dir='ltr'>per</span> <span class='ocrx_word' id='word_1_171' title='bbox 476 1255 599 1278; x_wconf 91' lang='lat' dir='ltr'>omnes</span> <span class='ocrx_word' id='word_1_172' title='bbox 617 1243 734 1278; x_wconf 57' lang='lat' dir='ltr'>restas</span> <span class='ocrx_word' id='word_1_173' title='bbox 751 1248 862 1279; x_wconf 89' lang='lat' dir='ltr'>metas</span> <span class='ocrx_word' id='word_1_174' title='bbox 881 1242 957 1278; x_wconf 86' lang='lat' dir='ltr'>suas</span> <span class='ocrx_word' id='word_1_175' title='bbox 976 1247 1012 1278; x_wconf 87' lang='lat' dir='ltr'>et</span> <span class='ocrx_word' id='word_1_176' title='bbox 1030 1242 1156 1278; x_wconf 87' lang='lat' dir='ltr'>divisas</span> <span class='ocrx_word' id='word_1_177' title='bbox 1180 1242 1290 1278; x_wconf 88' lang='lat' dir='ltr'>libere</span> <span class='ocrx_word' id='word_1_178' title='bbox 1309 1261 1318 1270; x_wconf 90' lang='lat'><strong>·</strong></span> <span class='ocrx_word' id='word_1_179' title='bbox 1343 1242 1463 1290; x_wconf 85' lang='lat' dir='ltr'>quiete</span> <span class='ocrx_word' id='word_1_180' title='bbox 1482 1261 1491 1270; x_wconf 91' lang='lat'><strong>·</strong></span> <span class='ocrx_word' id='word_1_181' title='bbox 1516 1242 1675 1291; x_wconf 88' lang='lat' dir='ltr'>plenarie</span> <span class='ocrx_word' id='word_1_182' title='bbox 1694 1249 1730 1279; x_wconf 85' lang='lat' dir='ltr'>et</span> <span class='ocrx_word' id='word_1_183' title='bbox 1748 1244 1810 1279; x_wconf 91' lang='lat' dir='ltr'>ho-</span> 
     </span>
     <span class='ocr_line' id='line_1_19' title="bbox 304 1299 1810 1349; baseline 0.002 -15"><span class='ocrx_word' id='word_1_184' title='bbox 304 1299 450 1336; x_wconf 89' lang='lat' dir='ltr'>norifice</span> <span class='ocrx_word' id='word_1_185' title='bbox 462 1320 470 1328; x_wconf 93' lang='lat'><strong>·</strong></span> <span class='ocrx_word' id='word_1_186' title='bbox 486 1300 577 1336; x_wconf 90' lang='lat' dir='ltr'>bene</span> <span class='ocrx_word' id='word_1_187' title='bbox 596 1306 631 1336; x_wconf 92' lang='lat' dir='ltr'>et</span> <span class='ocrx_word' id='word_1_188' title='bbox 650 1301 684 1336; x_wconf 86' lang='lat' dir='ltr'>in</span> <span class='ocrx_word' id='word_1_189' title='bbox 706 1314 792 1349; x_wconf 88' lang='lat' dir='ltr'>paee</span> <span class='ocrx_word' id='word_1_190' title='bbox 805 1321 813 1329; x_wconf 94' lang='lat'><strong>·</strong></span> <span class='ocrx_word' id='word_1_191' title='bbox 831 1314 911 1337; x_wconf 89' lang='lat' dir='ltr'>cum</span> <span class='ocrx_word' id='word_1_192' title='bbox 932 1300 1098 1336; x_wconf 90' lang='lat' dir='ltr'>omnibus</span> <span class='ocrx_word' id='word_1_193' title='bbox 1117 1306 1152 1336; x_wconf 91' lang='lat' dir='ltr'>et</span> <span class='ocrx_word' id='word_1_194' title='bbox 1170 1299 1314 1348; x_wconf 84' lang='lat' dir='ltr'>lingulis</span> <span class='ocrx_word' id='word_1_195' title='bbox 1333 1300 1644 1336; x_wconf 78' lang='lat' dir='ltr'>commoditatibus</span> <span class='ocrx_word' id='word_1_196' title='bbox 1664 1307 1699 1337; x_wconf 90' lang='lat' dir='ltr'>et</span> <span class='ocrx_word' id='word_1_197' title='bbox 1717 1301 1810 1337; x_wconf 84' lang='lat' dir='ltr'>aifia-</span> 
     </span>
     <span class='ocr_line' id='line_1_20' title="bbox 304 1357 1810 1408; baseline 0.001 -16"><span class='ocrx_word' id='word_1_198' title='bbox 304 1358 432 1393; x_wconf 90' lang='lat' dir='ltr'>mentis</span> <span class='ocrx_word' id='word_1_199' title='bbox 450 1358 487 1393; x_wconf 91' lang='lat' dir='ltr'>in</span> <span class='ocrx_word' id='word_1_200' title='bbox 506 1357 616 1394; x_wconf 87' lang='lat' dir='ltr'>boscis</span> <span class='ocrx_word' id='word_1_201' title='bbox 634 1364 669 1395; x_wconf 89' lang='lat' dir='ltr'>et</span> <span class='ocrx_word' id='word_1_202' title='bbox 688 1359 725 1394; x_wconf 91' lang='lat' dir='ltr'>in</span> <span class='ocrx_word' id='word_1_203' title='bbox 743 1359 858 1408; x_wconf 87' lang='lat' dir='ltr'>planis</span> <span class='ocrx_word' id='word_1_204' title='bbox 878 1379 885 1387; x_wconf 93' lang='lat'><strong>·</strong></span> <span class='ocrx_word' id='word_1_205' title='bbox 906 1360 972 1395; x_wconf 91' lang='lat' dir='ltr'>viis</span> <span class='ocrx_word' id='word_1_206' title='bbox 997 1378 1005 1387; x_wconf 94' lang='lat'><strong>·</strong></span> <span class='ocrx_word' id='word_1_207' title='bbox 1026 1359 1155 1395; x_wconf 89' lang='lat' dir='ltr'>semitis</span> <span class='ocrx_word' id='word_1_208' title='bbox 1174 1378 1182 1387; x_wconf 90' lang='lat'><strong>·</strong></span> <span class='ocrx_word' id='word_1_209' title='bbox 1202 1359 1302 1406; x_wconf 87' lang='lat' dir='ltr'>aquis</span> <span class='ocrx_word' id='word_1_210' title='bbox 1320 1378 1328 1387; x_wconf 87' lang='lat'><strong>·</strong></span> <span class='ocrx_word' id='word_1_211' title='bbox 1348 1358 1477 1407; x_wconf 81' lang='lat' dir='ltr'>stagnis</span> <span class='ocrx_word' id='word_1_212' title='bbox 1496 1378 1504 1387; x_wconf 93' lang='lat'><strong>·</strong></span> <span class='ocrx_word' id='word_1_213' title='bbox 1523 1359 1633 1407; x_wconf 85' lang='lat' dir='ltr'>pratis</span> <span class='ocrx_word' id='word_1_214' title='bbox 1648 1379 1656 1387; x_wconf 93' lang='lat'><strong>·</strong></span> <span class='ocrx_word' id='word_1_215' title='bbox 1676 1360 1810 1408; x_wconf 84' lang='lat' dir='ltr'>pascuis</span> 
     </span>
     <span class='ocr_line' id='line_1_21' title="bbox 304 1415 1808 1466; baseline 0.002 -16"><span class='ocrx_word' id='word_1_216' title='bbox 304 1421 338 1450; x_wconf 88' lang='lat' dir='ltr'>et</span> <span class='ocrx_word' id='word_1_217' title='bbox 356 1415 503 1464; x_wconf 87' lang='lat' dir='ltr'>pasturis</span> <span class='ocrx_word' id='word_1_218' title='bbox 522 1436 529 1444; x_wconf 94' lang='lat'><strong>·</strong></span> <span class='ocrx_word' id='word_1_219' title='bbox 550 1430 631 1452; x_wconf 91' lang='lat' dir='ltr'>cum</span> <span class='ocrx_word' id='word_1_220' title='bbox 650 1417 803 1453; x_wconf 86' lang='lat' dir='ltr'>bracinis</span> <span class='ocrx_word' id='word_1_221' title='bbox 822 1437 830 1446; x_wconf 94' lang='lat'><strong>·</strong></span> <span class='ocrx_word' id='word_1_222' title='bbox 849 1417 966 1453; x_wconf 85' lang='lat' dir='ltr'>fabrili</span> <span class='ocrx_word' id='word_1_223' title='bbox 986 1437 994 1445; x_wconf 94' lang='lat'><strong>·</strong></span> <span class='ocrx_word' id='word_1_224' title='bbox 1014 1431 1095 1453; x_wconf 90' lang='lat' dir='ltr'>cum</span> <span class='ocrx_word' id='word_1_225' title='bbox 1114 1417 1364 1466; x_wconf 86' lang='lat' dir='ltr'>piscationibus</span> <span class='ocrx_word' id='word_1_226' title='bbox 1383 1436 1392 1445; x_wconf 89' lang='lat'><strong>·</strong></span> <span class='ocrx_word' id='word_1_227' title='bbox 1410 1417 1660 1453; x_wconf 86' lang='lat' dir='ltr'>venationibus</span> <span class='ocrx_word' id='word_1_228' title='bbox 1680 1437 1688 1445; x_wconf 93' lang='lat'><strong>·</strong></span> <span class='ocrx_word' id='word_1_229' title='bbox 1703 1431 1808 1453; x_wconf 87' lang='lat' dir='ltr'>aucu-</span> 
     </span>
     <span class='ocr_line' id='line_1_22' title="bbox 304 1473 1808 1524; baseline 0.001 -16"><span class='ocrx_word' id='word_1_230' title='bbox 304 1473 504 1521; x_wconf 86' lang='lat' dir='ltr'>pationibus</span> <span class='ocrx_word' id='word_1_231' title='bbox 520 1494 528 1502; x_wconf 93' lang='lat'><em>·</em></span> <span class='ocrx_word' id='word_1_232' title='bbox 548 1480 584 1510; x_wconf 87' lang='lat' dir='ltr'>et</span> <span class='ocrx_word' id='word_1_233' title='bbox 597 1476 724 1511; x_wconf 84' lang='lat' dir='ltr'>ceteris</span> <span class='ocrx_word' id='word_1_234' title='bbox 736 1475 838 1524; x_wconf 88' lang='lat' dir='ltr'>justis</span> <span class='ocrx_word' id='word_1_235' title='bbox 851 1476 1077 1524; x_wconf 86' lang='lat' dir='ltr'>pertinentiis</span> <span class='ocrx_word' id='word_1_236' title='bbox 1091 1476 1159 1511; x_wconf 90' lang='lat' dir='ltr'>suis</span> <span class='ocrx_word' id='word_1_237' title='bbox 1174 1475 1440 1523; x_wconf 87' lang='lat' dir='ltr'>quibuscunque</span> <span class='ocrx_word' id='word_1_238' title='bbox 1454 1481 1527 1510; x_wconf 87' lang='lat' dir='ltr'>tam</span> <span class='ocrx_word' id='word_1_239' title='bbox 1542 1475 1579 1510; x_wconf 92' lang='lat' dir='ltr'>in</span> <span class='ocrx_word' id='word_1_240' title='bbox 1593 1480 1689 1510; x_wconf 87' lang='lat' dir='ltr'>terra</span> <span class='ocrx_word' id='word_1_241' title='bbox 1702 1489 1808 1523; x_wconf 90' lang='lat' dir='ltr'>quam</span> 
     </span>
     <span class='ocr_line' id='line_1_23' title="bbox 305 1532 1810 1582; baseline 0.002 -16"><span class='ocrx_word' id='word_1_242' title='bbox 305 1532 342 1566; x_wconf 90' lang='lat' dir='ltr'>in</span> <span class='ocrx_word' id='word_1_243' title='bbox 359 1545 451 1579; x_wconf 83' lang='lat' dir='ltr'>aqua</span> <span class='ocrx_word' id='word_1_244' title='bbox 465 1551 472 1560; x_wconf 92' lang='lat'><strong>·</strong></span> <span class='ocrx_word' id='word_1_245' title='bbox 492 1532 593 1568; x_wconf 85' lang='lat' dir='ltr'>salvis</span> <span class='ocrx_word' id='word_1_246' title='bbox 610 1533 713 1569; x_wconf 92' lang='lat' dir='ltr'>nobis</span> <span class='ocrx_word' id='word_1_247' title='bbox 731 1534 840 1569; x_wconf 91' lang='lat' dir='ltr'>moris</span> <span class='ocrx_word' id='word_1_248' title='bbox 859 1534 1045 1570; x_wconf 91' lang='lat' dir='ltr'>turbarum</span> <span class='ocrx_word' id='word_1_249' title='bbox 1066 1540 1102 1570; x_wconf 88' lang='lat' dir='ltr'>et</span> <span class='ocrx_word' id='word_1_250' title='bbox 1120 1532 1212 1570; x_wconf 86' lang='lat' dir='ltr'>fossis</span> <span class='ocrx_word' id='word_1_251' title='bbox 1230 1533 1355 1581; x_wconf 86' lang='lat' dir='ltr'>argille</span> <span class='ocrx_word' id='word_1_252' title='bbox 1370 1553 1379 1561; x_wconf 89' lang='lat'><strong>·</strong></span> <span class='ocrx_word' id='word_1_253' title='bbox 1399 1533 1444 1569; x_wconf 89' lang='lat' dir='ltr'>de</span> <span class='ocrx_word' id='word_1_254' title='bbox 1462 1533 1589 1581; x_wconf 88' lang='lat' dir='ltr'>quibus</span> <span class='ocrx_word' id='word_1_255' title='bbox 1606 1533 1677 1582; x_wconf 90' lang='lat' dir='ltr'>ipse</span> <span class='ocrx_word' id='word_1_256' title='bbox 1695 1539 1731 1570; x_wconf 88' lang='lat' dir='ltr'>et</span> <span class='ocrx_word' id='word_1_257' title='bbox 1749 1534 1810 1569; x_wconf 89' lang='lat' dir='ltr'>ho-</span> 
     </span>
     <span class='ocr_line' id='line_1_24' title="bbox 306 1589 1808 1641; baseline 0.003 -18"><span class='ocrx_word' id='word_1_258' title='bbox 306 1589 418 1624; x_wconf 91' lang='lat' dir='ltr'>mines</span> <span class='ocrx_word' id='word_1_259' title='bbox 431 1589 481 1624; x_wconf 91' lang='lat' dir='ltr'>sui</span> <span class='ocrx_word' id='word_1_260' title='bbox 495 1603 560 1638; x_wconf 86' lang='lat' dir='ltr'>pro</span> <span class='ocrx_word' id='word_1_261' title='bbox 575 1590 641 1626; x_wconf 89' lang='lat' dir='ltr'>suis</span> <span class='ocrx_word' id='word_1_262' title='bbox 655 1592 852 1628; x_wconf 79' lang='lat' dir='ltr'>necessariis</span> <span class='ocrx_word' id='word_1_263' title='bbox 866 1592 1050 1628; x_wconf 85' lang='lat' dir='ltr'>moderate</span> <span class='ocrx_word' id='word_1_264' title='bbox 1062 1593 1236 1641; x_wconf 84' lang='lat' dir='ltr'>recipient</span> <span class='ocrx_word' id='word_1_265' title='bbox 1246 1592 1412 1640; x_wconf 88' lang='lat' dir='ltr'>quotiens</span> <span class='ocrx_word' id='word_1_266' title='bbox 1423 1591 1531 1627; x_wconf 87' lang='lat' dir='ltr'>fuerit</span> <span class='ocrx_word' id='word_1_267' title='bbox 1543 1598 1786 1640; x_wconf 90' lang='lat' dir='ltr'>opportunum</span> <span class='ocrx_word' id='word_1_268' title='bbox 1801 1612 1808 1619; x_wconf 93' lang='lat'><strong>·</strong></span> 
     </span>
     <span class='ocr_line' id='line_1_25' title="bbox 306 1647 1808 1698; baseline 0.003 -17"><span class='ocrx_word' id='word_1_269' title='bbox 306 1653 342 1682; x_wconf 87' lang='lat' dir='ltr'>et</span> <span class='ocrx_word' id='word_1_270' title='bbox 359 1647 455 1694; x_wconf 92' lang='lat' dir='ltr'>quod</span> <span class='ocrx_word' id='word_1_271' title='bbox 474 1647 711 1685; x_wconf 82' lang='lat' dir='ltr'>inhabitantes</span> <span class='ocrx_word' id='word_1_272' title='bbox 729 1650 927 1698; x_wconf 66' lang='lat' dir='ltr'>predi&amp;am</span> <span class='ocrx_word' id='word_1_273' title='bbox 947 1656 1079 1686; x_wconf 88' lang='lat' dir='ltr'>terram</span> <span class='ocrx_word' id='word_1_274' title='bbox 1101 1651 1146 1686; x_wconf 89' lang='lat' dir='ltr'>ad</span> <span class='ocrx_word' id='word_1_275' title='bbox 1166 1650 1413 1686; x_wconf 88' lang='lat' dir='ltr'>molendinum</span> <span class='ocrx_word' id='word_1_276' title='bbox 1433 1649 1590 1685; x_wconf 87' lang='lat' dir='ltr'>nostrum</span> <span class='ocrx_word' id='word_1_277' title='bbox 1610 1650 1747 1686; x_wconf 89' lang='lat' dir='ltr'>molent</span> <span class='ocrx_word' id='word_1_278' title='bbox 1764 1651 1808 1685; x_wconf 85' lang='lat' dir='ltr'>ad</span> 
     </span>
     <span class='ocr_line' id='line_1_26' title="bbox 306 1704 1810 1758; baseline 0.003 -19"><span class='ocrx_word' id='word_1_279' title='bbox 306 1704 452 1740; x_wconf 85' lang='lat' dir='ltr'>liberam</span> <span class='ocrx_word' id='word_1_280' title='bbox 472 1706 663 1742; x_wconf 86' lang='lat' dir='ltr'>multuram</span> <span class='ocrx_word' id='word_1_281' title='bbox 678 1727 685 1735; x_wconf 93' lang='lat'><strong>·</strong></span> <span class='ocrx_word' id='word_1_282' title='bbox 723 1708 904 1744; x_wconf 78' lang='lat' dir='ltr'>solvendo</span> <span class='ocrx_word' id='word_1_283' title='bbox 929 1709 1011 1745; x_wconf 90' lang='lat' dir='ltr'>inde</span> <span class='ocrx_word' id='word_1_284' title='bbox 1036 1708 1097 1758; x_wconf 80' lang='lat' dir='ltr'>ipsi</span> <span class='ocrx_word' id='word_1_285' title='bbox 1117 1708 1302 1746; x_wconf 86' lang='lat' dir='ltr'>Johannes</span> <span class='ocrx_word' id='word_1_286' title='bbox 1320 1713 1356 1744; x_wconf 85' lang='lat' dir='ltr'>et</span> <span class='ocrx_word' id='word_1_287' title='bbox 1380 1713 1453 1743; x_wconf 88' lang='lat' dir='ltr'>tres</span> <span class='ocrx_word' id='word_1_288' title='bbox 1480 1708 1631 1743; x_wconf 89' lang='lat' dir='ltr'>heredes</span> <span class='ocrx_word' id='word_1_289' title='bbox 1658 1708 1708 1744; x_wconf 90' lang='lat' dir='ltr'>sui</span> <span class='ocrx_word' id='word_1_290' title='bbox 1732 1721 1810 1756; x_wconf 84' lang='lat' dir='ltr'>pre-</span> 
     </span>
     <span class='ocr_line' id='line_1_27' title="bbox 307 1762 1809 1810; baseline 0.003 -13"><span class='ocrx_word' id='word_1_291' title='bbox 307 1762 394 1798; x_wconf 77' lang='grc' dir='ltr'><strong>(1ίὸὶί</strong></span> <span class='ocrx_word' id='word_1_292' title='bbox 421 1764 579 1810; x_wconf 88' lang='lat' dir='ltr'>quolibet</span> <span class='ocrx_word' id='word_1_293' title='bbox 606 1778 701 1801; x_wconf 90' lang='lat' dir='ltr'>anno</span> <span class='ocrx_word' id='word_1_294' title='bbox 727 1766 830 1801; x_wconf 82' lang='lat' dir='ltr'>nobis</span> <span class='ocrx_word' id='word_1_295' title='bbox 857 1772 893 1802; x_wconf 89' lang='lat' dir='ltr'>et</span> <span class='ocrx_word' id='word_1_296' title='bbox 915 1767 1165 1803; x_wconf 80' lang='lat' dir='ltr'>successoribus</span> <span class='ocrx_word' id='word_1_297' title='bbox 1187 1766 1313 1802; x_wconf 84' lang='lat' dir='ltr'>nostris</span> <span class='ocrx_word' id='word_1_298' title='bbox 1331 1766 1515 1802; x_wconf 84' lang='lat' dir='ltr'>tresdecim</span> <span class='ocrx_word' id='word_1_299' title='bbox 1535 1765 1663 1801; x_wconf 88' lang='lat' dir='ltr'>solidos</span> <span class='ocrx_word' id='word_1_300' title='bbox 1682 1772 1718 1802; x_wconf 86' lang='lat' dir='ltr'>et</span> <span class='ocrx_word' id='word_1_301' title='bbox 1736 1767 1809 1801; x_wconf 90' lang='lat' dir='ltr'>·iiii·</span> 
     </span>
     <span class='ocr_line' id='line_1_28' title="bbox 307 1819 1810 1873; baseline 0.003 -18"><span class='ocrx_word' id='word_1_302' title='bbox 307 1819 472 1856; x_wconf 89' lang='lat' dir='ltr'>denarios</span> <span class='ocrx_word' id='word_1_303' title='bbox 489 1821 737 1870; x_wconf 86' lang='lat' dir='ltr'>sterlingorum</span> <span class='ocrx_word' id='word_1_304' title='bbox 759 1843 766 1851; x_wconf 92' lang='lat'><strong>·</strong></span> <span class='ocrx_word' id='word_1_305' title='bbox 787 1830 823 1860; x_wconf 84' lang='lat' dir='ltr'>et</span> <span class='ocrx_word' id='word_1_306' title='bbox 845 1824 1008 1861; x_wconf 86' lang='lat' dir='ltr'>faciendo</span> <span class='ocrx_word' id='word_1_307' title='bbox 1031 1826 1143 1862; x_wconf 69' lang='lat' dir='ltr'>se&amp;as</span> <span class='ocrx_word' id='word_1_308' title='bbox 1161 1825 1206 1861; x_wconf 89' lang='lat' dir='ltr'>ad</span> <span class='ocrx_word' id='word_1_309' title='bbox 1225 1825 1340 1861; x_wconf 87' lang='lat' dir='ltr'>curias</span> <span class='ocrx_word' id='word_1_310' title='bbox 1358 1823 1492 1860; x_wconf 84' lang='lat' dir='ltr'>nostras</span> <span class='ocrx_word' id='word_1_311' title='bbox 1511 1843 1519 1852; x_wconf 93' lang='lat'><strong>·</strong></span> <span class='ocrx_word' id='word_1_312' title='bbox 1539 1837 1605 1873; x_wconf 92' lang='lat' dir='ltr'>pro</span> <span class='ocrx_word' id='word_1_313' title='bbox 1624 1824 1722 1860; x_wconf 90' lang='lat' dir='ltr'>omni</span> <span class='ocrx_word' id='word_1_314' title='bbox 1740 1825 1810 1860; x_wconf 89' lang='lat' dir='ltr'>alio</span> 
     </span>
     <span class='ocr_line' id='line_1_29' title="bbox 307 1878 1811 1931; baseline 0.003 -18"><span class='ocrx_word' id='word_1_315' title='bbox 307 1878 448 1914; x_wconf 85' lang='lat' dir='ltr'>servitio</span> <span class='ocrx_word' id='word_1_316' title='bbox 477 1898 485 1907; x_wconf 92' lang='lat'><strong>·</strong></span> <span class='ocrx_word' id='word_1_317' title='bbox 515 1880 770 1917; x_wconf 88' lang='lat' dir='ltr'>consuetudine</span> <span class='ocrx_word' id='word_1_318' title='bbox 798 1902 806 1910; x_wconf 94' lang='lat'><strong>·</strong></span> <span class='ocrx_word' id='word_1_319' title='bbox 840 1884 1027 1920; x_wconf 62' lang='lat' dir='ltr'>exafifione</span> <span class='ocrx_word' id='word_1_320' title='bbox 1049 1884 1108 1920; x_wconf 90' lang='lat' dir='ltr'>seu</span> <span class='ocrx_word' id='word_1_321' title='bbox 1132 1883 1310 1920; x_wconf 88' lang='lat' dir='ltr'>demanda</span> <span class='ocrx_word' id='word_1_322' title='bbox 1335 1896 1404 1930; x_wconf 92' lang='lat' dir='ltr'>que</span> <span class='ocrx_word' id='word_1_323' title='bbox 1431 1882 1475 1918; x_wconf 88' lang='lat' dir='ltr'>ad</span> <span class='ocrx_word' id='word_1_324' title='bbox 1502 1895 1568 1918; x_wconf 88' lang='lat' dir='ltr'>nos</span> <span class='ocrx_word' id='word_1_325' title='bbox 1591 1882 1650 1918; x_wconf 90' lang='lat' dir='ltr'>vel</span> <span class='ocrx_word' id='word_1_326' title='bbox 1673 1882 1811 1931; x_wconf 87' lang='lat' dir='ltr'>aliquos</span> 
     </span>
     <span class='ocr_line' id='line_1_30' title="bbox 308 1936 1810 1990; baseline 0.003 -19"><span class='ocrx_word' id='word_1_327' title='bbox 308 1936 515 1973; x_wconf 84' lang='lat' dir='ltr'>succeffores</span> <span class='ocrx_word' id='word_1_328' title='bbox 536 1937 673 1974; x_wconf 89' lang='lat' dir='ltr'>nostros</span> <span class='ocrx_word' id='word_1_329' title='bbox 699 1940 743 1975; x_wconf 90' lang='lat' dir='ltr'>de</span> <span class='ocrx_word' id='word_1_330' title='bbox 768 1941 929 1988; x_wconf 58' lang='lat' dir='ltr'>predicta</span> <span class='ocrx_word' id='word_1_331' title='bbox 947 1948 1043 1977; x_wconf 83' lang='lat' dir='ltr'>terra</span> <span class='ocrx_word' id='word_1_332' title='bbox 1060 1942 1154 1990; x_wconf 84' lang='lat' dir='ltr'>exigi</span> <span class='ocrx_word' id='word_1_333' title='bbox 1173 1942 1357 1990; x_wconf 84' lang='lat' dir='ltr'>potuerint</span> <span class='ocrx_word' id='word_1_334' title='bbox 1375 1941 1434 1977; x_wconf 90' lang='lat' dir='ltr'>seu</span> <span class='ocrx_word' id='word_1_335' title='bbox 1453 1941 1660 1976; x_wconf 84' lang='lat' dir='ltr'>demandari</span> <span class='ocrx_word' id='word_1_336' title='bbox 1686 1960 1694 1968; x_wconf 91' lang='lat'><strong>·</strong></span> <span class='ocrx_word' id='word_1_337' title='bbox 1732 1941 1810 1977; x_wconf 88' lang='lat' dir='ltr'>Nos</span> 
     </span>
     <span class='ocr_line' id='line_1_31' title="bbox 307 1994 1809 2048; baseline 0.003 -19"><span class='ocrx_word' id='word_1_338' title='bbox 307 2006 394 2030; x_wconf 86' lang='lat' dir='ltr'>vero</span> <span class='ocrx_word' id='word_1_339' title='bbox 414 1994 608 2044; x_wconf 89' lang='lat' dir='ltr'>Episcopus</span> <span class='ocrx_word' id='word_1_340' title='bbox 629 1997 860 2033; x_wconf 72' lang='lat' dir='ltr'>moraviensis</span> <span class='ocrx_word' id='word_1_341' title='bbox 886 2000 1069 2048; x_wconf 63' lang='lat' dir='ltr'>predictus</span> <span class='ocrx_word' id='word_1_342' title='bbox 1096 2000 1304 2036; x_wconf 85' lang='lat' dir='ltr'>succefl&#39;ores</span> <span class='ocrx_word' id='word_1_343' title='bbox 1328 1998 1436 2035; x_wconf 84' lang='lat' dir='ltr'>nostri</span> <span class='ocrx_word' id='word_1_344' title='bbox 1460 2003 1496 2034; x_wconf 85' lang='lat' dir='ltr'>et</span> <span class='ocrx_word' id='word_1_345' title='bbox 1519 1997 1715 2047; x_wconf 86' lang='lat' dir='ltr'>capitulum</span> <span class='ocrx_word' id='word_1_346' title='bbox 1733 1999 1809 2034; x_wconf 87' lang='lat' dir='ltr'>nos-</span> 
     </span>
     <span class='ocr_line' id='line_1_32' title="bbox 307 2053 1809 2106; baseline 0.003 -19"><span class='ocrx_word' id='word_1_347' title='bbox 307 2058 403 2087; x_wconf 85' lang='lat' dir='ltr'>trum</span> <span class='ocrx_word' id='word_1_348' title='bbox 427 2053 630 2101; x_wconf 66' lang='lat' dir='ltr'>predi&amp;um</span> <span class='ocrx_word' id='word_1_349' title='bbox 649 2054 885 2103; x_wconf 66' lang='lat' dir='ltr'>supradictam</span> <span class='ocrx_word' id='word_1_350' title='bbox 904 2063 1035 2093; x_wconf 86' lang='lat' dir='ltr'>terram</span> <span class='ocrx_word' id='word_1_351' title='bbox 1055 2059 1099 2094; x_wconf 90' lang='lat' dir='ltr'>de</span> <span class='ocrx_word' id='word_1_352' title='bbox 1118 2058 1277 2106; x_wconf 81' lang='lat' dir='ltr'>Finross&#39;y</span> <span class='ocrx_word' id='word_1_353' title='bbox 1296 2057 1467 2106; x_wconf 66' lang='lat' dir='ltr'>preditffis</span> <span class='ocrx_word' id='word_1_354' title='bbox 1484 2056 1642 2094; x_wconf 87' lang='lat' dir='ltr'>Johanni</span> <span class='ocrx_word' id='word_1_355' title='bbox 1661 2061 1697 2092; x_wconf 90' lang='lat' dir='ltr'>et</span> <span class='ocrx_word' id='word_1_356' title='bbox 1715 2058 1809 2093; x_wconf 72' lang='lat' dir='ltr'>mar-</span> 
     </span>
     <span class='ocr_line' id='line_1_33' title="bbox 306 2110 1809 2164; baseline 0.003 -19"><span class='ocrx_word' id='word_1_357' title='bbox 306 2116 429 2157; x_wconf 86' lang='lat' dir='ltr'>garete</span> <span class='ocrx_word' id='word_1_358' title='bbox 447 2110 568 2159; x_wconf 93' lang='lat' dir='ltr'>sponse</span> <span class='ocrx_word' id='word_1_359' title='bbox 586 2112 645 2147; x_wconf 84' lang='lat' dir='ltr'>sue</span> <span class='ocrx_word' id='word_1_360' title='bbox 663 2118 699 2148; x_wconf 87' lang='lat' dir='ltr'>et</span> <span class='ocrx_word' id='word_1_361' title='bbox 717 2113 829 2149; x_wconf 85' lang='lat' dir='ltr'>tribus</span> <span class='ocrx_word' id='word_1_362' title='bbox 848 2115 1037 2151; x_wconf 85' lang='lat' dir='ltr'>heredibus</span> <span class='ocrx_word' id='word_1_363' title='bbox 1055 2116 1122 2151; x_wconf 88' lang='lat' dir='ltr'>suis</span> <span class='ocrx_word' id='word_1_364' title='bbox 1139 2122 1181 2151; x_wconf 85' lang='lat' dir='ltr'>ut</span> <span class='ocrx_word' id='word_1_365' title='bbox 1198 2116 1469 2164; x_wconf 84' lang='lat' dir='ltr'>suprascriptum</span> <span class='ocrx_word' id='word_1_366' title='bbox 1485 2113 1533 2150; x_wconf 91' lang='lat' dir='ltr'>est</span> <span class='ocrx_word' id='word_1_367' title='bbox 1546 2119 1672 2149; x_wconf 86' lang='lat' dir='ltr'>contra</span> <span class='ocrx_word' id='word_1_368' title='bbox 1685 2127 1809 2150; x_wconf 85' lang='lat' dir='ltr'>omnes</span> 
     </span>
     <span class='ocr_line' id='line_1_34' title="bbox 308 2168 1808 2221; baseline 0.003 -19"><span class='ocrx_word' id='word_1_369' title='bbox 308 2168 469 2204; x_wconf 89' lang='lat' dir='ltr'>homines</span> <span class='ocrx_word' id='word_1_370' title='bbox 495 2174 531 2205; x_wconf 92' lang='lat' dir='ltr'>et</span> <span class='ocrx_word' id='word_1_371' title='bbox 556 2169 705 2205; x_wconf 83' lang='lat' dir='ltr'>seminas</span> <span class='ocrx_word' id='word_1_372' title='bbox 732 2172 1041 2208; x_wconf 83' lang='lat' dir='ltr'>warantizabimus</span> <span class='ocrx_word' id='word_1_373' title='bbox 1063 2174 1342 2221; x_wconf 85' lang='lat' dir='ltr'>acquietabimus</span> <span class='ocrx_word' id='word_1_374' title='bbox 1364 2179 1400 2209; x_wconf 83' lang='lat' dir='ltr'>et</span> <span class='ocrx_word' id='word_1_375' title='bbox 1420 2173 1527 2209; x_wconf 88' lang='lat' dir='ltr'>etiam</span> <span class='ocrx_word' id='word_1_376' title='bbox 1549 2172 1780 2208; x_wconf 85' lang='lat' dir='ltr'>defendemus</span> <span class='ocrx_word' id='word_1_377' title='bbox 1800 2193 1808 2200; x_wconf 90' lang='lat'>-</span> 
     </span>
     <span class='ocr_line' id='line_1_35' title="bbox 310 2225 1809 2279; baseline 0.004 -19"><span class='ocrx_word' id='word_1_378' title='bbox 310 2225 353 2260; x_wconf 92' lang='lat' dir='ltr'>In</span> <span class='ocrx_word' id='word_1_379' title='bbox 372 2225 473 2275; x_wconf 86' lang='lat' dir='ltr'>cujus</span> <span class='ocrx_word' id='word_1_380' title='bbox 491 2226 542 2263; x_wconf 89' lang='lat' dir='ltr'>rei</span> <span class='ocrx_word' id='word_1_381' title='bbox 559 2226 798 2264; x_wconf 90' lang='lat' dir='ltr'>testimonium</span> <span class='ocrx_word' id='word_1_382' title='bbox 818 2228 967 2278; x_wconf 79' lang='lat' dir='ltr'>sigillum</span> <span class='ocrx_word' id='word_1_383' title='bbox 987 2230 1144 2266; x_wconf 90' lang='lat' dir='ltr'>nostrum</span> <span class='ocrx_word' id='word_1_384' title='bbox 1167 2245 1240 2267; x_wconf 86' lang='lat' dir='ltr'>una</span> <span class='ocrx_word' id='word_1_385' title='bbox 1266 2245 1346 2268; x_wconf 91' lang='lat' dir='ltr'>cum</span> <span class='ocrx_word' id='word_1_386' title='bbox 1376 2230 1558 2267; x_wconf 87' lang='lat' dir='ltr'>communi</span> <span class='ocrx_word' id='word_1_387' title='bbox 1583 2228 1693 2278; x_wconf 84' lang='lat' dir='ltr'>figillo</span> <span class='ocrx_word' id='word_1_388' title='bbox 1718 2231 1809 2279; x_wconf 89' lang='lat' dir='ltr'>capi-</span> 
     </span>
    </p>
   </div>
   <div class='ocr_carea' id='block_1_5' title="bbox 2031 0 2034 784">
    <p class='ocr_par' dir='ltr' id='par_1_5' title="bbox 2031 0 2034 784">
     <span class='ocr_line' id='line_1_36' title="bbox 2031 0 2034 784; baseline 0 0"><span class='ocrx_word' id='word_1_389' title='bbox 2031 0 2034 784; x_wconf 95' lang='lat' dir='ltr'> </span> 
     </span>
    </p>
   </div>
  </div>
 </body>
</html>
