1980 2758
276 149 320 180 12
669 141 982 179 REGISTRUM
1010 135 1374 176 MORAVIENSE.

274 255 353 278 meo
370 242 514 277 liberius
543 261 551 269 ·
582 241 739 289 quiecius
757 260 765 269 ·
784 240 922 288 plenius
937 244 972 275 et
984 236 1280 273 honorificencius
1299 239 1398 270 tenet
1416 237 1452 268 et
1465 231 1613 280 pollidet
1627 252 1635 259 ·
1652 232 1763 269 Testi-

274 299 338 335 bus
348 299 494 336 matheo
506 299 667 347 episcopo
683 295 930 346 Abyrdonenfi
948 315 957 324 ·
976 295 1105 331 comite
1118 294 1298 329 Duneano
1306 290 1501 339 justiciario
1517 309 1525 317 -
1543 289 1705 325 Roberto
1717 290 1763 326 de

274 356 419 404 Quincy
437 376 445 384 ·
465 355 610 404 malyfio
632 356 706 391 filio
732 355 871 390 comitis
889 353 1035 389 Ferteth
1060 371 1068 379 ·
1089 350 1285 386 Malcolmo
1304 349 1378 383 filio
1397 347 1535 383 comitis
1554 347 1725 383 Duneani
1754 368 1763 375 ·

275 413 437 462 Philippo
457 414 500 449 de
518 413 693 461 moubray
708 432 716 440 ·
733 411 912 447 Willelmo
928 411 1070 457 Cumyn
1085 428 1093 436 ·
1110 407 1291 442 Willelmo
1309 406 1353 441 de
1371 405 1475 453 Haya
1493 424 1501 433 ·
1521 405 1630 453 Apud
1647 404 1764 441 Aber-

275 471 343 507 den
357 490 365 499 ·
385 484 478 506 ·xxv·
498 471 554 506 die
574 469 787 518 Septembris
806 488 814 495 ·

276 643 477 679 Conventio
497 643 540 678 de
560 641 775 677 Struthouen
791 659 798 667 ·

276 758 394 794 Sciant
419 757 594 806 presentes
620 761 655 791 et
681 754 792 790 futuri
816 753 911 800 quod
932 752 996 787 hec
1021 750 1068 786 est
1102 750 1293 786 conventio
1322 749 1417 785 facta
1449 749 1544 785 inter
1579 749 1762 784 dominum

275 835 282 842 ·
305 815 339 850 R
351 834 359 842 ·
375 814 572 862 episcopum
589 811 843 849 moraviensem
864 815 899 845 et
917 809 1137 845 Duneanum
1159 808 1326 844 comitem
1345 808 1389 843 de
1407 807 1438 843 F
1439 807 1469 842 if
1488 826 1496 835 ·
1515 807 1644 842 scilicet
1668 807 1764 854 quod

274 872 454 920 predictus
480 884 597 907 comes
623 875 658 905 et
682 868 829 904 heredes
856 866 906 902 sui
931 866 1105 902 tenebunt
1129 866 1173 901 de
1197 865 1360 913 predicto
1379 864 1540 913 episcopo
1558 869 1671 899 terras
1689 864 1765 899 suas

273 942 358 977 quas
369 929 474 964 habet
486 928 521 962 in
529 927 743 963 Strathouen
758 924 919 960 dimidias
931 924 1167 959 dauacl1as·in
1178 923 1252 958 vita
1265 922 1418 971 predicti
1430 922 1596 970 episcopi·
1605 921 1765 957 Inueral-

275 986 370 1022 dem·
379 984 605 1021 Duninbride
618 1003 626 1011 ·
639 982 791 1019 Letheni
803 1001 811 1010 ·
826 981 957 1018 michel
970 1000 977 1009 ·
986 980 1257 1016 Neuechincrist
1268 1000 1276 1009 ·
1285 979 1559 1016 Tulachtarum·
1569 979 1764 1015 Donenald

277 1043 394 1091 Kyref
404 1062 411 1070 ·
427 1042 560 1079 martin
572 1060 580 1068 ·
594 1040 811 1077 Fithelmore
827 1058 835 1067 ·
849 1036 1652 1074 Abberbrandolthin·Brenin·Daffiinnucl1el
1663 1056 1671 1064 ·
1682 1049 1764 1072 cum

275 1099 438 1135 omnibus
455 1099 561 1134 rectis
579 1096 692 1134 divifis
710 1097 776 1132 suis
798 1116 806 1124 ·
825 1096 1009 1132 reddendo
1030 1096 1214 1131 annuatim
1232 1095 1396 1144 predicto
1415 1094 1576 1143 episcopo
1594 1107 1660 1142 pro
1678 1107 1764 1130 una-

274 1169 411 1204 quaque
430 1156 574 1191 dimidia
592 1155 727 1190 dauach
747 1155 836 1189 duos
853 1153 981 1189 solidos
1003 1153 1259 1189 dimidietatem
1281 1153 1326 1188 ad
1349 1151 1586 1201 pentecostem
1608 1157 1644 1186 ct
1665 1152 1764 1187 dimi-

274 1214 439 1249 dietatem
460 1213 505 1248 ad
528 1212 650 1248 festum
679 1212 800 1247 Sancti
827 1211 979 1247 Martini
1006 1230 1014 1239 ·
1042 1210 1092 1247 Et
1116 1215 1279 1259 preterea
1304 1210 1461 1258 prefatus
1488 1209 1618 1245 Comes
1645 1214 1680 1244 et
1706 1210 1764 1245 he-

274 1270 374 1306 redes
392 1270 442 1305 sui
459 1270 632 1306 tenebunt
650 1270 693 1304 de
711 1269 874 1317 predicto
894 1268 1068 1317 Episcopo
1086 1269 1124 1304 in
1141 1268 1215 1304 vita
1232 1268 1292 1304 sua
1305 1268 1392 1303 duas
1409 1266 1571 1302 dimidias
1590 1267 1764 1302 dauachas

274 1328 317 1363 de
333 1327 537 1363 Inuerouen
549 1326 624 1375 post
638 1326 811 1362 decess'um
824 1326 930 1362 Bricii
944 1326 1091 1374 persone
1105 1345 1114 1354 ·
1126 1326 1311 1361 reddendo
1325 1324 1510 1360 annuatim
1525 1323 1621 1372 ·iiij⁰‘·
1636 1324 1764 1360 solidos

274 1385 318 1420 ad
329 1385 497 1420 terminos
515 1384 695 1432 predictos
714 1403 721 1411 ·
743 1383 910 1419 Preterea
923 1384 1106 1431 predictus
1119 1383 1250 1419 Comes
1261 1388 1296 1419 et
1307 1382 1455 1418 heredes
1469 1381 1519 1417 sui
1532 1381 1706 1417 tenebunt
1720 1382 1764 1417 de

273 1442 434 1490 predicto
453 1441 625 1489 Episcopo
644 1441 681 1476 in
699 1441 772 1477 vita
789 1440 849 1476 sua
867 1440 1015 1476 Adauin
1033 1454 1115 1477 cum
1133 1440 1298 1476 omnibus
1316 1440 1423 1475 rectis
1442 1437 1556 1475 divifis
1573 1439 1641 1474 suis
1659 1458 1668 1467 ·
1687 1439 1764 1475 red-

275 1499 391 1534 dendo
413 1498 595 1534 annuatim
612 1518 620 1526 ·
635 1498 672 1533 xl
688 1517 696 1526 ·
715 1504 832 1546 petras
851 1498 938 1534 casei
956 1498 1001 1534 ad
1018 1498 1142 1535 festum
1162 1498 1284 1534 saneti
1303 1497 1455 1533 Martini
1482 1515 1491 1525 ·
1519 1496 1567 1532 Et
1585 1495 1765 1545 episcopus

275 1555 425 1591 abducet
441 1556 600 1590 homines
615 1555 692 1591 suos
710 1556 769 1603 qui
786 1555 963 1604 presentes
977 1556 1124 1592 fuerunt
1141 1556 1179 1591 in
1197 1556 1254 1591 die
1272 1553 1521 1591 conventionis
1537 1554 1575 1589 in
1592 1559 1688 1589 terra
1705 1554 1765 1588 illa

274 1625 485 1660 quocunque
502 1612 657 1648 voluerit
684 1632 692 1640 ·
721 1612 825 1648 Alios
842 1626 928 1649 vero
946 1613 1109 1649 homines
1126 1613 1187 1661 qui
1204 1612 1384 1648 naturales
1402 1611 1482 1647 sunt
1500 1611 1545 1647 ad
1563 1616 1674 1647 terras
1688 1623 1765 1659 pre-

275 1670 386 1704 dictas
411 1682 500 1716 quos
524 1669 703 1718 episcopus
724 1683 799 1706 non
824 1670 1056 1707 diracionavit
1081 1670 1245 1718 adquiret
1270 1669 1455 1718 predictus
1473 1668 1603 1705 Comes
1621 1667 1765 1704 consilio

275 1732 311 1762 et
333 1726 465 1761 auxilio
490 1726 651 1774 Episcopi
676 1727 722 1762 ad
747 1728 897 1775 prefatas
924 1733 1035 1764 terras
1059 1727 1305 1763 inhabitandas
1332 1745 1340 1754 ·
1368 1726 1417 1762 Et
1434 1725 1616 1774 predictus
1634 1725 1765 1762 Comes

276 1789 312 1819 et
336 1783 483 1819 heredes
510 1783 559 1818 sui
585 1783 758 1819 tenebunt
782 1785 923 1832 plenam
944 1786 1078 1821 curiam
1102 1786 1146 1821 de
1169 1784 1315 1821 domino
1339 1783 1513 1832 Episcopo
1535 1783 1573 1818 in
1594 1782 1765 1831 predictis

276 1840 379 1876 terris
398 1859 406 1868 ·
426 1846 462 1875 et
479 1840 688 1876 forinsecum
707 1840 885 1877 servitium
904 1842 1039 1877 domini
1059 1843 1169 1890 Regis
1187 1842 1232 1878 de
1248 1841 1351 1878 terris
1363 1840 1431 1876 illis
1442 1841 1600 1889 plenarie
1611 1840 1742 1877 facient
1754 1860 1762 1868 ·

270 1896 433 1933 'restibus
454 1897 613 1932 Hem-ico
640 1897 764 1933 abbate
789 1899 832 1934 de
855 1898 1139 1936 Abberbrodoch
1166 1919 1174 1928 ·
1202 1899 1248 1934 R·
1276 1898 1402 1934 abbate
1426 1898 1470 1934 de
1497 1898 1613 1934 Scona
1647 1917 1656 1925 -
1693 1897 1763 1934 Ar-

274 1953 382 1990 naldo
400 1955 524 1990 abbate
543 1954 587 1990 de
606 1954 726 2002 Cupre
741 1974 749 1983 ·
770 1955 868 1991 Wice
886 1956 1009 1992 abbate
1028 1958 1072 1993 de
1090 1957 1260 1993 Lundors
1278 1976 1287 1984 ·
1306 1956 1355 1992 G·
1375 1955 1521 1991 Auenel
1545 1974 1553 1984 ·
1580 1954 1762 1991 Willelmo

275 2011 407 2047 Cumin
434 2031 443 2039 ·
470 2011 650 2047 Willelmo
676 2011 720 2047 de
748 2012 843 2047 Haia
865 2032 873 2040 ·
903 2013 1060 2061 Hugone
1082 2014 1125 2050 de
1147 2014 1310 2051 moravia
1331 2033 1340 2041 ·
1360 2013 1541 2048 Willelmo
1565 2012 1608 2048 de
1634 2013 1763 2048 Rame-

275 2068 343 2103 seia
369 2087 377 2096 ι
406 2068 454 2104 A·
474 2068 517 2104 de
536 2069 652 2116 Syreis
680 2088 688 2096 ·
718 2068 911 2105 Lamberto
932 2070 1113 2118 capellano
1133 2091 1140 2100 ·
1169 2071 1218 2107 H·
1237 2071 1345 2108 fratre
1364 2070 1527 2119 Episcopi
1556 2089 1564 2098 ·
1592 2069 1699 2105 Ness'o
1718 2070 1763 2104 de

277 2125 459 2161 Rameseia
484 2145 492 2154 ·
519 2125 700 2162 willelmo
718 2126 790 2161 filio
809 2127 977 2163 Duneani
996 2147 1004 2156 ·
