2060 2660
80 815 145 846 143

577 191 682 227 REG
690 192 892 228 ISTRUM
921 193 1284 232 MORAVIENSE.
1613 203 1676 238 161

181 305 258 327 mus
282 292 420 340 plenius
446 291 591 326 allocari
618 310 626 318 ·
654 296 690 326 et
713 291 781 326 hoc
803 290 904 326 nullo
923 291 1031 326 modo
1051 292 1222 328 omittatis
1241 313 1248 321 ·
1281 295 1323 329 In
1342 296 1442 344 cujus
1462 299 1510 333 rei
1529 300 1680 335 testimo-

179 351 277 385 nium
297 348 516 397 presentibus
529 348 641 383 literis
658 348 759 384 vobis
777 347 1002 383 ostendendis
1017 368 1025 376 ·
1045 349 1222 397 penesque
1241 352 1393 387 eundem
1415 353 1624 403 Episcopum
1644 364 1680 393 et

178 404 355 443 ecclesiam
374 406 472 442 suam
489 411 664 455 perpetuo
683 406 895 442 remansuris
910 425 918 434 ·
933 404 1085 453 figillum
1103 407 1262 443 nostrum
1281 410 1503 457 precepimus
1521 415 1650 460 apponi
1670 434 1677 442 ·

178 464 288 513 Apud
308 464 418 500 Fores
441 464 549 501 tertio
574 464 713 500 decimo
737 464 794 499 die
818 462 943 500 menfis
968 465 1055 501 maii
1083 484 1091 492 ·
1119 478 1215 501 anno
1242 467 1345 514 regni
1372 467 1479 502 nostri
1505 469 1679 507 tricesimo

177 523 305 558 οὸὶεινο
325 542 333 550 ·

177 696 379 732 Prosecutio
398 702 433 732 et
451 696 625 732 sententia
641 696 744 744 super
762 696 891 732 nativis
910 715 919 724 ·

175 810 355 847 Univerfis
382 811 511 848 Christi
537 811 701 848 fidelibus
726 812 772 847 ad
798 825 888 860 quos
913 811 1092 860 presentes
1118 812 1221 847 litere
1245 813 1476 860 pervenerint
1499 813 1678 850 Walterus

174 870 278 918 Byset
297 871 464 906 dominus
482 870 527 906 de
546 870 781 919 Leffyndrom
804 883 845 906 ac
871 870 992 906 locum
1018 875 1146 906 tenens
1166 870 1386 906 vicecomitis
1409 871 1452 907 de
1472 871 1570 907 Bans
1591 873 1678 908 salu-

172 935 244 964 tem
263 929 300 963 in
319 929 480 964 Domino
500 948 508 957 ·
536 928 691 965 Noverit
705 927 913 964 universitas
931 927 1045 964 vestra
1062 928 1160 976 quod
1178 927 1342 964 vicesimo
1361 929 1459 965 sexto
1478 930 1535 965 die
1553 930 1678 966 menfis

173 986 310 1034 Aprilis
336 987 435 1022 curia
459 986 678 1022 vicecomitis
704 991 805 1022 tenta
830 986 899 1022 fuit
925 986 1021 1035 apud
1043 986 1141 1022 Banf
1163 1006 1171 1014 ·
1201 987 1403 1035 comparuit
1430 1000 1549 1023 coram
1578 989 1679 1024 nobis

172 1044 390 1080 reverendus
408 1045 445 1079 in
464 1044 604 1081 Christo
628 1049 729 1093 pater
756 1044 922 1080 dominus
941 1044 1152 1080 Alexander
1171 1044 1243 1080 Dei
1261 1045 1377 1093 gratia
1401 1046 1583 1094 episcopus
1601 1049 1680 1083 mo-

172 1101 337 1138 ravienfis
355 1102 600 1138 demonstrans
616 1102 798 1150 quoddam
815 1102 924 1138 breve
944 1102 987 1138 de
1006 1102 1142 1150 capella
1160 1102 1298 1138 domini
1316 1103 1424 1139 nostri
1445 1104 1556 1152 Regis
1577 1105 1680 1153 super

172 1161 301 1196 nativis
319 1160 407 1196 dieti
426 1160 562 1196 domini
582 1160 746 1209 Episcopi
763 1160 1017 1208 recuperandis
1041 1166 1077 1196 et
1104 1160 1276 1196 habendis
1295 1161 1397 1196 nobis
1417 1162 1595 1198 direfihim
1616 1182 1624 1190 ·
1644 1168 1679 1198 et

172 1225 295 1266 petens
311 1219 523 1254 nominatim
540 1218 743 1254 Robertum
759 1218 803 1254 de
816 1218 936 1266 Curry
951 1237 959 1245 ·
979 1217 1177 1266 Neuynum
1196 1218 1241 1254 de
1255 1218 1396 1254 Achres
1415 1224 1450 1255 et
1466 1220 1678 1256 Donaldum

173 1276 360 1324 Rogerson
378 1276 518 1312 nativos
535 1276 699 1311 homines
716 1276 796 1311 suos
814 1274 874 1311 fibi
886 1275 979 1324 juste
998 1275 1187 1311 deliberari
1206 1295 1214 1303 ·
1244 1276 1358 1324 Cujus
1375 1277 1540 1325 petitioni
1559 1278 1677 1313 dietus

172 1334 355 1370 Robertus
372 1354 380 1362 ·
396 1334 574 1382 Neuynus
589 1339 625 1369 et
643 1333 835 1369 Donaldus
853 1332 1007 1369 reslstere
1026 1346 1101 1369 non
1119 1333 1279 1370 valentes
1297 1353 1306 1363 ·
1325 1334 1421 1370 fa&a
1438 1335 1540 1371 nobis
1553 1335 1623 1371 fide
1641 1336 1679 1371 in

163 1392 302 1440 judicio
321 1405 384 1440 per
399 1392 579 1427 Thomam
594 1391 638 1427 de
654 1391 785 1440 Spensa
802 1405 940 1427 marum
956 1391 1227 1427 vicecomitatus
1244 1392 1288 1427 de
1304 1392 1402 1427 Bans
1414 1393 1517 1441 super
1534 1393 1678 1429 arresta-

170 1450 326 1486 tionibus
345 1450 662 1499 replegiationibus
682 1455 718 1485 et
736 1449 902 1485 omnibus
916 1449 992 1485 aliis
1007 1449 1052 1485 ad
1069 1450 1207 1485 dictum
1225 1450 1334 1486 breve
1352 1449 1524 1498 requisitis
1543 1471 1551 1478 ·
1572 1452 1678 1499 parti-

170 1509 234 1544 bus
253 1509 289 1544 in
303 1508 441 1557 judicio
460 1507 693 1556 personaliter
711 1507 999 1556 comparentibus
1018 1527 1026 1535 ·
1045 1520 1110 1556 per
1127 1507 1293 1544 meliores
1311 1513 1347 1543 et
1365 1508 1544 1544 fideliores
1561 1510 1676 1557 patrie

169 1567 310 1615 affysam
336 1566 449 1602 levari
474 1566 622 1601 fecimus
649 1585 657 1593 ·
685 1565 815 1601 auditis
842 1565 1114 1613 allegationibus
1141 1571 1177 1601 et
1204 1564 1464 1601 defensionibus
1490 1567 1646 1614 partium
1667 1587 1675 1595 ·

169 1625 228 1672 qui
241 1625 354 1673 jurati
372 1638 436 1673 per
454 1637 625 1672 magnum
643 1623 902 1659 sacramentum
922 1623 1161 1659 decreverunt
1179 1628 1215 1659 et
1234 1623 1507 1659 declaraverunt
1519 1625 1676 1672 prefatos

170 1683 372 1718 Robertum
392 1702 400 1710 ·
420 1682 617 1730 Neuynum
642 1686 678 1717 et
702 1681 914 1716 Donaldum
941 1682 1008 1717 esse
1034 1681 1175 1717 nativos
1201 1687 1237 1717 et
1262 1681 1375 1729 legios
1400 1681 1564 1718 homines
1588 1683 1676 1718 dieti

169 1740 305 1776 domini
324 1739 488 1788 Episcopi
516 1744 551 1775 et
578 1738 720 1775 ecclesie
743 1738 974 1776 ffloravienfis
993 1758 1001 1767 ·
1029 1739 1078 1774 Et
1103 1739 1172 1775 hoc
1198 1753 1262 1788 per
1287 1739 1509 1787 Stephanum
1537 1740 1675 1776 dietum

123 1839 126 1842 Δ
169 1798 291 1848 Broky
310 1798 408 1834 curie
426 1797 697 1833 vicecomitatus
716 1797 890 1833 antedififi
902 1797 1062 1845 judicem
1076 1797 1282 1833 sententiari
1299 1797 1447 1833 fecimus
1465 1799 1548 1834 viva
1562 1812 1650 1834 voce
1667 1819 1674 1826 ·

174 1856 218 1892 In
236 1857 338 1906 cujus
356 1856 408 1892 rei
427 1855 667 1891 testimonium
687 1854 838 1903 sigillum
857 1855 1016 1891 nostrum
1035 1855 1255 1904 presentibus
1280 1855 1328 1891 est
1351 1856 1545 1904 appensum
1565 1877 1572 1884 -
1602 1857 1675 1892 Da-

168 1921 245 1950 tum
271 1914 367 1963 apud
393 1913 491 1950 Banf
508 1914 629 1948 ·xxvi0·
654 1914 711 1949 die
733 1912 858 1949 mensis
882 1913 1019 1962 Aprilis
1046 1933 1054 1941 ·
1079 1927 1175 1949 anno
1194 1914 1346 1950 Domini
1371 1913 1554 1950 millesimo
1577 1919 1673 1950 ·ccc0·

169 1971 379 2021 sexagesimo
398 1976 525 2020 quarto
544 1971 747 2020 supradifito
767 1991 775 2000 ·

173 2146 391 2195 Aquitancia
408 2159 472 2195 per
491 2146 738 2182 camerarium
759 2147 854 2195 Pape
874 2147 1085 2183 Alexandro
1104 2148 1266 2196 episcopo
1286 2167 1293 2175 ·

73 2266 140 2297 144
172 2262 353 2299 Univerfis
384 2269 420 2299 et
449 2262 594 2311 singulis
630 2262 809 2308 presentes
839 2263 958 2300 literas
988 2264 1199 2312 inspefituris
1229 2263 1416 2299 Arnaldus
1450 2260 1671 2310 permissione

173 2321 294 2356 divina
310 2321 591 2370 archiepiscopus
609 2319 862 2357 Auxitanensis
880 2322 1018 2358 domini
1033 2322 1128 2370 Pape
1146 2321 1361 2358 camerarius
1379 2320 1524 2356 salutem
1543 2319 1580 2353 in
1595 2319 1670 2354 Do-

921 2392 944 2415 x
