1980 2758
288 156 308 187 8
684 150 787 187 REG
795 149 996 187 ISTRUM
1027 147 1143 186 MOR
1150 148 1389 185 AVIENSE.

288 366 346 402 De
364 366 509 402 decimis
527 366 692 414 Episcopi
712 371 745 400 ct
764 364 976 400 clericorum
992 382 1000 390 ·

228 478 249 509 8
286 482 355 516 ·W'·
379 482 450 517 Dei
475 482 589 528 gratia
609 481 689 516 Rex
712 481 916 515 Scottorum
937 476 1101 512 omnibus
1119 475 1258 511 ballivis
1276 475 1344 510 suis
1363 475 1407 511 de
1427 475 1596 513 Moravia
1614 477 1760 514 salutem
1776 499 1785 507 ·

196 2038 239 2068 10

285 540 420 576 mando
449 539 548 574 vobis
576 545 611 574 et
638 537 787 573 firmiter
810 535 966 584 precipio
994 534 1161 582 quatinus
1188 533 1324 568 faciatis
1356 533 1554 570 Ricardum
1583 535 1784 584 episcopum

284 597 445 634 moravie
461 616 469 624 ·
485 602 521 632 et
538 596 685 632 clericos
699 595 777 629 suos
795 593 924 628 habere
943 605 1066 627 omnes
1086 592 1202 626 reetas
1221 590 1375 626 decimas
1394 591 1438 626 de
1456 591 1680 639 parochianis
1692 594 1760 629 suis
1775 614 1784 622 ·

284 661 319 690 et
345 655 389 690 de
417 654 580 689 omnibus
606 653 702 688 unde
728 651 859 687 Sancta
882 648 1035 686 Ecclesia
1059 649 1214 685 decimas
1241 648 1347 684 debet
1372 649 1555 697 percipere
1576 648 1664 686 ficut
1687 657 1784 687 carta

283 726 362 748 mea
375 725 479 760 quam
498 711 629 747 habent
643 709 787 746 testatur
814 728 822 736 ·
853 709 899 743 Et
917 707 1131 756 prohibeatis
1149 706 1320 754 preduffis
1338 706 1563 754 parochianis
1581 708 1649 744 suis
1667 722 1712 745 ne
1730 710 1782 745 illi

283 771 435 806 decimas
452 770 528 805 suas
547 769 729 804 detineant
748 787 755 795 ·
776 767 877 814 super
895 779 1010 801 meam
1030 765 1226 813 plenariam
1245 764 1510 801 forisfa&uram
1538 785 1546 794 ·
1575 765 1623 802 Et
1641 772 1779 803 tantum

282 828 444 876 predifto
475 827 646 875 Episcopo
673 831 708 860 et
735 825 871 860 clericis
899 823 966 858 suis
994 823 1128 858 faciatis
1157 835 1203 857 ne
1228 827 1393 870 oporteat
1419 835 1480 858 eos
1505 824 1590 860 inde
1610 825 1782 872 conqueri

281 898 345 933 pro
370 885 512 921 dese&u
537 883 638 919 vestri
667 902 674 910 ·
704 881 865 918 Testibus
885 881 1045 928 Hugone
1071 880 1285 916 cancellario
1309 893 1390 915 meo
1411 899 1419 908 ·
1440 880 1623 918 Duncano
1650 882 1782 919 comite

275 942 468 990 justiciario
488 962 495 970 ·
515 942 645 978 comite
664 940 795 976 Gilleb'
823 959 830 966 ·
861 938 972 987 Apud
992 938 1101 986 Elgin
1120 951 1166 973 ·x·
1187 937 1244 973 die
1263 936 1436 974 Getobris
1455 958 1463 966 ·

280 1115 340 1150 De
360 1113 635 1150 rectitudinibus
654 1119 689 1149 et
707 1113 803 1148 canis
822 1118 859 1147 et
877 1111 1060 1147 conevetis
1079 1130 1086 1138 ·

277 1228 346 1263 ·W·
374 1228 444 1264 Dei
468 1229 584 1276 gratia
611 1229 691 1264 Rex
719 1227 925 1263 Scottorum
954 1226 1119 1262 omnibus
1141 1226 1261 1275 probis
1290 1226 1494 1262 hominibus
1525 1227 1594 1262 suis
1616 1229 1778 1265 <Dor-avie

276 1286 420 1321 salutem
450 1306 457 1314 ·
485 1286 621 1322 mando
647 1291 682 1321 et
705 1285 855 1320 firmiter
877 1285 1035 1333 precipio
1057 1285 1225 1332 quatinus
1243 1297 1368 1320 omnes
1385 1284 1549 1320 homines
1566 1286 1627 1332 qui
1645 1290 1777 1322 terram

274 1349 398 1379 tenent
416 1344 459 1379 de
479 1344 679 1392 episcopatu
697 1343 860 1380 (Doravie
878 1343 1031 1378 reddant
1051 1342 1210 1378 Ricardo
1229 1343 1392 1391 episcopo
1410 1348 1447 1378 et
1464 1342 1692 1379 sucessoribus
1710 1344 1778 1380 suis

274 1415 396 1437 omnes
414 1402 647 1437 rectitudines
662 1421 670 1429 ·
686 1406 722 1437 et
740 1414 828 1437 cana
846 1406 882 1436 et
900 1406 1077 1436 coneueta
1094 1399 1181 1437 ficut
1199 1400 1432 1436 anteccffores
1451 1401 1502 1436 sui
1520 1401 1672 1450 episcopi
1690 1408 1777 1438 tem-

272 1473 359 1503 pore
380 1460 489 1507 Regis
504 1460 623 1495 David
642 1460 698 1495 avi
717 1459 786 1495 mei
802 1479 810 1487 ·
826 1464 862 1494 et
880 1464 1042 1507 tempore
1060 1459 1245 1496 malcolmi
1263 1459 1381 1494 fratris
1400 1459 1470 1494 mei
1488 1459 1724 1495 refifitudines
1742 1465 1777 1495 et

275 1530 362 1552 cana
380 1523 415 1552 et
433 1523 607 1553 coneueta
624 1518 763 1566 plenius
781 1523 1019 1566 perceperunt
1038 1537 1046 1545 ·
1066 1523 1129 1554 aut
1147 1516 1235 1553 ficut
1253 1517 1437 1565 predictus
1453 1517 1631 1553 Ricardus
1648 1518 1777 1566 episco-

273 1588 338 1622 pus
356 1588 397 1610 ea
415 1581 575 1623 tempore
594 1588 673 1611 meo
692 1576 831 1623 plenius
848 1575 1008 1623 percepit
1036 1595 1044 1604 ·
1074 1575 1197 1618 Quare
1215 1575 1389 1623 prohibeo
1407 1575 1558 1612 firmiter
1576 1589 1622 1611 ne
1641 1576 1718 1623 quis
1737 1589 1776 1612 ea

274 1632 389 1668 eidem
415 1633 586 1681 Episcopo
611 1633 771 1669 detinere
795 1632 972 1681 presumat
995 1633 1099 1682 super
1122 1633 1318 1682 plenariam
1344 1646 1459 1669 meam
1478 1633 1747 1670 forissaemram
1768 1654 1775 1662 ·

274 1689 435 1725 Testibus
456 1690 614 1737 Hugone
629 1691 838 1726 cancellario
857 1703 937 1726 meo
965 1710 973 1718 ·
1002 1691 1168 1740 Philippo
1187 1691 1231 1727 de
1245 1690 1411 1727 Valoniis
1425 1692 1621 1727 camerario
1650 1711 1658 1720 ·
1688 1691 1774 1727 Wil-

275 1747 382 1783 lelmo
400 1748 473 1783 filio
493 1747 651 1783 Freikini
679 1768 687 1776 ·
717 1748 826 1797 Apud
847 1748 955 1796 Elgin
975 1749 1033 1784 -xi·
1054 1749 1111 1785 die
1130 1748 1304 1786 Oetobris
1322 1768 1331 1777 ·

278 1919 586 1956 Excommunicati
605 1922 865 1969 compellantur
883 1924 927 1958 ad
946 1924 1143 1972 parendum
1156 1923 1232 1972 juri
1252 1942 1260 1951 ·

275 2034 344 2069 ·W·
364 2035 436 2071 Dei
458 2037 572 2083 gratia
597 2036 676 2072 Rex
699 2037 903 2074 Scottorum
927 2039 1091 2075 omnibus
1118 2038 1387 2075 vicecomitibus
1412 2043 1448 2074 et
1471 2037 1609 2073 ballivis
1635 2037 1703 2073 suis
1729 2038 1773 2073 de

274 2093 437 2129 moravia
456 2094 601 2129 salutem
629 2114 637 2122 ·
668 2094 806 2131 Mando
825 2102 861 2132 et
878 2096 1028 2132 firmiter
1046 2098 1204 2145 precipio
1222 2097 1390 2145 quatinus
1407 2095 1570 2131 homines
1588 2094 1667 2130 illos
1685 2107 1774 2142 quos

276 2150 468 2199 Episcopus
482 2151 712 2188 moraviensis
726 2153 771 2188 ad
785 2154 919 2189 curiam
939 2154 1172 2190 Christianam
1187 2154 1447 2191 rationalibiter
1461 2153 1624 2189 citaverit
1639 2172 1647 2180 ·
1663 2157 1698 2188 et
1712 2153 1772 2200 qui

274 2208 311 2242 in
329 2208 428 2244 curia
446 2209 645 2246 Christiana
655 2210 731 2259 juri
750 2211 881 2247 debent
899 2225 1023 2260 parere
1040 2218 1075 2248 et
1089 2213 1156 2248 hoc
1171 2213 1287 2249 facere
1305 2211 1489 2248 noluerint
1503 2230 1511 2239 ·
1527 2215 1563 2246 et
1576 2209 1637 2257 qui
1654 2209 1773 2258 postea

275 2272 420 2314 propter
438 2267 532 2303 suam
552 2269 813 2304 contumaciam
833 2275 895 2305 aut
912 2275 1058 2318 propter
1073 2270 1169 2307 aliud
1184 2271 1356 2307 delictum
1369 2268 1462 2318 juste
1479 2268 1614 2305 fuerint
1631 2280 1773 2304 excom-
