2060 2660
330 165 401 198 214-
732 161 1049 199 REGISTRUM
1078 160 1443 197 MORAVIENSE.

330 262 408 298 nuti
427 262 523 310 quod
548 261 607 310 ipsi
632 262 668 297 in
693 261 920 297 facultatibus
938 274 1012 297 non
1032 261 1223 309 suppetunt
1241 260 1286 295 ad
1311 257 1614 294 reedificationem
1639 256 1780 293 ecclesie
1800 263 1835 293 et

330 319 432 368 ipsius
462 320 629 356 fabricam
661 320 942 355 continuandam
973 339 980 346 ·
1013 319 1133 354 habito
1166 318 1267 365 super
1298 317 1366 351 hoc
1395 313 1538 351 confilio
1566 334 1575 342 ·
1608 316 1769 363 oportuit
1798 321 1834 351 et

330 384 473 427 oportet
491 378 536 413 ad
554 378 726 414 beneficia
749 378 785 412 in
810 376 938 412 diocefi
965 382 1066 412 extra
1091 373 1270 410 ecclesiam
1298 385 1483 408 recurrere
1511 378 1547 408 et
1573 373 1623 408 eis
1649 373 1834 421 imponere

329 442 365 472 et
383 437 502 472 levare
526 436 751 471 moderatum
770 434 956 470 subsidium
975 447 1041 481 pro
1060 433 1192 468 fabrica
1209 431 1395 466 annuatim
1415 450 1423 458 ·
1454 435 1489 466 et
1512 429 1536 465 fi
1561 430 1605 466 de
1624 431 1761 466 duabus
1780 445 1833 467 ec-

329 493 437 530 clefiis
455 494 576 530 vestris
599 493 780 541 quondam
808 492 844 527 in
870 491 1068 527 redditibus
1095 489 1274 537 opulentis
1299 493 1335 523 et
1352 488 1468 524 adhuc
1480 488 1587 537 juxta
1604 488 1832 537 indispositio-

330 566 411 589 nem
439 553 551 600 patrie
578 558 614 587 et
640 550 810 598 temporis
837 548 1074 584 mediocribus
1101 553 1256 594 quatuor
1284 559 1402 582 marce
1422 546 1498 595 jam
1524 546 1691 582 leventur
1710 548 1753 582 de
1773 548 1833 582 tri-

330 611 394 646 bus
412 611 514 646 annis
532 609 710 658 preteritis
735 621 809 643 non
833 607 968 642 habetis
981 606 1041 654 jus
1059 604 1204 652 querele
1233 617 1299 640 nec
1326 604 1465 640 causam
1492 604 1647 652 aliquam
1675 618 1833 641 murmu-

329 669 431 704 randi
451 688 459 696 ·
479 668 561 715 quia
573 667 657 716 jura
675 666 842 701 sustinent
856 670 896 699 ut
914 663 1107 711 aliquando
1126 676 1191 710 pro
1211 660 1472 698 neceffitatibus
1490 676 1559 710 que
1578 663 1834 711 superveniunt

329 725 396 774 [sl]
416 725 634 761 rationabilis
649 730 684 760 et
698 722 878 759 manifesta
896 722 997 757 causa
1014 720 1203 756 substiterit
1217 720 1443 756 moderatum
1457 721 1630 756 auxilium
1649 721 1686 756 in
1705 721 1834 757 talibus

329 784 508 820 beneficiis
535 783 725 830 colligatur
744 801 752 809 ·
780 781 817 816 in
844 779 1000 828 capitulo
1028 779 1121 814 Cam
1147 778 1340 825 apostolus
1359 798 1367 806 ·
1397 778 1458 814 DE
1478 791 1655 814 CENsmus
1674 792 1743 815 mc
1764 798 1772 807 ·
1799 785 1834 815 et

329 842 552 877 caritativum
573 839 758 875 subsidium
778 838 1027 887 postulandum
1047 836 1090 871 ab
1110 835 1261 872 ecclefiis
1283 850 1364 872 cum
1387 836 1489 872 causa
1507 837 1727 872 rationabilis
1746 838 1833 873 exti-

329 901 413 935 terit
428 900 513 948 jura
530 899 657 933 volunt
677 917 685 925 ·
714 903 749 932 et
768 896 815 932 est
834 896 877 931 de
897 896 974 943 lege
987 894 1248 943 jurisdiefionis
1267 914 1275 922 ·
1303 894 1340 930 in
1359 894 1516 942 capitulo
1544 895 1805 942 Conquerente
1824 916 1832 923 ·

330 959 390 994 Di:
411 969 556 993 officlo
577 968 774 992 onnlNAnu
792 975 799 982 -
820 960 855 990 et
873 953 1030 1002 capitulo
1049 953 1269 1001 preallegato
1290 953 1384 989 Cum
1400 952 1614 1000 Apostolus
1630 972 1638 980 ·
1658 958 1694 988 et
1712 953 1792 988 ideo
1811 952 1833 988 sl

328 1017 444 1065 placet
471 1016 514 1051 de
540 1014 653 1050 vestra
679 1013 793 1061 gratia
819 1012 876 1047 vel
900 1010 1091 1047 elemosina
1116 1024 1191 1046 non
1215 1011 1395 1059 dependet
1421 1011 1479 1046 sed
1502 1010 1550 1046 est
1573 1024 1665 1046 onus
1694 1011 1835 1047 ordina-

328 1075 419 1109 rium
441 1079 475 1109 et
494 1087 538 1109 ex
556 1073 676 1108 debito
701 1070 974 1120 persolvendum
994 1089 1002 1097 ·
1033 1069 1239 1118 Precipiatis
1264 1083 1350 1117 ergo
1375 1069 1629 1105 colle&oribus
1647 1069 1768 1105 vestris
1791 1069 1833 1105 de

330 1131 556 1168 Abirkerdor
573 1136 614 1166 ut
633 1130 734 1165 nobis
753 1134 788 1165 et
807 1127 947 1164 ecclesie
965 1127 1180 1163 satisfaciant
1199 1128 1243 1163 de
1262 1128 1368 1163 dietis
1386 1133 1540 1175 quatuor
1559 1128 1685 1163 marcis
1705 1147 1713 1155 ·
1736 1133 1771 1163 et
1790 1128 1833 1163 de

329 1204 398 1225 ·xx·
418 1189 536 1224 solidis
558 1189 601 1224 de
626 1188 791 1223 cautione
811 1187 996 1223 camerarii
1015 1186 1119 1222 vestri
1137 1187 1228 1222 bene
1247 1186 1319 1222 cito
1338 1206 1346 1214 ·
1373 1186 1457 1234 quia
1474 1186 1577 1221 aliter
1595 1185 1834 1233 sequestratio-

328 1261 409 1283 nem
437 1246 589 1282 nostram
619 1246 804 1281 fructuum
833 1258 908 1280 non
934 1245 1154 1280 intendimus
1180 1245 1366 1280 relaxare·
1395 1244 1444 1279 Et
1464 1244 1546 1291 quia
1564 1243 1626 1279 ista
1643 1244 1737 1279 faeta
1755 1244 1834 1279 sunt

328 1306 371 1341 de
390 1310 531 1340 maturo
551 1310 586 1340 et
604 1303 737 1352 digesto
757 1302 900 1339 consilio
920 1316 961 1339 ea
980 1303 1024 1338 de
1043 1303 1137 1338 sacili
1156 1316 1231 1338 non
1253 1302 1434 1351 pofl'umus
1459 1302 1649 1338 immutare
1668 1322 1676 1330 ·
1705 1302 1833 1338 Valeat

328 1363 520 1413 paternitas
532 1362 644 1398 vestra
662 1362 861 1398 reverenda
874 1361 910 1396 in
925 1361 1057 1409 gaudio
1072 1366 1108 1397 et
1121 1361 1231 1397 salute
1245 1374 1309 1409 per
1323 1366 1486 1409 tempora
1501 1361 1671 1396 diuturna
1685 1380 1693 1387 ·
1720 1360 1834 1408 Scrip-

329 1429 405 1457 tum
424 1421 519 1470 apud
540 1420 657 1468 Elgyn
677 1434 747 1455 ·xx·
768 1420 825 1455 die
845 1418 1000 1467 Augusti
1021 1439 1029 1447 ·
1049 1432 1144 1455 anno
1165 1419 1316 1455 Domini
1335 1423 1513 1456 ·m⁰·cccc⁰·

332 1596 441 1631 Carta
459 1595 502 1631 de
521 1595 740 1643 mydilhalch
756 1615 764 1622 ·

332 1710 510 1747 Omnibus
532 1711 623 1746 hanc
646 1715 778 1746 cartam
806 1711 930 1746 visuris
955 1712 1014 1747 vel
1040 1711 1215 1747 audituris
1239 1710 1442 1747 WVillelmus
1465 1710 1690 1746 miseratione
1715 1710 1835 1745 divina

332 1769 513 1817 episcopus
539 1767 768 1804 moraviensis
800 1774 959 1804 eternam
991 1770 1028 1805 in
1057 1770 1219 1805 Domino
1250 1769 1397 1805 sulutem
1430 1789 1438 1797 ·
1466 1769 1651 1804 Noveritis
1681 1767 1833 1804 univerfi

331 1827 427 1874 quod
459 1839 524 1861 nos
556 1826 738 1861 dimidiam
770 1827 934 1862 dauatam
967 1828 1010 1863 de
1042 1828 1263 1876 mydilhaleh
1289 1827 1469 1876 jacentem
1502 1827 1596 1863 inter
1626 1832 1757 1862 terram
1789 1827 1832 1862 de

332 1884 572 1932 Oelitirspyny
592 1897 634 1919 ex
658 1890 758 1931 parte
776 1897 849 1920 una
867 1891 902 1920 et
920 1891 1050 1921 terram
1071 1887 1115 1922 de
1136 1886 1351 1922 Ferkoklaw
1370 1899 1414 1921 ex
1432 1885 1500 1920 alia
1518 1898 1562 1920 ex
1580 1890 1680 1933 parte
1699 1884 1832 1920 boreali

333 1956 423 1990 aque
439 1943 482 1978 de
504 1942 607 1990 Loss'y
621 1941 697 1987 post
708 1948 859 1977 mortem
877 1943 1054 1979 Johannis
1073 1945 1116 1980 de
1135 1944 1300 1981 moravia
1318 1943 1434 1979 ultimi
1453 1943 1607 1979 tenentis
1622 1943 1777 1991 ejusdem
1796 1943 1833 1978 in

333 2014 459 2036 manus
485 1999 619 2035 nostras
645 1998 758 2047 sayfiri
785 2005 820 2035 et
843 2002 1047 2048 recognosci
1066 2002 1255 2038 fecerimus
1273 2008 1309 2038 et
1327 2015 1390 2050 per
1408 2001 1552 2048 aliquod
1574 2006 1715 2049 tempus
1732 2007 1832 2037 tenu-

334 2058 466 2094 erimus
490 2077 497 2085 ·
525 2057 670 2093 tandem
692 2059 840 2105 (Degota
858 2059 902 2093 de
920 2060 1084 2095 moravia
1102 2060 1175 2095 filia
1193 2060 1279 2096 dieti
1298 2059 1474 2097 ,Iohannis
1501 2065 1537 2094 et
1563 2059 1665 2094 heres
1691 2059 1833 2095 univer-

334 2116 410 2151 salis
434 2121 469 2151 et
492 2115 598 2150 unica
621 2115 658 2149 in
681 2128 779 2150 mera
796 2115 1000 2163 virginitate
1023 2118 1083 2153 sua
1107 2138 1115 2145 ·
1143 2118 1335 2154 informata
1360 2117 1457 2165 quod
1485 2117 1602 2152 dictus
1629 2123 1729 2164 pater
1753 2120 1833 2155 suus

334 2178 579 2209 tenementum
603 2172 691 2208 illud
714 2179 839 2208 contra
858 2173 950 2209 bone
969 2176 1140 2211 memorie
1159 2177 1340 2223 quondam
1361 2175 1610 2211 Alexandrum
1631 2175 1701 2210 Dei
1719 2179 1833 2224 gratia

336 2231 536 2280 episcopum
555 2230 814 2267 moraviensem
840 2232 1116 2279 predecefl'orcm
1140 2234 1296 2269 nostrum
1317 2234 1484 2269 ultimum
1504 2233 1539 2267 in
1557 2233 1710 2279 quadam
1729 2236 1833 2283 plena

337 2290 434 2326 curia
452 2289 554 2338 super
573 2289 640 2325 hoc
659 2295 758 2325 tenta
776 2303 819 2324 ex
844 2296 944 2337 parte
963 2290 1094 2327 boreali
1115 2293 1223 2339 partis
1244 2291 1407 2340 Episcopi
1420 2291 1527 2340 juxta
1547 2292 1733 2327 canoniam
1750 2297 1833 2330 ami-
