2060 2660
268 440 315 474 6⁸2

339 174 384 208 (38
733 166 1043 205 REGISTRUM
1072 160 1432 200 MORAVIENSE.

343 327 476 369 Quieta
493 326 657 361 clamatio
676 323 857 361 malcolmi
876 321 1012 358 comitis
1030 320 1073 354 de
1093 317 1173 365 Fyff
1187 316 1230 352 de
1248 320 1344 350 terra
1361 313 1405 349 de
1425 314 1572 362 Adwyn
1592 333 1600 342 -

343 441 462 476 Sciant
481 452 603 475 omnes
621 440 665 474 ad
683 451 770 485 quos
788 437 926 485 presens
945 434 1110 481 scriptum
1128 429 1330 479 pervenerit
1347 428 1444 482 quod
1462 441 1543 463 cum
1562 429 1656 464 inter
1673 429 1828 464 nobilem

342 498 457 533 virum
484 497 714 533 malcolmum
741 494 905 530 comitem
930 492 974 526 de
999 489 1070 537 Fyf
1089 502 1132 524 ex
1155 493 1255 535 parte
1273 499 1346 521 una
1365 491 1400 521 et
1419 485 1604 521 Andream
1629 486 1829 534 episcopum

343 554 598 591 moraviensem
627 558 662 588 et
688 551 879 599 capitulum
902 548 1053 596 ejusdem
1080 559 1123 581 ex
1147 544 1215 579 alia
1237 542 1370 590 questio
1388 547 1590 578 verteretur
1607 543 1710 591 super
1727 544 1831 578 terris

342 611 545 658 quibusdam
564 609 714 658 propriis
731 606 910 643 vocabulis
927 604 1072 640 inferius
1090 599 1254 649 expreffis
1273 619 1281 627 ·
1306 600 1473 635 videlicet
1491 599 1650 647 Adauyn
1670 619 1678 627 ·
1706 600 1831 635 Inuer-

342 669 468 716 aldeny
487 687 496 695 .
517 668 652 713 Dunyn
672 685 679 693 .
706 663 968 712 Brydeletheny
987 681 995 689 ·
1020 659 1162 708 mychel
1183 678 1190 685 ·
1214 658 1358 705 Newyn
1378 676 1386 684 ·
1407 656 1506 693 Crist’
1527 676 1535 684 ·
1557 655 1801 693 Tulacharum
1822 678 1829 685 ·

343 724 535 760 Douenald
551 743 559 751 ·
581 722 729 770 Kynnef
742 741 750 749 ·
766 724 908 768 martyn
923 739 930 747 ·
951 717 1156 766 Fyffielnior
1176 735 1183 743 ·
1205 714 1494 762 Abyrbradalum
1510 734 1518 742 ·
1539 714 1685 762 Brenyn
1705 734 1713 742 ·
1733 715 1830 752 Doa-

342 782 427 829 lkyn
447 801 454 809 ·
481 780 621 828 fflychel
642 799 650 807 ·
673 779 814 814 tandem
834 791 898 825 pro
917 777 1010 811 bono
1029 774 1122 822 pacis
1140 773 1233 808 inter
1251 777 1368 820 partes
1386 772 1435 807 ita
1452 772 1621 807 convenit
1638 772 1734 819 quod
1752 785 1829 820 pre-

340 839 456 873 dietus
478 838 606 873 Comes
629 850 693 884 pro
717 836 749 871 se
773 840 808 870 et
831 833 1017 869 heredibus
1041 831 1107 866 suis
1134 830 1187 865 liti
1214 829 1439 865 renunciavit
1460 829 1498 864 in
1521 835 1735 877 perpetuum
1756 849 1764 857 ·
1792 836 1827 864 et

341 895 456 931 mense
491 894 704 942 episcopatus
738 889 965 929 moraviensis
990 889 1144 936 quietam
1169 887 1336 922 clamavit
1359 891 1472 922 totam
1495 891 1628 922 terram
1657 887 1701 922 de
1732 887 1828 922 Ada-

341 965 411 1000 uyn
430 965 492 999 per
510 952 584 986 suas
602 951 715 985 rectas
729 949 852 984 divisas
871 953 906 983 et
923 960 1003 983 cum
1022 945 1187 982 omnibus
1198 944 1300 993 justis
1318 944 1542 992 pertinentiis
1563 944 1631 979 suis
1660 963 1668 971 ·
1698 951 1734 979 et
1760 950 1828 979 ter-

340 1022 413 1044 ram
432 1007 570 1044 ecclefie
588 1007 631 1042 de
653 1007 855 1042 Inuerouen
874 1018 953 1040 cum
967 1004 1050 1052 jure
1067 1003 1163 1050 quod
1182 1002 1215 1038 se
1234 1001 1373 1037 dicebat
1390 1001 1520 1037 habere
1538 1001 1575 1036 in
1594 1001 1828 1036 advocatione

339 1064 477 1101 ecclesie
501 1065 653 1112 ejusdem
676 1064 743 1098 loci
765 1076 827 1111 per
853 1063 929 1097 suas
955 1061 1070 1096 rectas
1097 1060 1220 1095 divisas
1246 1064 1281 1094 et
1305 1072 1387 1094 cum
1412 1058 1576 1094 omnibus
1595 1058 1696 1106 justis
1723 1059 1827 1106 perti-

340 1122 466 1157 nentiis
493 1122 558 1156 suis
585 1120 739 1156 similiter
765 1120 918 1167 quietam
940 1118 1105 1154 clamavit
1125 1130 1191 1165 pro
1214 1117 1247 1152 se
1272 1122 1308 1152 et
1331 1115 1521 1152 heredibus
1547 1116 1615 1151 suis
1641 1116 1678 1151 in
1705 1130 1828 1165 perpe-

339 1186 438 1214 tuum
459 1198 466 1206 ·
487 1178 731 1225 promittentes
750 1177 900 1212 fideliter
918 1176 1013 1222 quod
1031 1174 1055 1209 fi
1072 1175 1235 1223 predicta
1258 1172 1401 1209 ecclefia
1418 1174 1580 1221 predicte
1599 1179 1693 1210 terre
1712 1175 1828 1210 rectas

338 1236 460 1270 divisas
479 1241 638 1282 tempore
656 1234 760 1281 liujus
778 1231 1037 1280 compositionis
1055 1233 1142 1267 inite
1165 1232 1271 1280 plene
1295 1244 1370 1266 non
1394 1231 1560 1267 habuerit
1585 1231 1713 1267 eisdem
1742 1232 1828 1268 divi-

340 1292 376 1327 lis
403 1293 504 1327 saciet
531 1305 605 1326 eam
632 1291 734 1338 plene
762 1290 917 1338 gaudere
944 1303 1007 1338 per
1028 1290 1139 1325 visum
1166 1289 1336 1337 legalium
1362 1294 1397 1324 et
1420 1289 1616 1337 proborum
1638 1289 1798 1325 virorum
1819 1310 1827 1317 ·

340 1350 438 1384 Idem
457 1349 561 1384 etiam
581 1349 710 1384 Comes
729 1361 772 1383 ex
790 1361 887 1383 mera
908 1347 1119 1382 liberalitate
1137 1347 1198 1382 sua
1215 1346 1369 1382 contulit
1381 1346 1442 1394 jus
1459 1351 1669 1394 patronatus
1687 1346 1828 1383 ecclefie

336 1408 378 1442 ‹le
398 1406 590 1441 Cromdole
610 1406 769 1453 predicto
790 1405 963 1452 Episcopo
983 1410 1018 1440 et
1037 1404 1286 1440 succefl'oribus
1309 1404 1377 1439 suis
1403 1404 1441 1438 in
1467 1409 1679 1452 perpetuum
1708 1424 1715 1432 ·
1746 1404 1827 1440 Pre-

338 1465 453 1498 ‹lictus
471 1477 555 1498 vcro
576 1463 766 1511 Episcopus
784 1468 819 1497 et
837 1462 1030 1510 capitulum
1056 1461 1210 1510 ejusdem
1236 1461 1399 1510 predicto
1419 1460 1553 1497 Comiti
1581 1467 1616 1496 et
1640 1462 1828 1497 heredibus

339 1522 403 1555 suis
431 1534 493 1567 pro
520 1521 551 1555 se
579 1527 613 1555 et
640 1519 697 1554 iibi
725 1521 761 1554 in
787 1519 962 1567 posterum
988 1519 1188 1555 successuris
1210 1520 1345 1566 quietas
1369 1519 1536 1554 clamavit
1556 1519 1593 1553 in
1615 1525 1826 1567 perpetuum

341 1591 462 1612 omnes
480 1583 589 1612 terras
607 1577 689 1611 alias
707 1577 773 1612 suis
791 1577 993 1612 nominibus
1011 1575 1207 1624 designatas
1228 1576 1386 1624 superius
1414 1596 1422 1604 ·
1450 1576 1503 1612 liti
1530 1576 1632 1624 super
1659 1577 1726 1611 illis
1752 1577 1828 1612 aliis

340 1635 441 1669 terris
460 1640 553 1669 mote
571 1634 701 1681 pariter
719 1639 754 1669 et
772 1634 945 1669 movende
964 1635 1118 1670 finaliter
1135 1634 1382 1670 renunciando
1402 1653 1411 1661 ·
1430 1634 1595 1682 predicto
1615 1634 1757 1670 Comite
1775 1648 1828 1670 re-

342 1691 531 1726 nunciante
550 1704 613 1738 pro
632 1691 663 1725 se
683 1695 717 1725 et
734 1691 922 1726 heredibus
939 1692 1005 1726 suis
1023 1692 1060 1726 in
1077 1698 1291 1740 perpetuum
1306 1691 1359 1726 liti
1373 1696 1471 1726 mote
1485 1696 1521 1726 et
1535 1692 1711 1727 movende
1725 1692 1827 1740 super

342 1748 503 1783 omnibus
527 1748 681 1795 superius
705 1747 836 1795 scriptis
854 1753 889 1783 et
906 1749 948 1783 ab
967 1762 1008 1784 eo
1027 1750 1144 1796 quiete
1168 1749 1326 1784 clamatis
1354 1768 1362 1776 ·
1390 1748 1572 1785 Convenit
1598 1748 1704 1784 etiam
1731 1749 1827 1796 quod

342 1818 446 1840 omne
465 1805 687 1852 impetratum
706 1805 762 1840 vel
781 1805 1038 1852 impetrandum
1070 1827 1078 1834 ·
1108 1820 1214 1842 omne
1241 1806 1400 1842 habitum
1422 1806 1481 1842 vel
1506 1805 1708 1841 habendum
1730 1807 1827 1853 quod

345 1862 424 1897 lmic
444 1860 684 1909 compositioni
708 1862 743 1896 in
768 1862 884 1909 aliquo
907 1862 1007 1911 pollit
1031 1864 1203 1912 derogare
1222 1877 1287 1912 pro
1305 1863 1406 1899 nullo
1424 1863 1572 1899 omnino
1591 1863 1750 1910 caffoque
1768 1864 1827 1899 ha-

342 1920 465 1954 beatur
493 1938 501 1945 ·
541 1918 583 1953 In
614 1919 853 1966 premifl'orum
884 1927 1002 1956 autem
1032 1922 1174 1957 firmum
1201 1927 1237 1957 et
1263 1920 1497 1957 indubitabile
1525 1920 1763 1956 testimonium
1795 1922 1826 1956 ei

344 1976 432 2023 parti
456 1975 558 2023 hujus
582 1975 748 2023 scripture
772 1977 808 2011 in
832 1978 974 2013 modum
998 1980 1208 2027 cyrographi
1226 1979 1391 2015 confthe
1411 1991 1480 2026 que
1497 1991 1606 2027 penes
1623 1978 1825 2026 predictum

344 2033 519 2067 Comitem
545 2038 579 2067 et
602 2033 748 2068 heredes
771 2034 848 2068 suos
866 2034 913 2069 est
929 2036 1131 2072 remansura
1147 2036 1302 2085 apposita
1325 2037 1403 2072 sunt
1426 2034 1536 2084 figilla
1553 2036 1733 2071 autentica
1750 2048 1827 2083 pre-

343 2090 520 2124 ‹lit-“torum
542 2089 699 2137 Episcopi
719 2096 753 2125 et
771 2091 912 2138 capituli
931 2111 939 2119 ·
959 2092 1008 2127 illi
1023 2107 1107 2128 vero
1126 2095 1216 2141 parti
1236 2107 1304 2141 que
1322 2106 1431 2142 penes
1446 2093 1659 2141 Episcopum
1673 2093 1825 2128 eundem

343 2154 377 2181 et
399 2147 590 2194 capitulum
618 2153 652 2181 et
678 2147 886 2183 successuros
912 2149 1038 2185 eisdem
1065 2150 1225 2187 residebit
1251 2152 1443 2200 appensum
1470 2150 1519 2186 est
1543 2150 1762 2186 autenticum
1789 2149 1827 2184 fi-

342 2203 464 2249 gillum
484 2203 632 2251 predicti
653 2204 802 2240 Comitis
821 2224 828 2232 ·
857 2205 1016 2241 Testibus
1035 2207 1175 2243 Thoma
1192 2210 1311 2257 priore
1330 2209 1374 2245 de
1393 2208 1558 2244 Urchard
1577 2227 1586 2235 ·
1614 2207 1734 2243 David
1753 2207 1827 2241 filio

343 2261 478 2295 comitis
498 2280 505 2288 ·
527 2261 704 2296 Willelmo
724 2262 767 2296 de
787 2261 890 2298 Blare
907 2282 913 2290 ·
936 2263 1013 2299 Elia
1031 2265 1074 2300 (le
1096 2265 1343 2313 Kynynmund
1358 2286 1366 2294 ·
1388 2266 1471 2301 Ada
1489 2265 1684 2301 Gurmund
1704 2284 1712 2292 ·
1734 2264 1828 2299 Wal-
