2060 2660
238 2002 308 2041 187

339 162 412 198 ‘216
732 162 1050 202 REGISTRUM
1079 161 1446 199 MORAVIENSE.

341 261 434 309 gulis
452 261 779 311 transgressionibus
796 263 987 299 sorisfa6fis
1005 262 1063 298 seu
1082 262 1222 297 delictis
1240 274 1303 309 per
1322 259 1551 307 quoscunque
1577 258 1740 294 homines
1766 259 1845 294 suos

341 320 481 356 nativos
508 327 544 357 et
569 321 657 357 alios
682 327 815 357 terram
842 321 938 357 suam
964 319 1224 356 ecclesiasticam
1251 319 1455 364 ubicunque
1481 316 1719 352 inhabitantes
1736 317 1846 365 quali-

342 383 539 427 tercunque
566 380 776 428 perpetratis
805 379 913 426 usque
942 378 978 413 in
1006 378 1099 412 diem
1129 375 1366 412 confectionis
1390 374 1606 422 presentium
1630 375 1816 411 literarum
1836 394 1844 402 ·

342 435 473 472 ctiamfi
496 437 541 472 ad
564 451 735 473 eoronam
761 436 913 472 nostram
942 435 1144 483 pertineant
1166 434 1317 469 crimina
1342 432 1526 468 antediem
1547 451 1555 460 ·
1583 433 1710 480 quibus
1737 434 1844 469 etiam

342 494 505 530 omnibus
532 501 567 530 et
593 494 737 542 singulis
762 492 956 529 remifimus
978 505 1165 527 rancorem
1184 491 1293 526 animi
1313 489 1421 526 nostri
1440 496 1476 526 et
1495 503 1637 526 omnem
1663 492 1843 527 adstionem

341 557 376 587 et
394 551 523 588 sectam
547 552 700 588 nostram
727 552 861 599 regiam
888 570 896 578 ·
924 549 968 585 fic
995 549 1091 596 quod
1118 562 1239 584 coram
1262 547 1464 596 justiciariis
1491 554 1554 584 aut
1580 549 1656 584 aliis
1680 549 1845 585 ministris

341 609 466 645 nostris
486 611 751 658 quibuscunque
778 621 984 657 comparere
1012 612 1047 642 et
1074 606 1288 654 respondere
1312 607 1357 642 de
1384 612 1504 642 cetero
1523 607 1729 643 nullatenus
1747 613 1845 644 tene-

340 667 475 703 buntur
503 669 605 717 super
631 667 837 703 criminibus
860 665 1049 701 antedictis
1072 670 1391 712 quantumcunque
1420 664 1662 700 criminalibus
1693 666 1751 701 vel
1780 667 1844 702 cri-

342 725 520 762 minaliter
538 726 748 774 perpetratis
767 745 775 753 ·
802 722 934 760 etiamsi
952 723 1054 771 super
1072 723 1141 757 illis
1159 723 1323 758 indietati
1342 723 1399 758 vel
1417 722 1573 758 arrestati
1587 723 1663 772 jam
1682 723 1815 759 fuerint
1834 744 1842 752 ·

342 783 537 819 dummodo
566 783 724 832 partibus
748 781 1049 829 conquerentibus
1079 800 1087 808 ·
1116 779 1140 815 fi
1167 794 1236 828 que
1254 781 1388 816 fuerint
1406 794 1474 828 que
1493 781 1583 829 ipsos
1601 782 1703 830 super
1722 782 1787 817 hiis
1806 783 1843 818 in

342 842 455 877 forma
475 842 567 889 juris
589 841 751 889 prosequi
770 839 951 875 voluerint
971 858 978 866 ·
1005 838 1124 874 taliter
1146 838 1357 874 satisfaciant
1378 839 1475 886 quod
1502 839 1547 874 de
1571 846 1691 875 cetero
1711 840 1840 888 justam

341 899 442 948 super
461 900 528 935 hoc
546 899 803 946 querimoniam
822 910 896 932 non
911 896 1097 932 audiamus
1113 916 1120 924 ·
1142 896 1190 931 Et
1207 896 1289 932 ideo
1301 896 1503 944 justiciariis
1522 916 1530 924 ·
1550 898 1818 934 vicecomitibus
1833 919 1840 926 ·

340 957 611 993 coronatoribus
637 962 673 992 et
698 956 775 991 aliis
802 954 966 990 ministris
993 954 1119 989 nostris
1145 954 1350 1002 ubicunque
1376 968 1440 1003 per
1458 968 1610 1002 regnum
1629 955 1788 991 nostrum
1807 963 1842 992 et

340 1016 540 1063 regalitates
571 1014 767 1050 constitutis
798 1026 838 1049 ac
869 1013 997 1048 ceteris
1029 1012 1195 1048 omnibus
1225 1026 1379 1060 quorum
1412 1012 1556 1048 interest
1586 1013 1643 1049 vel
1679 1014 1842 1050 intererit

338 1074 550 1121 precipimus
568 1078 604 1108 et
622 1072 831 1107 mandamus
849 1076 1024 1118 quatenus
1042 1069 1065 1105 fi
1085 1077 1121 1106 et
1139 1084 1221 1106 cum
1240 1071 1433 1118 contigerit
1452 1071 1568 1106 dictos
1586 1071 1749 1107 homines
1762 1072 1841 1108 suos

337 1131 392 1166 vel
413 1145 535 1166 eorum
555 1131 691 1178 aliquos
709 1135 771 1165 aut
788 1129 941 1176 aliquem
961 1128 1122 1164 arrestari
1140 1129 1199 1164 seu
1214 1129 1407 1177 presentari
1422 1142 1542 1164 coram
1557 1128 1635 1177 ipfis
1654 1130 1689 1164 iu
1702 1130 1840 1178 judicio

336 1189 393 1224 vel
412 1195 513 1224 extra
531 1209 539 1217 ·
567 1189 657 1237 ipsos
683 1193 719 1223 et
744 1187 898 1235 ipsorum
926 1187 1121 1235 quemlibet
1145 1201 1225 1222 cum
1250 1187 1318 1222 suis
1344 1187 1546 1223 actionibus
1571 1193 1606 1223 et
1630 1188 1841 1234 calumpniis

337 1245 405 1282 fine
440 1247 646 1282 conditione
675 1245 881 1293 cognitione
908 1245 966 1281 vel
993 1246 1182 1281 exactione
1208 1244 1419 1293 quibussibet
1446 1246 1544 1281 dicto
1576 1245 1751 1294 Episcopo
1782 1247 1839 1283 vel

336 1304 410 1352 ejus
425 1305 555 1339 ballivo
569 1305 680 1340 libere
695 1303 880 1340 restituant
894 1302 964 1339 fine
979 1317 1081 1339 mora
1093 1324 1100 1332 ·
1113 1304 1264 1339 firmiter
1278 1304 1384 1340 etiam
1399 1304 1600 1339 inhibemus
1619 1317 1663 1339 ne
1679 1304 1839 1341 homiues

336 1363 421 1398 (Ιίἃί
456 1363 618 1411 Episcopi
650 1368 776 1398 contra
806 1362 897 1397 lianc
929 1361 1083 1397 nostram
1115 1361 1373 1398 concessionem
1400 1362 1598 1409 inquietare
1630 1363 1838 1409 perturbare

334 1434 482 1468 gravare
509 1426 571 1456 aut
597 1421 724 1469 punire
751 1420 957 1469 presumant
984 1420 1045 1455 sub
1071 1434 1164 1469 pena
1190 1421 1350 1456 omnium
1373 1434 1442 1467 que
1461 1420 1590 1455 exinde
1608 1421 1722 1455 amitti
1742 1427 1839 1468 pote-

335 1486 418 1514 runt
437 1492 521 1527 erga
539 1479 691 1515 nostram
711 1479 845 1526 regiam
864 1478 1079 1526 majestatem
1100 1499 1108 1507 ·
1139 1479 1183 1514 In
1198 1478 1298 1527 cujus
1317 1478 1367 1514 rei
1386 1478 1625 1513 testimonium
1645 1478 1706 1513 has
1720 1478 1839 1514 literas

337 1537 468 1572 nostras
495 1551 559 1586 pro
587 1543 664 1573 toto
687 1544 848 1586 tempore
868 1538 1049 1573 dictorum
1068 1538 1255 1573 hominum
1280 1537 1433 1585 predicti
1454 1536 1614 1585 Episcopi
1634 1537 1837 1572 nativorum

337 1602 372 1631 et
396 1596 545 1630 aliorum
574 1601 705 1631 terram
730 1596 825 1631 suam
853 1594 1114 1631 ecclefiasticam
1138 1596 1341 1643 ubicunque
1364 1601 1405 1630 ut
1428 1595 1623 1643 predicitur
1642 1595 1838 1630 inhabitan-

338 1654 425 1688 tium
446 1667 485 1688 ac
505 1667 628 1688 eorum
649 1653 831 1702 cujussibet
850 1654 983 1689 diutius
1001 1655 1154 1690 viventis
1173 1654 1361 1689 duraturas
1378 1652 1437 1688 fibi
1456 1653 1532 1688 fieri
1552 1653 1699 1688 fecimus
1717 1659 1837 1701 pateu-

338 1718 389 1746 tes
409 1731 416 1738 ·
439 1711 549 1759 Apud
571 1712 706 1747 Arnele
722 1712 868 1757 septimo
883 1711 939 1747 die
958 1712 1080 1748 martii
1098 1725 1194 1748 anno
1211 1712 1315 1759 regni
1333 1711 1440 1747 nostri
1461 1711 1675 1746 duodecimo
1691 1730 1698 1738 ·

340 1883 618 1919 Instrumeutum
638 1883 739 1931 super
756 1886 1068 1932 apun&uamentis
1085 1891 1168 1921 ante
1187 1885 1400 1921 electionem
1414 1884 1579 1933 jurandis
1593 1904 1601 1912 ·

340 2000 383 2035 In
409 2000 479 2035 Dei
507 1999 652 2034 nomine
678 2013 782 2035 amen
798 2020 806 2028 ·
836 2001 904 2038 Per
926 2002 994 2037 hoc
1020 2002 1161 2050 presens
1186 2001 1368 2050 publicum
1396 2000 1669 2036 instrumentum
1697 2002 1837 2037 cunctis

337 2063 455 2107 pateat
481 2057 665 2093 evidenter
691 2058 787 2104 quod
812 2072 906 2094 auno
932 2060 1083 2095 Domini
1107 2059 1287 2097 millesimo
1308 2063 1425 2095 ·cccc‘’·
1445 2064 1572 2106 quarto
1592 2059 1729 2094 decimo
1750 2079 1757 2087 ·
1785 2060 1836 2094 in-

337 2116 495 2152 dictione
520 2115 664 2163 septima
684 2135 691 2142 -
713 2115 836 2151 meniis
855 2117 941 2153 maii
967 2118 1023 2153 die
1046 2119 1184 2153 docimo
1208 2119 1338 2153 octavo
1358 2136 1365 2144 ·
1386 2116 1612 2165 pontificatus
1636 2115 1835 2152 sanctissimi

335 2175 372 2209 in
388 2172 527 2210 Christo
546 2173 655 2221 patris
673 2179 709 2208 et
727 2174 863 2209 domini
882 2175 988 2210 nostri
1009 2176 1142 2210 domiui
1161 2175 1346 2211 Benedicti
1363 2174 1483 2210 divina
1501 2175 1726 2223 providentia
1741 2175 1836 2223 l'ape

337 2230 450 2267 -xiiim‘·
470 2244 566 2266 anno
581 2235 666 2266 ·xx⁰·
686 2232 723 2267 in
742 2232 811 2267 mei
829 2233 958 2268 notarii
974 2233 1104 2281 publici
1120 2233 1329 2281 testiumque
1345 2232 1646 2281 infrascriptorum
1663 2233 1836 2281 presentia
