1912 2660
285 63 357 95 458
758 60 939 98 CARTE
965 61 1308 99 ORIGINALES.

288 157 457 194 Preterea
483 171 527 193 ex
554 158 650 194 dono
677 159 734 207 pie
761 161 933 196 memorie
961 160 1073 209 Regis
1099 161 1284 197 malcolmi
1309 172 1420 196 unam
1447 159 1565 196 sedem
1593 160 1791 197 molendini

286 214 389 261 super
408 214 561 251 Maffath
579 229 659 251 cum
680 217 843 265 proxima
860 217 1016 253 landella
1038 218 1190 253 duarum
1216 230 1382 253 acrarum
1402 235 1411 245 ·
1439 222 1475 252 et
1501 217 1539 252 in
1567 216 1723 254 landella
1748 219 1792 255 de

288 271 438 320 Burgyn
452 286 561 308 unam
580 279 782 310 carucatam
799 280 894 311 terre
912 275 1086 322 legittime
1105 275 1343 310 mensuratam
1363 293 1371 301 ·
1400 279 1437 309 et
1454 287 1500 310 ex
1518 274 1616 310 dono
1635 274 1791 323 ejusdem

286 329 355 365 tria
372 330 462 365 tofta
480 330 613 367 scilicet
630 345 743 367 unum
763 332 798 367 in
820 332 988 368 Innernis
1006 345 1119 367 unum
1138 332 1175 367 in
1194 331 1319 367 Foreis
1338 336 1374 366 et
1391 344 1505 367 unum
1524 332 1562 367 in
1580 331 1690 380 Elgin
1708 352 1716 361 ·
1744 333 1791 369 Et

286 400 330 422 ex
349 387 446 423 dono
467 388 578 424 Alani
595 388 657 437 filij
679 389 829 425 Walteri
848 389 1012 437 Dapiferi
1030 389 1110 424 illos
1127 389 1285 436 quinque
1303 388 1432 424 solidos
1445 402 1534 436 quos
1548 389 1618 437 ipse
1632 390 1677 425 de
1690 390 1792 426 firma

288 445 398 480 trium
418 446 591 482 tostorum
612 446 755 482 suorum
776 447 820 482 de
839 446 947 493 Elgin
967 446 1091 481 Foreis
1109 451 1145 481 et
1165 446 1325 481 Innirnis
1342 446 1392 482 eis
1410 446 1509 482 dedit
1523 466 1532 474 ·
1561 447 1609 483 Et
1634 460 1678 483 ex
1696 448 1791 484 dono

287 502 437 539 Walteri
458 503 639 539 Murdach
659 509 695 539 et
713 504 845 539 affensu
865 503 1032 539 Murielis
1049 503 1170 551 sponse
1188 503 1248 539 sue
1272 508 1385 539 totam
1407 503 1504 539 illam
1532 510 1670 552 partem
1696 510 1791 541 terre

287 560 331 596 de
352 560 493 597 Halech
512 562 556 597 de
576 561 801 597 Dundurcus
818 574 922 608 quam
943 560 1096 609 proprijs
1114 560 1278 596 manibus
1295 566 1331 597 et
1345 561 1541 610 sumptibus
1556 562 1792 599 excoluerunt

286 632 382 654 anno
401 625 437 655 et
455 619 512 655 dio
532 633 603 667 quo
624 619 752 655 Petrus
770 619 814 655 de
839 619 988 654 Polloch
1014 619 1082 654 fuit
1102 619 1205 655 vivus
1232 624 1268 655 et
1295 624 1459 655 mortuus
1485 632 1550 668 per
1577 620 1715 656 easdem
1742 621 1792 656 di-

287 676 374 712 visas
391 690 456 725 per
475 690 562 724 quas
580 683 668 713 tunc
687 682 882 712 tenuerunt
901 696 909 704 ·
950 676 997 712 Et
1024 676 1067 712 de
1091 676 1315 713 incremento
1337 676 1436 712 illam
1460 677 1671 725 particulam
1698 683 1791 714 terre

288 747 392 781 quam
420 735 607 772 Johannes
634 734 678 769 de
707 734 888 781 Hastingis
912 739 948 770 et
978 734 1094 769 dictus
1119 734 1301 770 walterus
1327 733 1508 771 Murdach
1536 741 1576 771 et
1602 735 1660 784 alij
1689 734 1792 784 probi

287 793 447 828 homines
468 793 595 828 eisdem
616 792 798 827 monachis
817 790 1081 839 affignaverunt
1097 805 1178 827 cum
1198 792 1340 840 pastura
1359 793 1394 828 in
1413 797 1511 828 carta
1535 793 1620 829 dicti
1642 793 1792 829 Walteri

289 850 468 886 Murdach
488 850 590 898 super
604 850 672 884 hoc
691 849 854 884 confecta
872 849 1012 897 plenius
1031 850 1188 897 exprefl'a
1203 869 1211 878 ·
1231 850 1279 886 Et
1294 863 1338 886 ex
1353 851 1449 886 dono
1466 850 1618 886 Roberti
1634 850 1792 887 Corbeth

287 914 358 943 tres
376 908 522 943 bovatas
541 913 636 942 terre
654 907 749 942 inter
767 906 946 942 ecclefiam
966 907 1010 943 de
1030 907 1206 943 Gamerin
1230 913 1267 943 et
1288 907 1391 956 Trup
1412 908 1520 956 juxta
1544 921 1640 944 mare
1664 909 1793 945 scilicet

288 966 492 1001 Letlienoth
512 978 575 1013 por
594 970 709 1000 rectas
734 964 859 1000 divisas
884 965 960 1000 suas
984 978 1065 1000 cum
1091 966 1274 1000 communi
1298 965 1438 1013 pastura
1463 971 1499 1002 et
1526 966 1691 1002 omnibus
1717 967 1792 1016 alijs

286 1022 496 1058 aiflamentis
515 1023 559 1058 ad
578 1023 775 1070 predictam
795 1028 926 1058 terram
939 1022 1032 1070 juste
1050 1023 1312 1071 pertinentibus
1327 1043 1335 1051 -
1357 1023 1527 1059 Preterea
1541 1037 1585 1059 ex
1600 1024 1792 1061 donatione

288 1081 423 1115 domini
443 1080 616 1115 Willelmi
638 1080 749 1127 Regis
763 1080 874 1128 patris
891 1080 1001 1116 nostri
1019 1085 1132 1116 totam
1151 1086 1284 1116 terram
1302 1081 1400 1116 illam
1424 1082 1461 1116 in
1489 1081 1627 1129 Burgin
1654 1095 1723 1129 que
1747 1082 1793 1118 est

286 1152 328 1174 ex
341 1138 532 1186 aquilonali
549 1143 648 1186 parte
664 1138 721 1173 vie
736 1139 834 1186 regie
848 1152 916 1186 que
929 1139 1026 1174 vadit
1041 1139 1084 1174 de
1097 1139 1222 1174 Foreis
1234 1139 1353 1174 versus
1368 1139 1476 1187 Elgin
1491 1153 1555 1188 per
1569 1140 1694 1176 divisas
1708 1154 1793 1177 con-

285 1203 400 1232 tentas
415 1197 452 1231 in
466 1202 562 1231 carta
574 1196 724 1244 predicti
742 1196 878 1231 domini
895 1196 1006 1244 Regis
1025 1196 1197 1232 Willelmi
1217 1216 1224 1224 ·
1257 1197 1302 1232 Et
1322 1202 1454 1233 terram
1481 1197 1579 1233 illam
1606 1198 1650 1233 de
1670 1198 1792 1234 Inver-

289 1268 375 1290 eren
388 1267 499 1301 ‘quam
520 1254 688 1290 matheus
708 1253 974 1290 Aberdonensls
993 1254 1175 1302 episcopus
1194 1259 1229 1290 et
1246 1268 1365 1290 comes
1383 1255 1605 1291 Dunecanus
1623 1256 1667 1291 de
1686 1256 1746 1291 Fif
1758 1261 1793 1292 et

290 1312 401 1360 Hugo
422 1312 572 1347 clericus
590 1312 742 1360 predicti
760 1312 897 1347 domini
918 1312 1028 1359 Regis
1047 1318 1082 1347 et
1107 1312 1308 1348 VVillelmus
1333 1313 1427 1348 filius
1452 1313 1621 1349 Fresekin
1643 1314 1692 1349 eis
1715 1326 1793 1362 per-

287 1370 563 1406 ambulaverunt
577 1383 642 1417 per
657 1369 795 1405 easdem
810 1369 935 1405 divisas
949 1383 1012 1418 per
1026 1383 1112 1417 quas
1128 1369 1187 1418 ipfi
1202 1375 1333 1406 terram
1347 1370 1444 1406 illam
1460 1371 1509 1406 eis
1528 1371 1793 1419 perambulave-

289 1434 373 1463 runt
389 1448 396 1455 ·
426 1428 473 1463 Et
488 1434 621 1463 terram
637 1426 856 1476 prepofiture
871 1428 914 1463 de
931 1427 1129 1463 Invereren
1143 1426 1230 1463 ficut
1244 1428 1447 1464 Willelmus
1461 1429 1555 1464 filius
1574 1428 1741 1465 Fresekin
1759 1434 1793 1464 et

292 1487 418 1521 Petrus
437 1486 480 1521 de
503 1485 652 1521 Polloch
671 1485 767 1520 illam
788 1486 837 1521 eis
854 1485 1195 1534 perambulaverunt
1210 1505 1218 1513 ·
1238 1486 1282 1521 its
1296 1491 1418 1522 tamen
1431 1486 1529 1534 quod
1541 1486 1735 1522 retinemus
1748 1486 1794 1522 ad

291 1556 380 1591 opus
398 1542 554 1578 nostrum
575 1543 738 1591 piscarias
757 1556 880 1579 omnes
901 1543 996 1578 illius
1017 1549 1111 1579 terre
1134 1549 1169 1579 et
1194 1543 1282 1579 duas
1308 1557 1407 1579 acras
1432 1557 1514 1580 cum
1542 1544 1694 1593 piscarijs
1709 1564 1717 1572 ·
1746 1544 1794 1580 Et

294 1607 455 1649 preterea
478 1614 590 1635 unum
620 1601 751 1636 toftum
779 1601 816 1637 in
845 1601 942 1637 Eren
962 1621 970 1628 ·
1003 1614 1116 1636 unum
1143 1600 1182 1636 in
1211 1601 1388 1637 Aberdon
1407 1621 1415 1629 ·
1448 1615 1559 1637 unum
1587 1602 1624 1637 in
1651 1601 1770 1638 Banef
1783 1622 1791 1629 ·

293 1672 405 1695 unum
421 1658 457 1693 in
478 1658 670 1707 Bcrewych
685 1679 692 1687 ·
712 1673 824 1695 unum
839 1660 875 1695 in
891 1659 1060 1695 Strivelin
1074 1678 1081 1686 ·
1101 1672 1214 1695 unum
1233 1660 1270 1694 in
1290 1660 1399 1695 Perth
1411 1679 1419 1687 ·
1439 1672 1552 1695 unum
1566 1659 1603 1694 in
1616 1659 1771 1695 Munros
1784 1679 1791 1687 ·

293 1718 345 1752 ita
363 1722 403 1751 ut
422 1716 586 1751 homines
605 1729 731 1752 eorum
746 1717 848 1765 super
866 1717 937 1765 ipsa
954 1717 1044 1752 tofta
1061 1722 1246 1753 manentes
1264 1717 1367 1753 liberi
1384 1716 1451 1753 fint
1469 1723 1504 1753 et
1522 1717 1633 1765 quieti
1653 1717 1697 1753 ab
1720 1731 1793 1752 om-

295 1774 400 1810 nibus
418 1773 560 1821 auxilijs
579 1774 731 1823 servicijs
750 1775 1066 1811 consuetudinibus
1084 1780 1120 1810 et
1147 1775 1391 1811 exactionibus
1417 1774 1631 1811 secularibus
1657 1776 1703 1810 ad
1729 1788 1794 1810 nos

296 1831 557 1881 pertinentibus
576 1845 638 1880 per
657 1832 842 1868 servicium
861 1833 957 1881 quod
976 1834 1025 1869 eis
1042 1833 1158 1869 facere
1180 1832 1313 1868 debent
1331 1852 1339 1860 ·
1367 1834 1418 1868 Et
1441 1838 1604 1881 preterea
1627 1845 1672 1868 ex
1698 1833 1792 1869 dono

297 1890 452 1938 ejusdem
472 1890 608 1925 domini
633 1889 742 1937 Regis
770 1890 941 1927 Willelmi
969 1890 1148 1927 Strathilif
1169 1904 1232 1939 per
1258 1896 1372 1926 rectas
1399 1890 1523 1926 divisas
1549 1890 1625 1926 suas
1652 1895 1687 1926 et
1712 1903 1793 1926 cum

298 1947 463 1983 omnibus
484 1947 584 1995 justis
602 1948 830 1996 pertinencijs
849 1949 916 1984 suis
935 1969 942 1976 ·
973 1949 1065 1985 Item
1093 1963 1137 1984 ex
1164 1949 1261 1984 dono
1277 1948 1400 1984 David
1426 1948 1487 1997 filij
1514 1948 1654 1984 comitis
1674 1950 1794 1984 Dune-

299 2006 377 2041 cani
396 2006 440 2041 de
461 2005 521 2040 Fif
534 2011 645 2041 totam
664 2005 760 2040 illam
781 2013 917 2054 partem
936 2012 1031 2042 terre
1052 2007 1096 2042 de
1115 2006 1247 2043 Belach
1266 2007 1310 2042 de
1334 2020 1404 2054 qua
1427 2007 1521 2042 inter
1543 2006 1654 2054 ipsum
1678 2006 1795 2042 David

300 2068 335 2100 et
366 2063 559 2099 monachos
588 2064 790 2098 nominatos
821 2064 1000 2111 quondam
1030 2065 1097 2100 fuit
1128 2063 1366 2100 contraversla
1392 2077 1456 2113 per
1486 2063 1610 2099 divisas
1636 2064 1674 2100 in
1699 2070 1795 2100 carta

301 2121 449 2171 predicti
469 2121 586 2157 David
606 2121 778 2168 express'as
798 2141 805 2149 ·
836 2122 958 2164 Quare
980 2122 1146 2157 volumus
1170 2129 1211 2158 ut
1236 2123 1363 2171 prefati
1389 2121 1553 2158 monachi
1575 2122 1695 2158 omnia
1720 2135 1795 2171 pre-
