2060 2660
559 183 591 219 R
598 183 874 220 EGISTRUM
902 185 1262 224 MORAVIENSE.
1293 215 1297 218 -
1583 195 1651 232 177

163 285 314 321 alienam
338 280 500 318 diocesim
526 282 694 317 mandata
712 282 831 317 edifita
848 283 906 318 vel
924 283 1109 319 citationes
1126 285 1361 320 transmittere
1380 285 1442 333 ipfi
1458 288 1516 333 qui
1535 294 1652 322 certus

164 343 232 378 suit
248 340 305 377 vel
328 339 394 375 effe
415 338 539 374 debuit
561 339 658 386 quod
676 339 814 374 causam
833 339 1007 375 initiatam
1026 339 1094 375 five
1112 341 1289 388 inceptam
1307 343 1344 376 in
1362 341 1550 378 elufionem
1563 344 1653 391 juris

159 398 290 447 judicis
307 402 343 433 et
359 396 469 445 partis
486 409 562 431 non
580 396 740 432 deserere
758 396 816 431 sed
834 396 942 444 usque
956 397 993 431 in
1009 397 1115 432 finem
1131 398 1340 433 continuare
1359 399 1544 446 oportebat
1563 420 1570 428 ·
1599 401 1653 436 Ex

164 455 289 504 quibus
314 454 500 490 evidenter
526 453 707 501 colligitur
727 454 824 501 quod
846 467 920 489 non
943 454 1056 502 potest
1079 467 1144 490 nec
1168 455 1285 503 potuit
1305 455 1505 503 hujusmodi
1522 458 1656 504 proces-

163 514 236 549 sum
255 512 391 548 sa&um
410 511 468 546 vel
489 510 649 546 habitum
667 524 735 547 nec
757 511 911 559 aliquam
934 510 1038 560 ipfius
1058 512 1268 560 particulam
1294 512 1460 560 ignorare
1486 526 1551 548 nec
1577 514 1657 549 sana

163 569 377 607 conscientia
400 568 518 604 dicere
539 569 637 616 quod
660 574 760 617 parte
784 582 859 604 non
879 575 1007 605 vocata
1023 570 1069 605 ad
1086 568 1189 618 ipfius
1207 570 1376 605 noticiam
1394 583 1468 605 non
1487 570 1629 606 devenit
1647 591 1655 598 ·

164 641 283 677 ymmo
301 627 421 663 verius
437 639 512 661 non
530 626 673 662 videtur
691 626 808 662 audiri
825 627 1007 676 appellans
1024 640 1106 663 cum
1121 627 1296 663 maliciose
1309 632 1345 663 et
1358 627 1507 663 scienter
1520 628 1658 663 neclex-

164 686 232 722 erit
253 684 500 734 appellationis
523 697 544 719 a
561 684 644 732 jure
666 683 836 720 statutum
858 685 1053 721 terminum
1077 685 1262 721 observare
1285 690 1451 733 pretextu
1469 685 1570 733 cujus
1587 685 1659 720 vim

164 744 221 780 vel
246 743 397 778 formam
423 741 670 790 appellationis
687 755 763 778 non
781 742 943 778 continet
963 755 1030 778 nec
1047 743 1180 791 poterit
1197 743 1242 778 de
1254 742 1338 791 jure
1356 743 1539 778 continere
1563 762 1571 770 -
1602 743 1659 778 Se-

163 801 282 838 cundo
306 799 487 849 subjungit
512 812 645 835 vocans
672 813 728 835 me
759 799 913 848 ipsorum
942 799 1094 835 Abbatis
1119 801 1378 836 monachorum
1403 806 1438 836 et
1462 800 1660 836 monasterii

159 859 347 894 inimicum
371 862 552 906 patentem
572 877 581 885 ·
608 858 806 893 annthens
832 863 869 893 et
892 857 1094 906 specificans
1118 858 1256 894 causam
1275 858 1440 894 videlicet
1457 858 1553 905 quod
1571 858 1660 906 ipsos

165 918 209 953 de
228 929 346 952 ·xxxv·
365 915 463 950 libris
480 914 731 963 sterlingorum
750 915 794 951 de
812 915 955 952 ecclefia
972 916 1033 951 sua
1050 916 1094 951 de
1115 916 1349 952 Aberkerdor
1366 916 1510 964 spoliavi
1529 935 1537 943 ·
1565 916 1661 963 quod

165 974 288 1022 utique
311 979 410 1009 certo
432 973 563 1009 certius
591 979 627 1009 et
650 973 731 1009 luce
758 973 887 1009 clarius
910 973 958 1009 est
984 975 1132 1009 omnino
1150 974 1300 1010 veritate
1319 973 1523 1009 destitutum
1548 979 1583 1009 et
1604 987 1661 1009 ex-

166 1032 275 1080 press'e
300 1030 524 1067 mendacium
549 1031 736 1067 continere
755 1051 763 1059 ·
788 1044 829 1067 ac
851 1031 959 1080 ipsam
977 1031 1221 1080 spoliationem
1242 1037 1278 1067 et
1295 1032 1429 1067 crimen
1447 1031 1663 1079 spoliationis

164 1096 200 1125 et
227 1102 371 1125 omnem
398 1088 639 1137 cujuscunque
662 1089 814 1137 pecunie
840 1089 1034 1125 indebitam
1062 1090 1302 1138 receptionem
1331 1089 1484 1125 diffiteor
1510 1102 1604 1137 nego
1628 1095 1663 1124 et

163 1147 282 1183 abnuo
301 1159 382 1183 cum
405 1159 479 1182 non
502 1145 543 1182 fit
567 1146 723 1182 officium
752 1147 942 1183 sacerdotis
970 1167 978 1175 ·
1006 1152 1042 1183 et
1066 1148 1149 1183 dato
1173 1148 1269 1195 quod
1293 1148 1337 1183 de
1361 1147 1431 1195 ipsa
1452 1145 1593 1182 ecclesia
1620 1147 1663 1182 de

166 1204 400 1241 Aberkerdor
417 1204 579 1252 aliqualis
593 1204 729 1240 summa
741 1205 892 1253 pecunie
906 1205 1003 1240 unde
1022 1211 1263 1252 conqueratur
1276 1205 1334 1241 vel
1352 1210 1552 1240 murmuret
1568 1204 1662 1240 idem

166 1262 289 1298 Abbas
303 1262 348 1297 ad
366 1261 518 1310 aliquem
540 1262 584 1298 de
603 1262 781 1298 officiariis
795 1263 882 1297 meis
896 1262 953 1298 vel
968 1262 1077 1298 alium
1092 1263 1238 1298 nomine
1253 1276 1332 1298 meo
1347 1263 1531 1298 devenerit
1544 1282 1552 1290 ·
1566 1263 1663 1309 quod

164 1327 283 1356 tamen
298 1333 373 1355 non
390 1319 506 1356 fateor
523 1333 589 1356 nec
608 1320 716 1356 eredo
734 1333 859 1356 verum
880 1321 947 1356 effe
962 1340 970 1348 ·
986 1333 1188 1367 nuncquam
1208 1326 1328 1355 tamen
1346 1319 1465 1354 animo
1485 1320 1592 1355 modo
1606 1319 1664 1355 vel

165 1378 280 1413 forma
303 1377 475 1426 spoliandi
499 1378 557 1413 vel
584 1378 669 1413 alias
695 1378 792 1426 quod
819 1376 904 1413 abfit
931 1377 1122 1426 injuriandi
1149 1383 1464 1425 quantumcunque
1484 1377 1663 1412 modicum

165 1435 323 1471 habitum
343 1435 460 1471 suerat
477 1435 532 1471 vel
554 1441 737 1484 receptum
755 1455 763 1463 ·
793 1436 840 1471 Et
858 1434 882 1470 fi
901 1435 986 1483 quid
1005 1436 1110 1471 etiam
1129 1435 1232 1471 causa
1244 1435 1301 1470 vel
1315 1435 1372 1470 via
1383 1434 1475 1483 juris
1494 1434 1664 1470 ordinarii

164 1494 273 1529 modo
300 1499 336 1529 et
362 1493 488 1528 ordine
515 1494 684 1529 consueto
708 1494 855 1529 nomine
882 1507 962 1529 meo
983 1493 1091 1529 fuerit
1113 1498 1295 1541 receptum
1314 1492 1359 1528 ad
1378 1492 1663 1540 respondendum

166 1551 283 1586 debite
307 1563 364 1586 me
386 1550 521 1599 semper
543 1550 658 1598 optuli
685 1556 721 1590 et
747 1551 858 1586 offero
883 1564 1001 1586 coram
1025 1564 1239 1598 quocunque
1263 1550 1358 1586 bono
1377 1550 1455 1585 viro
1476 1549 1568 1584 infra
1591 1550 1665 1584 dio-

165 1607 267 1644 cefim
286 1608 343 1644 vel
361 1613 462 1644 extra
480 1628 489 1636 ·
509 1607 552 1644 fic
570 1608 667 1655 quod
684 1608 928 1656 spoliationem
948 1614 984 1644 et
1001 1621 1145 1644 omnem
1163 1609 1341 1644 actionem
1359 1608 1417 1643 seu
1436 1607 1573 1642 causam
1592 1607 1666 1655 spo-

166 1666 322 1701 liationis
345 1665 542 1714 pretensam
566 1666 714 1701 omnino
732 1679 826 1714 nego
844 1666 980 1712 repello
998 1666 1140 1715 penitus
1162 1672 1197 1701 et
1218 1665 1371 1701 excludo
1390 1685 1398 1692 ·
1427 1664 1564 1700 Verum
1583 1677 1664 1699 curn

167 1737 231 1770 per
256 1723 367 1771 ipsum
387 1722 565 1759 Abbatem
589 1723 713 1759 fictitie
738 1729 773 1759 et
797 1723 969 1759 malitiose
992 1737 1033 1759 ac
1057 1724 1174 1759 minus
1197 1723 1413 1759 credibiliter
1440 1728 1607 1770 tangatur
1631 1728 1666 1757 et

167 1786 371 1830 opponatur
395 1781 482 1816 mihi
509 1781 553 1817 de
577 1782 679 1817 causa
705 1781 922 1828 spoliationis
945 1782 1004 1817 vel
1027 1782 1176 1817 crimine
1196 1800 1203 1808 ·
1228 1781 1392 1829 profecto
1411 1786 1537 1815 contra
1553 1780 1665 1829 ipsum

127 1849 130 1852 ·
167 1843 409 1888 opponentem
433 1840 562 1875 merito
587 1845 623 1875 et
644 1839 787 1875 realiter
810 1839 924 1888 potest
947 1839 1040 1875 obici
1064 1845 1099 1875 et
1124 1839 1239 1875 obicio
1262 1838 1359 1886 quod
1380 1838 1529 1886 opponit
1555 1851 1595 1873 ac
1622 1838 1665 1873 de

169 1896 370 1945 hujusmodi
397 1896 614 1944 spoliationis
640 1897 788 1932 crimine
815 1910 856 1932 ac
883 1897 1040 1943 exprefl'a
1067 1903 1103 1932 et
1129 1897 1288 1932 violenta
1313 1894 1536 1931 ecclefiastice
1563 1895 1666 1931 liber-

167 1954 249 1990 tatis
275 1960 311 1990 et
336 1954 571 1990 immunitatis
593 1953 770 1991 invasione
797 1955 925 1990 merito
952 1960 989 1990 et
1012 1954 1141 1990 effectu
1159 1954 1273 2003 potest
1289 1954 1391 2002 argui
1409 1960 1445 1989 et
1462 1953 1666 1989 notabiliter

168 2025 208 2048 ac
226 2011 457 2060 probabiliter
471 2012 685 2061 reprehendi
700 2032 708 2041 ·
724 2012 907 2061 presertim
921 2026 1001 2048 cum
1017 2013 1087 2061 ipse
1102 2011 1225 2048 Abbas
1237 2013 1380 2047 flamma
1393 2011 1514 2047 livoris
1527 2011 1666 2047 succen-

168 2070 223 2105 sus
240 2075 276 2106 et
292 2069 440 2105 ultionis
457 2076 544 2106 voto
563 2083 637 2106 non
655 2070 732 2106 zelo
744 2070 883 2119 justicie
902 2070 1087 2106 instinctus
1106 2090 1114 2098 ·
1142 2069 1324 2119 postquam
1344 2068 1545 2118 hujusmodi
1566 2069 1666 2104 causa

172 2128 265 2163 inter
279 2127 391 2176 ipsum
406 2133 442 2164 et
455 2128 632 2176 prefatum
649 2128 819 2164 vicariurn
835 2128 880 2164 de
896 2128 1073 2177 Inuernys
1086 2134 1184 2164 mota
1196 2128 1313 2164 suerat
1326 2133 1363 2163 et
1375 2127 1516 2175 incepta
1530 2146 1538 2154 ·
1553 2126 1666 2174 spreta

166 2185 290 2221 omiffa
306 2198 347 2221 ac
365 2185 472 2222 etiam
490 2186 639 2222 omnino
657 2191 864 2235 contempta
880 2186 938 2222 via
948 2185 1042 2235 juris
1060 2186 1231 2222 ordinarii
1256 2205 1265 2214 ·
1287 2186 1325 2220 in
1348 2189 1591 2232 contemptum
1614 2184 1665 2218 in-

171 2242 410 2279 obedientiam
424 2249 460 2279 et
473 2244 742 2280 irreverentiam
757 2257 835 2280 mee
842 2244 1103 2292 jurisdictionis
1116 2243 1296 2279 ordinarie
1313 2255 1434 2291 ymmo
1448 2241 1565 2277 verius
1578 2241 1666 2276 sedis

170 2299 357 2348 apostolice
374 2301 436 2338 sub
454 2301 555 2350 cujus
572 2302 799 2348 protectione
822 2301 961 2348 speciali
985 2302 1083 2349 degit
1103 2300 1246 2337 ecclesia
1267 2313 1346 2336 mea
1364 2296 1591 2336 moraviensis
1615 2298 1666 2333 su-

875 2372 893 2395 z
