1912 2660
272 75 345 106 430
669 72 985 109 REGISTRUM
1017 72 1381 109 MORAVIENSE.

274 169 455 197 anniversarii
477 168 524 196 seu
546 169 639 197 obitus
660 169 785 207 magistri
803 171 943 199 ,Iohannis
965 171 1099 208 Spalding
1116 171 1196 198 bonae
1220 170 1365 198 memoriae
1388 169 1456 197 olim
1480 169 1596 198 rectoris
1619 170 1654 197 de
1673 169 1783 197 Duffus

274 216 429 245 Reservato
446 215 512 254 jure
535 221 699 254 patronatus
722 217 804 246 dietae
826 218 974 256 prebendae
989 217 1136 246 W'illelmo
1156 217 1326 246 Sutherland
1345 217 1378 244 de
1395 216 1500 244 Duffus
1515 221 1543 245 et
1557 216 1617 255 ejus
1634 217 1781 245 heredibus

273 263 394 292 dominis
408 264 442 292 de
457 263 573 291 Duffus.

315 311 448 349 Sequitur
462 311 574 339 collatio
588 312 693 339 domini
709 311 828 339 Thomae
848 312 974 340 Vl'allace
989 312 1022 339 ad
1037 312 1139 339 dictam
1159 311 1337 349 prebendam,
1359 311 1441 348 super
1459 310 1695 349 presentationem
1714 311 1779 339 dicti

272 358 392 396 patroni,
414 363 441 387 et
466 363 631 397 preceptum
654 359 688 387 ab
714 359 852 397 Episcopo
878 359 974 387 datum
997 358 1129 395 magistro
1157 358 1321 385 Alexandro
1346 357 1515 385 Sutherland
1539 358 1649 386 officiali
1674 358 1722 386 suo
1746 359 1779 386 ad

272 406 461 434 inducendum
483 407 604 434 eundem
626 406 653 433 in
676 406 778 434 realem
800 406 991 444 possessionem
1009 405 1076 433 dicti
1091 404 1271 433 canonicatus
1287 409 1315 432 et
1330 405 1477 442 prebendae
1495 405 1529 433 de
1544 405 1692 439 Unthank‚
1715 415 1778 434 cum

271 453 447 491 plenitudine
460 453 534 492 juris
553 453 689 487 canonici,
709 463 772 480 cum
793 453 870 481 stallo
892 453 920 480 in
942 453 1028 480 choro
1050 456 1078 479 et
1099 452 1161 479 loco
1183 452 1211 479 in
1233 451 1365 489 capitulo,
1385 462 1450 480 cum
1464 452 1585 480 stallario
1599 453 1648 480 suo
1662 452 1691 480 in
1706 453 1779 482 dicta

272 500 383 529 ecclesia
398 501 549 529 cathedrali
563 512 570 534 ;
590 501 715 529 faciendo
730 500 907 529 residentiam
921 509 971 538 per
985 504 1111 537 quartam
1126 504 1234 536 partem
1254 499 1320 526 anni
1338 499 1485 528 successive
1502 500 1545 528 vel
1560 500 1778 538 interpaulatim,

270 553 355 586 prout
376 548 462 576 ceteri
482 548 607 576 canonici
629 547 746 576 faciunt.
788 547 916 575 Testibus
934 547 1040 574 Jacobo
1056 546 1140 574 Innes
1155 546 1188 573 de
1203 546 1312 583 Drany,
1334 547 1473 584 magistris
1489 552 1517 575 et
1531 547 1652 576 dominis
1668 548 1778 576 Thoma

272 595 356 633 Haye
371 595 475 624 vicario
488 596 522 623 de
537 595 652 629 Duffus,
675 596 799 632 Hugone
815 595 917 631 Cragy,
942 593 1053 621 Thoma
1070 593 1162 630 Haye,
1186 593 1351 621 Alexandro
1367 594 1505 632 Douglas,
1529 595 1623 622 David
1641 595 1777 633 Douglas,

270 642 396 676 notariis,
413 643 538 671 Roberto
551 643 713 680 Urquharte
726 642 828 670 vicario
842 642 876 669 de
892 640 984 678 Clyne
999 645 1027 668 et
1044 640 1215 668 Archibaldo
1231 641 1387 678 Covyntre,
1402 642 1559 680 capellanis.
1587 642 1664 671 Data
1677 648 1705 672 et
1720 641 1780 672 acta

270 691 299 718 in
314 691 375 718 loco
390 690 533 728 capitulari
549 690 668 718 ecclesiae
683 689 858 722 cathedralis,
877 690 910 716 13
928 688 1101 726 Septembris
1120 689 1204 715 1542.

212 836 245 861 Τ
270 833 428 861 Duodecim
450 832 584 870 capellani
606 833 724 860 ecclesiae
744 831 911 859 cathedralis
925 840 976 869 pro
991 831 1017 858 se
1033 835 1061 859 et
1077 830 1132 858 suis
1148 830 1345 859 successoribus
1359 831 1388 858 in
1403 836 1431 859 et
1446 831 1527 870 super
1540 832 1567 860 se
1582 838 1726 871 acceptant
1741 836 1773 862 ad

267 880 462 908 celebrandum
480 880 704 908 hebdomadatim
719 883 776 907 tres
791 878 881 906 mistas
896 879 930 906 ad
943 878 1030 907 altare
1047 878 1143 907 Sancti
1154 878 1253 906 Jacobi
1265 888 1315 916 pro
1327 878 1458 915 magistro
1469 879 1575 907 Jacobo
1588 880 1773 909 Stratawchin

266 933 374 956 rectore
388 929 421 956 de
437 928 550 961 Botare,
565 937 629 955 cum
645 937 702 954 uno
716 926 914 960 anniversarie,
926 926 956 953 in
968 926 1083 954 modum
1095 925 1267 964 sequentem.
1279 926 1332 954 viz.
1344 936 1429 954 unam
1441 926 1546 954 missam
1557 927 1602 955 die
1612 927 1772 962 Dominico‚

266 976 298 1003 de
315 975 466 1010 Dominico
481 975 529 1003 seu
544 974 612 1002 sesto
627 978 790 1002 occurrente
806 974 880 1002 dicto
895 973 948 1007 die,
964 984 1028 1001 cum
1044 974 1161 1002 collecto
1179 983 1230 1012 pro
1244 974 1332 1002 salute
1347 974 1448 1007 amici3
1469 974 1585 1002 alteram
1600 975 1643 1003 die
1660 975 1771 1010 Martis,

265 1023 298 1050 de
315 1023 422 1061 Spiritu
438 1023 548 1055 Sancto,
564 1032 628 1050 cum
644 1022 761 1050 collecto
775 1031 826 1060 pro
841 1021 929 1049 salute
943 1021 1025 1049 amici
1039 1032 1046 1054 ;
1068 1021 1182 1049 tertiam
1202 1021 1246 1049 die
1265 1021 1357 1055 ιῘονίε,
1379 1022 1413 1049 ‹le
1428 1022 1552 1060 Corpore
1568 1022 1682 1056 Christi,
1706 1033 1770 1052 cum

264 1070 381 1098 collecto
396 1080 446 1107 pro
462 1070 548 1097 salute
563 1069 655 1103 amici,
675 1069 808 1107 quamdiu
826 1069 958 1106 magister
977 1069 1099 1097 Jacobus
1119 1069 1201 1102 vivit,
1222 1074 1249 1097 et
1270 1069 1328 1107 ipso
1350 1068 1492 1102 defuncto,
1510 1079 1575 1097 cum
1590 1070 1707 1099 collecto
1720 1081 1771 1109 pro

263 1117 352 1145 amico
373 1116 524 1149 defuncto;
554 1127 618 1144 cum
639 1116 829 1144 anniversario
854 1116 1000 1145 annuatim
1025 1126 1075 1154 pro
1100 1116 1239 1154 quondam
1267 1117 1399 1153 magistro
1427 1116 1558 1145 Gilberto
1584 1117 1769 1147 Stratawehin

264 1164 386 1202 ejusdem
401 1169 510 1202 patruo,
527 1165 646 1192 durante
658 1164 717 1192 vita
728 1164 794 1192 dicti
806 1164 929 1204 magistri
939 1164 1046 1198 Jacobi,
1057 1164 1101 1191 die
1113 1164 1152 1191 26
1162 1164 1262 1192 mensis
1276 1164 1373 1192 Martii
1386 1176 1393 1197 ;
1407 1169 1435 1192 et
1450 1164 1508 1202 ipso
1520 1165 1650 1202 magistro
1665 1166 1770 1195 Jacobo

262 1212 404 1246 defuneto,
426 1212 523 1240 eodem
539 1212 583 1240 die
597 1222 648 1250 pro
662 1212 738 1240 dicto
752 1212 886 1249 magistro
901 1212 1025 1240 Jacobo:
1048 1211 1167 1240 Necnon
1188 1212 1222 1239 ad
1241 1212 1437 1240 celebrandum
1456 1212 1532 1240 aliud
1550 1213 1768 1243 anniversarium

262 1260 304 1287 die
317 1261 334 1287 9
346 1260 447 1288 mensis
464 1259 637 1298 Septembris
653 1259 799 1288 annuatim
813 1269 864 1298 pro
878 1259 1023 1288 animabus
1038 1259 1134 1298 patris,
1149 1259 1257 1293 matris,
1272 1264 1421 1298 parentum
1435 1264 1464 1288 et
1477 1260 1687 1289 benefactorum
1701 1262 1768 1291 dicti

262 1307 384 1344 magistri
399 1307 518 1336 Jacobi:
541 1308 588 1336 Ad
601 1307 818 1335 distribuendam
837 1318 946 1345 quoque
968 1307 1115 1335 annuatim
1136 1307 1303 1345 pauperibus
1324 1307 1462 1335 summam
1483 1308 1521 1335 20
1542 1308 1702 1344 solidorum,
1717 1320 1767 1348 pro

261 1355 354 1382 anima
368 1355 433 1383 dicti
449 1355 582 1392 magistri,
608 1356 642 1382 10
657 1355 758 1383 solidos
777 1355 805 1382 in
828 1355 872 1383 die
893 1355 1169 1383 commemorationis
1191 1355 1356 1388 animarum,
1372 1360 1400 1383 et
1418 1356 1453 1383 lO
1467 1355 1568 1384 solidos
1582 1356 1610 1383 in
1626 1356 1669 1385 die
1685 1357 1767 1385 Para-

261 1403 363 1430 sceves.
404 1403 448 1430 Ex
474 1403 560 1430 altera
582 1408 660 1441 parte
684 1413 749 1431 vero
771 1403 861 1431 dictus
883 1403 1015 1440 magister
1037 1403 1159 1431 Jacobus
1178 1402 1244 1430 facit
1263 1402 1456 1431 fundationem
1478 1403 1626 1442 capellanis
1643 1404 1765 1442 praefatae

260 1450 381 1478 ecclefiae
399 1451 432 1478 de
456 1451 562 1478 summa
584 1452 621 1478 26
644 1451 794 1478 solidorum
815 1451 970 1485 annuatim,
992 1451 1025 1479 de
1045 1451 1128 1478 domo
1143 1460 1226 1488 quam
1241 1460 1317 1478 nunc
1331 1455 1410 1479 tenet
1425 1450 1585 1480 Florentius
1601 1452 1764 1487 Runfiman,

261 1503 288 1525 et
310 1498 343 1526 de
364 1508 439 1526 novo
462 1499 567 1526 ltabulo
584 1498 693 1537 lapideo
714 1499 747 1526 ad
768 1499 853 1527 finem
875 1499 1041 1527 orientalem
1055 1498 1142 1526 mansi
1157 1499 1191 1526 de
1206 1498 1320 1527 Botarie
1334 1508 1383 1537 per
1396 1498 1487 1536 ipsum
1502 1499 1647 1532 edificato;
1668 1505 1696 1529 et
1719 1501 1765 1529 dat

260 1544 383 1582 praefatis
406 1546 555 1583 capellanis
578 1551 606 1574 et
629 1546 761 1583 magistro
790 1546 909 1584 Hugoni
937 1547 1048 1584 Cragye
1073 1555 1171 1575 eorum
1194 1545 1309 1575 nomine
1334 1546 1470 1574 summam
1498 1547 1554 1575 120
1577 1546 1711 1575 librarum
1731 1548 1763 1575 ad

260 1593 410 1620 emendum
432 1599 519 1621 terras
542 1593 589 1622 seu
610 1604 718 1621 annuos
739 1594 864 1622 redditus
886 1604 937 1632 pro
958 1594 1039 1622 dictis
1064 1593 1201 1631 suffragiis
1223 1593 1321 1621 fiendis
1342 1598 1370 1622 et
1392 1594 1541 1622 elemosina
1560 1594 1766 1628 distribuenda;

260 1649 310 1677 pro
325 1650 378 1678 qua
396 1640 502 1668 summa
522 1641 576 1668 120
591 1641 724 1669 librarum
746 1642 900 1679 acquiritur
920 1652 1031 1670 annuus
1050 1641 1175 1670 redditus
1197 1642 1216 1669 8
1236 1641 1367 1669 librarum
1390 1646 1418 1669 et
1439 1642 1457 1668 3
1477 1641 1627 1669 solidorum
1640 1642 1763 1679 praefatis

259 1687 408 1725 capellanis
423 1688 610 1726 applicandus.
652 1689 833 1728 Licitumque
848 1689 900 1718 erit
916 1689 1063 1728 capellanis
1078 1689 1202 1728 praefatis
1216 1698 1280 1717 cum
1296 1689 1385 1717 velint
1406 1689 1468 1716 suas
1488 1688 1562 1717 vices
1582 1689 1761 1726 praefatorum

259 1735 454 1772 suffragiorum
475 1736 647 1769 renunciare,
670 1737 821 1765 dummodo
843 1747 899 1765 non
921 1737 1128 1775 participabunt
1143 1737 1176 1765 de
1191 1737 1347 1764 commodo.
1389 1736 1435 1764 Ad
1450 1746 1512 1773 quae
1526 1736 1652 1774 premissa
1671 1737 1762 1765 obser-

259 1783 348 1810 vanda
363 1783 495 1820 capellani
518 1783 661 1821 subscripti
682 1784 708 1811 se
728 1785 885 1821 astringunt
900 1789 926 1813 et
942 1785 1066 1822 obligant
1082 1794 1132 1823 pro
1147 1784 1174 1812 se
1189 1789 1216 1812 et
1232 1783 1286 1812 suis
1301 1783 1496 1811 successoribus
1509 1795 1515 1816 ;
1538 1783 1626 1821 Hugo
1642 1784 1761 1822 Cragye,

258 1830 397 1866 Tyberius
416 1830 602 1864 winchestr‹=,
622 1831 766 1859 ,Iohannes
790 1832 923 1866 Gibsone,
946 1833 1110 1860 Alexander
1133 1832 1270 1869 Douglas,
1294 1831 1455 1859 willelmus
1478 1831 1615 1868 Douglas,
1639 1831 1760 1860 Jacobus

259 1878 363 1911 Serras,
378 1877 504 1906 Joannes
521 1878 644 1912 Ruffiiill,
660 1879 820 1907 Willelmus
838 1880 938 1913 Skade,
958 1880 1083 1908 Joannes
1099 1879 1223 1908 Gibsone
1244 1878 1359 1907 nomine
1380 1878 1486 1906 domini
1505 1878 1623 1907 Joannis
1646 1879 1761 1913 Annan,

256 1925 378 1953 Jacobus
399 1925 547 1960 Jonstoun,
564 1926 726 1955 XVillelmus
746 1927 889 1962 I'eterkin,
907 1928 1069 1956 VVillelmus
1085 1927 1192 1956 Hume.
1235 1928 1342 1956 Actum
1363 1926 1391 1954 in
1409 1926 1471 1955 loco
1485 1926 1640 1965 capitulari,
1654 1928 1673 1956 4-
1688 1926 1761 1956 Maii

261 1973 345 2002 1555.
