2060 2660
632 177 947 214 REGISTRUM
975 178 1336 215 MORAVIENSE.
1654 186 1726 223 217

236 277 466 326 personaliter
484 276 664 311 constituti
684 276 902 312 venerabiles
921 282 956 311 et
975 277 1112 312 discreti
1130 277 1197 311 viri
1218 277 1347 312 scilicet
1368 277 1529 325 magister
1547 278 1569 314 J
1573 279 1728 314 ohannes

236 336 280 371 de
296 334 468 381 Dowglas
486 334 641 369 decanus
654 353 662 362 ·
677 333 841 381 magister
856 333 1056 369 Duncanus
1073 334 1177 381 Petyt
1194 334 1424 369 cancellarius
1437 354 1444 362 ·
1465 335 1628 371 dominus
1645 336 1727 371 Wil-

236 393 362 429 lelmus
380 391 595 439 Goldsmyth
617 391 835 427 tezaurarius
854 411 862 419 ·
891 391 1058 426 dominus
1075 391 1257 428 Johannes
1282 392 1325 427 de
1344 392 1493 427 Birneth
1514 392 1728 429 subdecanus

236 455 271 486 et
289 450 454 485 dominus
466 448 586 484 Adam
602 450 646 484 de
659 449 762 484 Narn
776 449 961 485 succentor
975 447 1116 484 ecclefie
1131 448 1341 485 cathedralis
1353 448 1581 485 moravienfis
1592 469 1600 477 ·
1620 451 1729 485 domi-

235 520 302 543 nus
315 506 483 542 Andreas
498 507 541 542 de
557 509 663 543 moro
679 526 687 535 ·
707 506 870 554 magister
886 506 1067 542 Henricus
1081 507 1125 542 de
1139 507 1305 554 Lychton
1320 526 1328 534 ·
1348 506 1509 554 magister
1525 507 1730 543 Alexander

235 565 279 600 de
298 563 496 599 Foularton
515 584 523 592 ·
543 564 707 612 magister
722 564 923 600 Willelmus
942 565 1111 613 Stephani
1130 584 1138 592 ·
1158 570 1194 600 et
1208 564 1374 600 dominus
1386 564 1569 601 Johannes
1584 564 1627 600 de
1642 565 1730 600 Bur-

234 635 306 670 gyn
325 622 487 657 canonici
505 622 659 670 ejusdem
675 621 817 658 ecclefie
835 622 965 657 ibidem
984 627 1071 658 tunc
1089 622 1267 670 presentes
1280 622 1325 657 ad
1343 622 1503 657 futurum
1519 621 1729 668 Episcopum

235 679 440 727 eligendum
459 680 702 728 capitulariter
726 680 934 727 congregati
953 699 961 708 ·
985 685 1174 727 antequam
1193 680 1238 715 ad
1256 679 1469 715 eleEtionem
1493 679 1732 727 processerunt

235 742 332 772 certa
357 738 638 785 apunfitamenta
663 751 727 786 per
754 738 908 773 eundem
927 738 1113 773 dominum
1132 737 1323 773 Decanum
1340 737 1434 772 inter
1451 737 1540 785 ipsos
1558 736 1732 785 proposita

235 794 389 830 fideliter
417 795 595 831 observari
623 796 850 831 concorditer
877 801 912 831 et
939 795 1157 830 unanimiter
1178 795 1302 843 jurare
1329 794 1578 830 consenserunt
1597 814 1605 822 ·
1633 799 1668 830 et
1690 795 1733 830 de

235 853 330 888 facto
355 853 485 888 ibidem
510 853 614 888 tac'tis
639 853 741 889 sacris
767 853 959 901 evangeliis
982 852 1205 900 singulariter
1224 858 1259 888 et
1276 851 1476 900 fingillatim
1490 852 1704 900 juraverunt
1723 872 1730 879 ·

235 910 400 945 videlicet
425 911 522 957 quod
546 910 571 945 fi
597 911 788 958 contigerit
814 911 967 958 aliquem
986 911 1130 946 illorum
1148 910 1461 958 suprascriptorum
1480 910 1732 945 canonicorum

237 974 322 1003 tunc
337 968 551 1015 presentium
567 968 650 1016 eligi
666 974 701 1004 et
715 969 759 1004 ad
779 969 1015 1017 episcopatum
1035 968 1240 1016 promoveri
1258 968 1399 1004 tertiam
1417 973 1553 1016 partem
1573 967 1732 1002 omnium

237 1030 477 1073 proventuum
505 1026 555 1060 sui
582 1026 800 1074 episcopatus
823 1027 920 1061 dabit
937 1026 982 1061 ad
1000 1026 1167 1061 fabricam
1187 1025 1328 1061 ecclefie
1346 1025 1556 1061 cathedralis
1573 1025 1733 1073 predifite

237 1082 395 1130 quolibet
419 1096 514 1118 anno
540 1084 654 1119 donec
679 1090 714 1119 et
736 1084 915 1131 quousque
934 1084 1005 1131 ipsa
1023 1082 1164 1119 ecclefia
1184 1083 1292 1119 suerit
1313 1089 1476 1131 reparata
1494 1102 1502 1110 ·
1530 1084 1614 1119 item
1638 1083 1733 1130 quod

237 1140 390 1175 fideliter
417 1146 452 1175 et
478 1141 679 1176 inconcusse
703 1141 853 1176 servabit
879 1141 1000 1176 omnia
1025 1141 1210 1188 privilegia
1233 1154 1328 1176 nova
1351 1147 1387 1176 et
1407 1141 1553 1188 antiqua
1576 1141 1733 1176 concessa

238 1198 417 1233 canonicis
437 1203 471 1233 et
490 1198 733 1245 prebendariis
752 1197 892 1234 ecclefie
912 1197 1141 1234 moraviensis
1159 1198 1338 1233 antedicta
1358 1218 1366 1226 ·
1396 1203 1431 1233 et
1448 1198 1485 1233 in
1503 1198 1603 1233 nullo
1621 1199 1734 1233 immi-

238 1260 325 1290 nuet
343 1255 401 1290 sed
419 1256 536 1303 potius
554 1255 737 1303 ampliabit
756 1275 764 1283 ·
793 1256 877 1291 item
904 1255 1001 1302 quod
1025 1268 1099 1290 non
1124 1255 1339 1290 intromittet
1365 1255 1398 1291 se
1425 1255 1461 1290 in
1485 1256 1733 1291 communibus

238 1311 387 1348 ecclesiis
409 1312 639 1348 residentibus
661 1313 706 1348 ad
727 1313 967 1348 communiam
987 1312 1158 1348 ordinatis
1177 1332 1185 1340 ·
1210 1312 1270 1347 seu
1292 1312 1424 1359 aliquid
1448 1312 1573 1360 injuste
1591 1326 1611 1347 a
1629 1326 1732 1348 cano-

238 1370 325 1405 nicis
349 1369 412 1404 nifi
438 1383 517 1405 curn
546 1370 699 1418 ipsorum
727 1371 894 1406 consensu
921 1370 1039 1417 exiget
1065 1375 1126 1404 aut
1153 1369 1377 1416 extorquebit
1396 1389 1404 1397 ·
1431 1370 1515 1404 item
1540 1371 1635 1417 quod
1660 1383 1731 1405 non

240 1428 408 1475 impediet
428 1428 609 1476 predi&os
627 1428 817 1463 canonicos
831 1427 941 1463 libere
955 1427 1099 1475 sepelire
1113 1427 1191 1462 suos
1205 1427 1437 1475 parochianos
1452 1427 1487 1462 in
1501 1427 1641 1462 suarum
1657 1441 1734 1476 pre-

238 1485 435 1520 bendarum
461 1484 610 1521 ecclesiis
629 1505 637 1513 ·
676 1486 734 1521 De
759 1491 794 1520 et
818 1485 920 1533 super
941 1485 1068 1532 quibus
1086 1484 1250 1519 omnibus
1268 1484 1360 1519 idem
1381 1485 1546 1519 dominus
1566 1485 1733 1521 Decanus

240 1543 283 1578 de
309 1542 477 1577 consensu
502 1549 537 1578 et
560 1543 692 1578 afl'ensu
711 1543 871 1577 omnium
891 1542 1033 1577 suorum
1058 1541 1312 1577 canonicorum
1334 1542 1578 1589 predi&0rum
1597 1555 1659 1590 per
1678 1556 1733 1578 me

239 1600 418 1635 notarium
445 1600 625 1647 publicum
650 1600 909 1647 infrascriptum
934 1599 993 1634 fibi
1014 1599 1091 1635 fieri
1109 1599 1210 1647 petiit
1227 1612 1341 1634 unum
1358 1599 1415 1635 vel
1432 1599 1536 1647 plura
1553 1600 1732 1648 publicum

240 1657 297 1692 vel
315 1658 455 1705 publica
472 1658 704 1693 instrumenta
722 1677 730 1685 ·
763 1657 860 1693 Aeta
885 1657 1031 1692 suerunt
1058 1657 1122 1693 hec
1145 1657 1183 1692 in
1206 1657 1358 1704 quadam
1382 1670 1522 1692 camera
1542 1657 1673 1694 secreta
1696 1659 1733 1693 in

240 1715 428 1762 campanili
452 1714 591 1751 ecclefie
611 1714 839 1752 moraviensis
863 1715 1062 1761 supradicte
1086 1734 1094 1742 ·
1124 1727 1219 1750 anno
1248 1715 1446 1750 indictione
1472 1715 1589 1751 mense
1616 1716 1672 1751 die
1699 1723 1734 1751 et

240 1772 450 1819 pontificatu
468 1773 637 1820 predi-'Stis
651 1793 658 1801 -
689 1773 912 1808 Presentibus
930 1772 1085 1808 discretis
1099 1772 1183 1807 viris
1202 1777 1237 1807 et
1255 1772 1407 1807 dominis
1422 1772 1564 1807 Thoma
1582 1773 1626 1808 de
1641 1773 1733 1809 Ball-

241 1830 357 1865 hormi
383 1850 390 1858 ·
421 1830 577 1865 Ricardo
598 1830 768 1866 willelmi
788 1850 796 1858 ·
823 1830 989 1867 Johanne
1009 1830 1230 1878 Glaswrycht
1255 1835 1290 1865 et
1308 1829 1489 1865 Willelmo
1512 1830 1555 1866 de
1574 1831 1732 1879 Byrneth

241 1888 430 1936 capellanis
448 1888 590 1923 testibus
609 1889 652 1923 ad
672 1888 832 1936 premissa
849 1888 983 1923 vocatis
1001 1888 1196 1936 specialiter
1213 1893 1249 1923 et
1266 1888 1399 1936 rogatis
1414 1907 1422 1915 ·

242 1945 290 1980 Et
316 1958 383 1992 ego
412 1945 619 1993 Nycholaus
646 1945 804 1981 Tonnok
829 1944 1008 1993 presbyter
1034 1945 1156 1981 Sancti
1184 1946 1332 1981 Andree
1359 1946 1546 1994 dyoceseos
1573 1947 1732 1992 publicus

242 2002 414 2050 imperiali
438 2003 651 2038 au&oritate
674 2003 834 2038 notarius
852 2001 1023 2049 premissis
1041 2003 1204 2038 omnibus
1222 2008 1258 2038 et
1275 2002 1418 2051 singulis
1436 2003 1520 2039 dum
1539 2002 1582 2039 fic
1600 2009 1641 2039 ut
1658 2018 1733 2052 pre-

242 2060 395 2095 mittitur
414 2066 606 2107 agerentur
621 2066 655 2095 et
669 2061 796 2095 fierent
814 2074 886 2095 una
904 2074 986 2095 cum
1004 2056 1260 2108 prenominatis
1273 2060 1414 2096 testibus
1432 2061 1572 2107 presens
1590 2062 1732 2097 interfui

243 2130 352 2164 eaque
374 2116 418 2152 fic
440 2117 515 2153 fieri
534 2118 605 2152 vidi
626 2124 661 2153 et
679 2118 798 2152 audivi
817 2131 925 2153 manu
944 2131 1022 2153 mea
1039 2118 1183 2164 propria
1205 2117 1318 2165 scripfi
1337 2124 1372 2153 et
1389 2119 1425 2153 in
1445 2119 1534 2153 hanc
1557 2119 1730 2166 publicam

242 2174 391 2209 sormam
410 2175 531 2222 redegi
550 2174 716 2222 signoque
736 2188 814 2210 meo
832 2175 933 2210 solito
953 2181 987 2210 et
1005 2175 1254 2223 subscriptione
1268 2174 1398 2223 fignavi
1414 2182 1557 2222 rogatus
1571 2182 1606 2210 et-
1620 2176 1731 2222 requi-

242 2230 322 2267 situs
340 2233 377 2267 in
396 2232 631 2267 testimonium
650 2233 808 2267 veritatis
827 2233 986 2267 omnium
1005 2233 1247 2280 premissorum
1268 2252 1276 2260 ·

933 2293 994 2324 ΞΕ
