2060 2660
316 166 385 199 134
712 161 1028 199 REGISTRUM
1056 159 1421 197 MORAVIENSE.

315 260 428 297 vestra
444 261 541 309 quod
559 274 640 298 cum
659 260 792 309 questio
806 265 1007 297 verteretur
1021 272 1140 295 coram
1160 259 1262 293 nobis
1279 257 1493 293 auetoritate
1512 256 1702 304 apostolica
1718 258 1812 294 inter

315 319 554 355 venerabilem
580 324 717 368 patrem
746 318 932 354 dominum
960 316 1228 352 Archebaldum
1258 315 1459 362 episcopum
1489 314 1749 350 moraviensem
1778 320 1813 351 et

315 376 471 425 ejusdem
494 377 563 413 loci
587 376 782 425 capitulum
809 389 853 411 ex
879 387 952 410 una
978 379 1077 421 parte
1101 378 1136 408 et
1162 372 1318 407 nobilem
1336 371 1454 406 virum
1473 371 1660 407 dominum
1678 372 1812 409 Johan-

315 446 398 470 nem
413 433 542 482 Byseth
560 447 605 470 ex
623 434 735 470 altera
765 453 773 461 ·
805 433 907 480 super
924 430 1131 478 quibusdam
1149 429 1253 464 terris
1266 428 1434 464 videlicet
1450 441 1524 463 una
1541 429 1701 465 dauacha
1717 435 1812 467 terre

317 490 457 527 ecclesie
475 492 520 527 de
539 491 724 538 Cuneway
738 510 747 519 ·
767 495 802 525 et
819 489 888 524 alia
905 487 1063 523 dauacha
1081 487 1118 521 in
1138 486 1214 521 Ros
1232 498 1300 532 que
1318 490 1468 521 vocatur
1489 485 1690 535 Herchelys
1704 507 1712 515 ·
1727 501 1814 536 quas

316 549 411 585 idem
427 549 608 598 episcopus
623 546 852 585 moraviensis
870 545 1038 581 afferebat
1055 544 1099 579 ad
1118 543 1273 579 mensam
1291 543 1387 578 suam
1406 544 1637 592 episcopalem
1652 547 1814 582 moravie

317 607 361 643 de
372 606 457 655 jure
474 607 653 655 pertinere
671 611 707 641 et
725 605 790 640 hac
807 604 945 639 ratione
964 602 1076 637 dietas
1100 606 1212 636 terras
1234 599 1295 635 fibi
1313 606 1350 636 et
1367 601 1484 637 mense
1502 601 1561 637 sue
1579 603 1741 650 predicte
1757 604 1814 652 ju·

318 664 491 700 dicialiter
508 664 649 713 petebat
667 662 800 698 restitui
820 681 828 689 ·
848 661 1018 696 afferente
1033 671 1119 694 vero
1139 658 1237 693 dieto
1256 657 1368 693 nobili
1386 658 1464 694 viro
1483 659 1630 695 domino
1647 660 1814 697 Johanne

318 721 447 770 Byseth
467 722 580 757 dictas
597 727 709 756 terras
727 719 855 755 scilicet
874 718 917 753 de
938 717 1097 764 Cunway
1115 720 1151 750 et
1170 715 1213 750 de
1233 715 1405 764 Erchelys
1422 716 1467 752 ad
1484 717 1632 753 feudum
1651 719 1751 754 suum
1770 720 1814 755 de

317 779 350 814 le
370 779 450 815 Ard
463 779 546 827 jure
564 778 778 814 hereditario
802 776 980 825 pertinere
1010 793 1018 802 ·
1048 779 1082 809 et
1106 773 1171 808 hac
1191 773 1235 808 de
1253 773 1356 809 causa
1373 787 1439 810 nec
1456 773 1516 810 fibi
1534 788 1601 811 nec
1620 777 1737 812 mense
1755 777 1814 813 sue

316 836 511 886 adjudicari
530 836 699 872 deberent
716 835 775 870 seu
793 833 924 869 restitui
944 852 953 860 ·
983 831 1151 867 Preterea
1165 844 1246 866 cum
1265 831 1360 867 idem
1376 831 1570 880 Episcopus
1584 834 1814 870 moraviensis

317 907 436 930 coram
455 894 556 930 nobis
574 893 787 929 auctoritate
808 890 970 939 premissa
993 889 1130 925 dietum
1155 888 1312 924 nobilem
1335 889 1451 925 virum
1477 890 1662 926 dominum
1681 892 1814 929 Johan-

316 965 399 988 nem
418 951 547 1000 Byseth
571 950 785 987 convenisset
808 949 910 997 super
927 960 1016 983 cana
1033 951 1129 982 terre
1148 947 1207 982 sue
1226 947 1270 982 de
1289 946 1369 982 Ard
1395 953 1431 983 et
1454 960 1527 983 una
1548 954 1651 996 petra
1674 963 1754 985 cere
1777 951 1815 986 in

316 1022 466 1057 quarum
494 1007 696 1057 pofl'essione
724 1007 794 1055 ipse
822 1006 1015 1054 Episcopus
1041 1010 1078 1040 et
1103 1004 1364 1053 predecessores
1390 1005 1441 1041 sui
1468 1019 1489 1041 a
1513 1011 1675 1054 tempore
1704 1008 1814 1056 longo

316 1066 460 1114 pacifice
486 1066 657 1101 steterunt
681 1085 689 1093 ·
718 1064 804 1100 ficut
831 1076 951 1099 coram
977 1062 1080 1098 nobis
1106 1062 1209 1110 super
1238 1062 1306 1098 hoc
1331 1063 1474 1111 plenam
1501 1063 1609 1099 fidem
1636 1065 1784 1101 faciebat
1804 1085 1812 1094 ·

317 1124 481 1159 Tandem
509 1123 584 1171 post
611 1123 740 1158 multas
768 1121 1016 1157 altercationes
1041 1125 1115 1156 tam
1142 1120 1186 1156 de
1213 1120 1382 1156 consensu
1407 1122 1560 1169 predicti
1590 1122 1753 1171 Episcopi
1780 1129 1814 1160 et

317 1182 460 1229 capituli
489 1179 718 1217 moraviensis
745 1193 851 1227 quam
876 1192 919 1214 ex
948 1192 1047 1214 mera
1075 1178 1263 1214 voluntate
1290 1179 1444 1227 predicti
1476 1180 1613 1215 domini
1639 1181 1815 1217 Johannis

318 1239 445 1287 Byseth
465 1258 473 1266 ·
493 1239 707 1274 auctoritate
724 1237 913 1285 apostolica
929 1236 1035 1272 nobis
1057 1236 1095 1271 in
1119 1236 1184 1271 hac
1202 1241 1303 1284 parte
1326 1237 1505 1272 commiffa
1522 1238 1784 1276 interveniente
1806 1259 1814 1268 ·

316 1297 409 1331 inter
427 1296 539 1331 dictas
562 1301 680 1344 partes
706 1294 937 1330 amicabiliter
963 1294 1005 1329 lis
1032 1294 1238 1341 conquievit
1263 1294 1301 1329 in
1325 1295 1421 1330 hunc
1445 1295 1593 1331 modum
1612 1316 1621 1324 ·
1649 1297 1816 1334 videlicet

316 1354 411 1401 quod
442 1354 560 1389 dictus
591 1353 783 1401 Episcopus
814 1358 851 1388 et
880 1352 1076 1400 capitulum
1103 1352 1327 1389 moraviense
1353 1365 1418 1400 pro
1446 1353 1479 1389 se
1506 1359 1542 1388 et
1567 1353 1815 1391 successoribus

316 1411 385 1447 suis
412 1411 715 1447 renunciaverunt
740 1411 793 1445 liti
822 1416 919 1445 mote
943 1415 979 1446 et
1003 1410 1181 1445 movende
1203 1410 1247 1445 de
1266 1415 1386 1446 cetero
1405 1410 1507 1459 super
1524 1412 1695 1459 predictis
1712 1413 1815 1448 terris

318 1469 361 1504 de
381 1468 545 1517 Cunway
563 1474 598 1504 et
617 1468 661 1504 de
680 1468 854 1516 Erchelys
884 1487 892 1496 ·
922 1474 957 1503 et
976 1481 1065 1503 cana
1082 1468 1245 1516 predicta
1263 1467 1306 1503 de
1326 1468 1406 1503 Ard
1432 1488 1440 1496 ·
1470 1482 1536 1505 nec
1560 1482 1634 1504 non
1659 1476 1694 1505 et
1721 1470 1817 1506 dieta

318 1532 419 1574 petra
436 1540 516 1562 cere
546 1546 554 1554 ·
585 1532 620 1562 et
637 1527 797 1574 quietum
816 1526 1061 1561 clamaverunt
1085 1526 1129 1561 de
1153 1525 1186 1561 se
1209 1531 1245 1561 et
1266 1526 1514 1562 suecefforibus
1536 1527 1605 1562 suis
1630 1527 1666 1562 in
1693 1541 1816 1576 perpe-

319 1590 421 1619 tuum
441 1590 555 1619 totum
569 1584 630 1632 jus
647 1590 683 1619 et
701 1584 855 1619 clamum
874 1584 910 1619 in
929 1584 1034 1619 dietis
1051 1584 1156 1619 terris
1174 1589 1211 1619 et
1228 1597 1317 1619 cana
1334 1589 1370 1619 et
1387 1597 1469 1620 cera
1486 1584 1695 1633 supradictis
1718 1586 1815 1633 quod

319 1641 450 1677 habent
470 1641 527 1677 vel
545 1642 673 1677 habere
695 1647 866 1689 poterunt
892 1642 929 1676 in
955 1641 1131 1689 posterum
1152 1661 1160 1669 ·
1192 1642 1325 1677 Dicitus
1343 1655 1429 1677 vero
1449 1642 1615 1678 dominus
1632 1642 1816 1679 Johannes

321 1699 450 1746 Byseth
468 1704 540 1734 tam
559 1712 623 1746 pro
642 1699 737 1734 bono
756 1700 849 1747 pacis
867 1712 971 1746 quam
994 1713 1060 1747 pro
1079 1700 1325 1747 redemptione
1347 1699 1510 1735 laborum
1529 1705 1565 1736 et
1583 1701 1815 1749 expensarum

320 1757 460 1791 suarum
488 1757 525 1791 in
550 1756 612 1792 lite
638 1757 879 1792 faciendarum
898 1770 941 1792 ex
959 1770 1058 1792 mera
1075 1757 1135 1792 sua
1153 1757 1363 1792 liberalitate
1382 1757 1481 1793 dedit
1498 1763 1535 1793 et
1552 1757 1718 1793 concessit
1739 1772 1816 1807 pre-

320 1814 392 1849 fato
412 1813 572 1862 episcopo
590 1813 802 1850 moraviensi
825 1820 860 1849 et
882 1814 1129 1850 successoribus
1152 1815 1220 1850 suis
1241 1815 1279 1849 in
1301 1820 1514 1863 perpetuum
1539 1815 1720 1862 sexaginta
1740 1816 1816 1852 soli-

321 1871 385 1906 dos
410 1870 658 1918 sterlingorum
687 1872 723 1906 in
751 1877 845 1907 terra
868 1872 927 1907 sua
953 1873 997 1907 de
1020 1873 1226 1921 munyehoc
1253 1873 1290 1907 in
1316 1872 1425 1908 feudo
1452 1873 1496 1908 de
1515 1872 1597 1908 Ard
1619 1873 1749 1910 scilicet
1772 1887 1815 1910 ex

320 1934 420 1976 purte
445 1929 655 1964 occidentali
682 1942 771 1976 aque
797 1929 1043 1977 percipiendos
1068 1929 1213 1978 singulis
1239 1930 1341 1965 annis
1364 1930 1481 1966 eidem
1507 1936 1543 1966 et
1567 1931 1816 1968 successoribus

320 1987 388 2022 suis
406 1999 469 2034 per
487 1999 612 2021 manus
629 1986 868 2022 firmariorum
886 2000 1181 2035 quorumcunque
1199 1986 1303 2036 ipfius
1316 1993 1412 2023 terre
1425 1988 1483 2024 vel
1497 2001 1575 2024 eam
1590 1989 1744 2024 tenentis
1757 1989 1815 2025 seu

321 2044 520 2079 tenentium
553 2063 561 2071 ·
590 2044 816 2079 medietatem
844 2044 974 2080 scilicet
1000 2046 1045 2080 ad
1071 2045 1303 2081 Pentecosten
1331 2050 1368 2081 et
1390 2045 1496 2081 aliam
1519 2046 1746 2082 medietatem
1770 2047 1814 2082 ad

319 2101 444 2137 festum
467 2101 588 2137 Sancti
606 2101 753 2137 martini
772 2102 808 2136 in
826 2114 928 2149 yeme
951 2121 960 2129 ·
990 2102 1037 2138 Et
1060 2103 1105 2138 ad
1124 2103 1237 2138 dietas
1255 2103 1486 2139 donationem
1504 2108 1541 2139 et
1558 2102 1813 2140 concessionem

322 2158 476 2194 fideliter
503 2158 539 2193 in
564 2164 777 2207 perpetuum
800 2158 1033 2195 observandas
1057 2160 1175 2196 dietus
1199 2161 1365 2196 dominus
1382 2160 1566 2198 ,Iohannes
1585 2161 1679 2197 Biset
1699 2174 1764 2209 pro
1782 2162 1815 2197 se

322 2222 357 2252 et
383 2215 572 2252 heredibus
597 2216 665 2251 suis
692 2216 877 2264 corporale
901 2216 1050 2264 prestitit
1070 2217 1317 2265 juramentum
1336 2237 1345 2246 ·
1371 2218 1450 2254 Nos
1476 2231 1564 2254 vero
1592 2218 1629 2254 in
1657 2219 1815 2255 favorem

322 2273 503 2321 utriusque
530 2274 640 2322 partis
667 2273 749 2309 huic
779 2274 954 2310 amicabili
982 2274 1226 2323 compositioni
1254 2276 1470 2312 auctoritate
1497 2275 1686 2325 apostolica
1715 2277 1817 2312 nobis
