2060 2660
351 162 418 198 198
738 159 1053 197 REGISTRUM
1082 159 1445 197 MORAVIENSE.

347 258 401 293 nis
420 277 428 285 ·
457 257 661 294 ordinatum
681 258 729 294 est
748 264 782 294 et
801 259 1077 295 determinatum
1096 272 1159 307 per
1177 258 1345 294 illustrem
1365 258 1480 293 virum
1500 257 1686 292 dominum
1707 258 1845 294 Rober-

347 322 423 351 tum
451 316 617 351 comitem
645 316 688 352 de
716 316 798 364 Fyff
819 322 855 353 et
881 317 1067 353 meneteth
1104 316 1283 351 custodem
1323 315 1424 362 regni
1452 314 1569 350 Scotie
1598 321 1633 350 et
1662 314 1842 351 confilium

347 373 445 409 suum
466 392 474 401 ·
505 379 577 409 tam
606 387 649 410 ex
678 374 794 410 officio
817 374 877 410 suo
902 380 973 409 tam
994 388 1037 409 cx
1056 372 1277 408 submissione
1296 372 1525 407 dominorum
1546 372 1707 421 Episcopi
1726 375 1845 410 <Dora-

347 430 470 466 viensls
489 445 532 466 ex
551 438 650 480 parte
669 446 740 468 una
758 438 793 467 et
813 432 962 468 Comitis
977 432 1139 467 moravie
1158 444 1202 465 ex
1220 435 1320 477 parte
1338 429 1450 464 altera
1473 449 1481 456 ·
1506 430 1542 464 in
1567 430 1681 466 forma
1705 445 1774 478 que
1797 432 1845 467 se-

347 489 468 536 quitur
487 489 531 524 de
549 490 713 525 omnibus
732 495 767 525 et
785 488 927 536 singulis
945 487 1225 523 accusationibus
1249 487 1450 522 actionibus
1481 488 1634 534 querelis
1660 489 1781 524 litibus
1810 495 1844 524 et

347 546 594 582 controversiis
611 547 763 582 realibus
782 552 817 582 et
835 545 1075 594 personalibus
1094 544 1199 579 motis
1214 549 1249 579 et
1263 544 1350 579 ortis
1365 544 1458 579 inter
1473 545 1563 592 ipsos
1577 545 1684 592 usque
1700 546 1735 581 in
1749 546 1845 581 hunc

348 605 441 639 diem
461 624 469 632 ·
512 605 632 640 Primo
651 605 746 652 quod
765 603 1024 639 interveniente
1040 602 1158 637 osculo
1177 601 1272 649 pacis
1291 600 1350 649 ipfi
1369 602 1568 637 adinvicem
1586 602 1652 638 fint
1667 603 1710 639 de
1725 609 1844 639 cetero

347 667 382 697 et
401 668 568 697 maneant
585 663 660 698 veri
679 662 771 697 firmi
790 667 825 697 et
843 660 1015 696 cordiales
1039 659 1142 695 amici
1168 678 1175 686 ·
1209 664 1244 694 et
1272 659 1369 706 quod
1397 659 1517 695 nullus
1545 660 1701 708 ipsorum
1723 674 1787 709 per
1813 661 1846 696 se

347 720 403 755 vel
418 721 496 755 suos
510 720 712 755 voluntarie
727 719 916 767 injurietur
930 718 1032 753 alteri
1048 737 1055 744 -
1072 723 1107 752 et
1124 715 1148 751 fi
1166 716 1350 752 casualiter
1368 717 1436 752 hoc
1455 718 1647 765 contigerit
1665 719 1777 767 passus
1796 719 1847 754 in-

341 777 473 825 juriam
490 778 646 825 requirat
664 777 893 825 injuriantem
912 776 1008 822 quod
1027 774 1193 810 emendet
1209 793 1216 801 ·
1233 780 1268 809 et
1286 775 1368 810 licet
1387 775 1578 811 emendare
1597 776 1754 812 noluerit
1772 790 1846 812 non

348 835 459 870 sumat
477 835 671 870 vindictam
697 834 753 869 sed
773 834 902 869 referat
920 833 1018 868 dieto
1038 832 1185 867 domino
1206 831 1351 868 Custodi
1371 833 1428 868 vel
1448 833 1594 868 domino
1614 833 1732 869 nostro
1753 834 1845 882 Regi

347 893 407 940 qui
426 893 493 928 hoc
507 893 611 928 faciat
629 892 809 928 emendari
826 910 834 918 ·
861 891 952 925 Item
972 890 1068 937 quod
1083 889 1262 925 ordinatio
1277 891 1502 937 quorundam
1518 891 1733 926 arbitrorum
1754 891 1846 927 inter

347 950 436 997 ipsos
462 950 672 998 Episcopum
699 955 734 984 et
759 949 937 984 Comitem
965 967 972 975 ·
997 961 1151 995 quorum
1175 947 1391 983 arbitrorum
1417 948 1595 983 ordinatio
1617 949 1773 995 sequitur
1796 949 1848 984 in-

346 1008 454 1043 ferius
467 1027 474 1035 ·
489 1008 524 1042 in
537 1008 701 1042 omnibus
713 1007 779 1041 suis
793 1006 936 1054 punGtis
955 1011 990 1041 et
1008 1005 1166 1041 articulis
1184 1006 1374 1041 efficaciter
1393 1011 1428 1041 et
1446 1006 1599 1041 fideliter
1618 1006 1823 1042 observetur
1838 1026 1847 1034 ·

348 1066 534 1108 Quantum
558 1078 644 1100 vero
669 1065 713 1099 ad
738 1064 873 1099 causam
900 1064 943 1098 de
964 1063 1069 1112 Loss'y
1088 1064 1293 1099 ordinatum
1314 1063 1361 1099 est
1379 1064 1475 1111 quod
1494 1062 1517 1098 fi
1535 1069 1675 1112 tempus
1693 1064 1849 1112 patiatur

347 1123 499 1170 eligatur
523 1121 617 1158 allisa
635 1122 678 1158 de
698 1122 801 1157 terris
819 1121 988 1157 realitatis
1007 1126 1043 1157 et
1061 1121 1256 1169 regalitatis
1273 1135 1347 1157 una
1364 1135 1444 1157 cum
1470 1122 1546 1157 aliis
1568 1122 1638 1157 fide
1664 1122 1780 1170 dignis
1810 1122 1847 1157 in

347 1180 519 1227 presentia
538 1180 672 1215 domini
693 1179 857 1215 Custodis
877 1199 885 1207 -
905 1193 973 1227 que
997 1178 1092 1215 allisa
1117 1179 1369 1215 determinabit
1394 1180 1471 1227 quis
1495 1180 1623 1215 ultimo
1648 1185 1724 1215 erat
1741 1193 1847 1215 verus

346 1238 509 1285 possessor
534 1244 569 1273 et
591 1238 770 1285 legitimus
789 1257 797 1264 ·
818 1242 853 1273 et
872 1237 941 1285 ipse
960 1236 1146 1285 poffidebit
1166 1257 1173 1265 ·
1194 1243 1229 1273 et
1247 1236 1270 1272 fi
1289 1243 1436 1286 propter
1455 1238 1706 1286 occupationes
1731 1238 1848 1273 dictus

347 1296 511 1330 dominus
531 1295 656 1331 Custos
674 1308 799 1331 vacare
818 1308 892 1330 non
912 1296 1044 1343 poterit
1062 1295 1132 1343 ipse
1151 1295 1248 1330 dabit
1272 1296 1380 1330 alium
1399 1295 1559 1344 judicem
1585 1301 1847 1343 competentem

346 1354 389 1388 ad
414 1354 661 1389 executionem
687 1354 745 1389 sue
769 1353 1004 1389 ordinationis
1024 1373 1032 1381 ·
1066 1354 1125 1389 De
1150 1353 1251 1389 causa
1278 1354 1320 1389 de
1344 1354 1546 1402 vndvyngis
1570 1353 1728 1401 impolita
1754 1354 1848 1401 Epis-

348 1425 437 1459 copo
462 1425 524 1459 per
547 1412 725 1447 Comitem
741 1412 784 1447 de
804 1412 1031 1447 ordinatione
1051 1411 1215 1447 Custodis
1236 1412 1427 1459 Episcopus
1446 1412 1478 1447 se
1497 1412 1662 1460 purgavit
1688 1412 1817 1447 ibidem
1839 1431 1847 1438 ·

348 1476 382 1504 et
407 1469 529 1504 habuit
554 1470 766 1518 Episcopum
785 1470 989 1505 excusatum
1009 1466 1105 1517 quod
1123 1469 1206 1505 fecit
1231 1469 1392 1517 querelas
1411 1470 1455 1505 de
1474 1469 1613 1518 injuriis
1631 1468 1690 1504 fibi
1715 1469 1820 1504 illatis
1839 1489 1847 1496 ·

351 1527 408 1562 De
428 1528 527 1562 causa
545 1528 713 1563 vexillum
735 1528 901 1575 sequendi
921 1527 1073 1563 Comitis
1092 1547 1099 1555 ·
1128 1528 1211 1575 quia
1234 1528 1349 1575 tangit
1373 1527 1408 1562 in
1436 1533 1536 1575 parte
1561 1527 1744 1562 dominum
1775 1527 1850 1562 nos-

351 1591 446 1619 trum
467 1585 603 1633 Regem
625 1605 633 1613 ·
658 1586 861 1621 ordinatum
891 1585 939 1621 est
965 1586 1084 1621 ambas
1111 1591 1228 1634 partes
1253 1585 1382 1620 debere
1405 1598 1611 1633 comparere
1630 1585 1667 1619 in
1685 1585 1848 1633 proximo

351 1643 507 1689 generali
537 1642 679 1678 consilio
710 1644 768 1679 vel
796 1644 1033 1692 parliamento
1062 1644 1106 1679 ad
1133 1643 1355 1679 subeundum
1385 1643 1720 1678 determinationem
1744 1656 1850 1690 gene-

353 1700 434 1735 ralis
453 1699 584 1735 confilii
603 1701 738 1736 domini
757 1701 864 1736 nostri
886 1702 996 1749 Regis
1025 1722 1033 1730 ·
1073 1702 1260 1744 Quantum
1285 1702 1329 1736 ad
1351 1701 1546 1736 kethranos
1573 1700 1777 1749 injunGtum
1805 1700 1851 1736 est

354 1758 487 1794 Comiti
514 1759 610 1805 quod
629 1765 797 1806 purgaret
815 1759 847 1794 se
867 1760 910 1795 de
929 1760 1199 1795 introductione
1218 1772 1342 1795 eorum
1362 1759 1398 1794 in
1418 1759 1613 1807 dampnum
1634 1758 1796 1806 Episcopi
1815 1764 1850 1794 et

353 1816 449 1863 quod
468 1829 541 1851 non
565 1816 894 1864 dampnificaverint
921 1831 1000 1853 eum
1027 1831 1070 1853 ex
1098 1818 1324 1853 ordinatione
1352 1817 1411 1852 sua
1430 1836 1438 1844 ·
1466 1817 1527 1864 qui
1553 1817 1586 1852 se
1612 1817 1779 1864 purgavit
1803 1817 1851 1851 ib-

354 1874 448 1909 idem
468 1893 476 1901 ·
496 1874 553 1909 cui
572 1873 774 1921 injun6hun
794 1874 840 1909 est
858 1876 953 1922 quod
973 1876 1114 1911 ordinet
1133 1875 1321 1910 officiarios
1335 1875 1429 1910 viros
1447 1874 1617 1922 providos
1635 1880 1670 1909 et
1681 1873 1794 1922 justos
1808 1875 1853 1909 ad

354 1931 555 1966 faciendum
578 1930 753 1979 justiciam
779 1932 822 1967 de
849 1933 1136 1968 malefactoribus
1156 1953 1163 1961 ·
1194 1933 1286 1968 Item
1313 1933 1410 1980 quod
1437 1931 1583 1967 ministri
1603 1932 1754 1968 Comitis
1777 1945 1851 1967 non

356 1989 496 2036 capiant
515 1988 622 2036 pisces
641 1988 759 2023 invitis
778 1989 1005 2037 piscatoribus
1021 1991 1184 2039 Episcopi
1205 2003 1271 2026 nec
1298 1990 1515 2038 compellant
1541 2003 1601 2025 eos
1618 1989 1774 2025 vendere
1793 1988 1852 2025 fibi

356 2059 421 2092 pro
442 2046 579 2081 minore
598 2059 702 2092 quam
722 2046 797 2081 aliis
817 2067 825 2074 ·
855 2053 890 2082 et
918 2049 1013 2095 quod
1032 2048 1244 2084 satisfaciant
1272 2049 1316 2083 de
1343 2048 1470 2096 emptis
1491 2053 1526 2083 et
1548 2047 1706 2083 emendis
1721 2066 1729 2075 ·
1759 2047 1851 2082 Item

357 2104 453 2151 quod
474 2103 605 2139 Comes
623 2116 696 2138 non
716 2104 931 2140 intromittat
948 2105 981 2140 se
1001 2106 1044 2140 de
1063 2105 1170 2141 caufis
1188 2106 1449 2155 pertinentibus
1472 2106 1517 2140 ad
1542 2105 1660 2140 sorum
1688 2103 1828 2140 ecclesie
1844 2125 1852 2132 ·

358 2174 423 2196 nec
442 2161 587 2209 usurpet
609 2174 674 2196 nec
698 2161 866 2209 impediat
886 2162 1171 2210 jurisdictionem
1193 2164 1355 2212 Episcopi
1382 2164 1419 2198 in
1443 2162 1656 2198 testamentis
1674 2162 1731 2197 vel
1750 2163 1826 2198 aliis
1845 2182 1852 2190 ·

362 2219 453 2255 Item
472 2219 569 2266 quod
588 2219 708 2254 omnia
727 2219 868 2254 annalia
886 2219 1004 2255 debita
1024 2221 1196 2269 Episcopo
1221 2222 1265 2257 de
1289 2221 1393 2257 terris
1412 2220 1563 2257 Comitis
1581 2221 1625 2256 de
1643 2220 1803 2256 terminis
1821 2226 1856 2256 et
