2060 2660
64 1715 131 1749 193

558 183 875 220 REGISTRUM
902 182 1263 222 MORAVIENSE.
1582 190 1652 224 135

164 280 341 318 commiffa
366 281 560 330 adjecimus
581 287 623 317 ut
642 280 667 317 fi
684 281 777 317 forte
794 281 920 329 aliquis
937 282 1169 318 successorum
1186 283 1339 331 preditffi
1356 284 1518 333 Episcopi
1536 287 1653 322 mora·

162 338 286 375 vienfis
303 339 346 374 ab
359 339 425 374 hac
442 339 616 375 amicabili
635 338 888 387 compositione
905 338 1036 375 refilire
1053 339 1209 375 voluerit
1223 341 1404 388 predifflms
1418 354 1557 377 annuus
1574 355 1654 378 cen-

161 397 216 432 sus
233 396 396 444 predi&o
414 396 561 432 domino
579 397 738 434 Johanni
756 397 886 445 Byseth
905 401 940 432 et
957 397 1147 432 heredibus
1164 396 1232 432 suis
1249 396 1360 432 libere
1378 402 1414 432 et
1430 396 1500 433 fine
1516 405 1653 434 contra-

160 453 319 489 diffione
342 453 499 501 qualibet
524 459 726 490 revertetur
744 473 752 482 ·
781 454 830 489 Et
854 453 879 489 fi
904 454 1090 502 contingat
1108 454 1246 489 difimm
1263 453 1465 490 Johannem
1485 454 1579 490 Biset
1596 456 1653 491 vel

158 511 306 547 heredes
323 511 403 547 suos
422 531 430 539 ·
458 513 555 559 quod
581 510 666 547 abfit
687 531 696 540 ·
725 517 851 548 contra
874 511 1073 560 presentem
1096 510 1385 559 compositionem
1413 511 1505 546 velle
1532 512 1653 547 venire

158 568 323 604 volumus
347 574 384 604 et
406 569 651 605 constituimus
674 569 771 617 quod
795 569 922 616 absque
949 569 1048 604 omni
1073 568 1219 617 strepitu
1240 568 1402 617 judiciali
1419 573 1516 604 terra
1533 568 1592 604 sua
1610 569 1653 604 de

158 625 191 662 le
210 625 290 661 Ard
308 627 502 662 interdieto
526 627 745 675 supponatur
768 627 884 662 donec
906 626 1070 675 predsssto
1090 626 1264 675 Episcopo
1282 624 1496 663 moraviensi
1522 631 1557 661 et
1583 626 1655 662 suc-

158 684 344 719 cefl‘oribus
369 684 437 719 suis
463 685 566 733 super
591 684 762 733 predictis
787 684 968 732 sexaginta
993 684 1111 719 solidis
1135 685 1263 719 annuis
1285 684 1393 719 fuerit
1410 683 1549 731 plenius
1566 684 1655 719 satis-

157 741 291 776 faGkum
323 761 332 769 ·
368 742 621 778 nichilominus
651 742 828 778 reservata
857 742 1021 790 predksto
1050 741 1225 790 Episcopo
1252 747 1288 777 et
1314 741 1562 776 successoribus
1586 741 1655 777 suis

157 799 330 847 petitione
353 799 414 835 sua
437 800 540 848 super
567 801 671 836 terris
693 819 702 828 ·
730 813 819 835 cana
841 818 850 827 ·
876 805 912 835 et
941 805 1043 847 petra
1072 812 1152 835 cere
1182 799 1440 848 prenominatis
1463 818 1472 826 ·
1500 799 1655 834 termino

157 855 251 891 istius
274 858 523 893 conventionis
549 858 741 906 incipiente
764 858 803 893 in
823 857 946 905 vigilia
969 857 1092 894 Samffi
1110 857 1247 894 mathei
1264 855 1411 905 apostoli
1429 869 1524 892 anno
1542 856 1654 903 gratie

158 918 346 951 ·co⁰·cc⁰·L⁰·
371 916 500 951 o&avo
521 934 529 943 ·
567 916 612 951 In
635 915 737 964 cujus
762 916 814 951 rei
840 914 1080 951 testimonium
1106 915 1189 950 huic
1214 914 1343 962 scripto
1367 915 1405 950 in
1432 914 1540 949 modo
1567 914 1656 950 ciro-

156 973 282 1020 graphi
309 973 475 1008 confe&o
500 986 609 1021 penes
630 973 834 1021 predictum
852 973 1066 1021 Episcopum
1085 972 1345 1009 moraviensem
1369 978 1405 1008 et
1428 972 1506 1007 suos
1527 971 1655 1007 succes-

157 1030 250 1065 sores
264 1029 428 1065 refidenti
441 1043 514 1066 una
527 1044 609 1066 cum
623 1029 742 1078 sigillis
759 1030 886 1066 nostris
903 1029 1098 1079 appofitum
1113 1030 1162 1066 est
1177 1029 1328 1078 figillum
1347 1030 1500 1078 predicffi
1519 1030 1655 1066 domini

157 1087 332 1123 Johannis
359 1087 464 1135 Byset
486 1107 495 1116 ·
522 1088 624 1124 alteri
650 1102 737 1124 vero
763 1089 856 1136 parti
881 1101 991 1136 penes
1013 1088 1217 1136 predifi'mm
1241 1088 1428 1123 dominum
1450 1087 1655 1124 Johannem

159 1144 288 1192 Byseth
310 1146 508 1181 remanenti
526 1159 599 1181 una
617 1159 698 1181 cum
716 1145 834 1193 figillis
850 1145 977 1181 nostris
993 1144 1149 1194 appofita
1165 1146 1246 1181 sunt
1263 1144 1373 1193 figilla
1389 1145 1542 1193 preditffi
1560 1145 1656 1194 Epis-

158 1202 238 1250 copi
266 1208 302 1237 et
329 1203 474 1251 capituli
503 1202 733 1240 moraviensis
757 1222 765 1231 ·
801 1203 964 1239 Testibus
995 1203 1143 1239 domino
1170 1203 1426 1239 Bar-tholomeo
1453 1203 1628 1251 Flamang
1646 1222 1654 1230 ·

159 1259 305 1294 domino
330 1260 492 1296 Roberto
520 1261 638 1296 Biseth
661 1280 670 1288 ·
702 1261 848 1296 domino
871 1260 941 1295 ·W·
965 1260 1159 1308 Augustini
1182 1279 1192 1288 ·
1223 1260 1376 1295 dominis
1399 1260 1596 1296 Laurentio
1619 1266 1655 1296 et

160 1316 321 1352 Roberto
353 1318 455 1353 dictis
486 1318 607 1354 Grant
642 1338 651 1345 -
699 1318 846 1353 domino
876 1317 1097 1353 Archibaldo
1133 1318 1382 1353 archidiacono
1413 1316 1627 1354 moravienfi
1646 1337 1653 1345 ·

159 1374 323 1421 magistro
341 1375 508 1411 Johanne
526 1376 570 1411 de
592 1375 757 1411 Holbech
785 1395 794 1403 ·
823 1381 859 1411 et
877 1376 1024 1411 domino
1043 1375 1103 1411 -A-
1127 1376 1171 1411 de
1194 1375 1357 1410 Brauach
1382 1375 1560 1411 canonicis
1578 1377 1655 1412 mo-

159 1430 372 1468 ravienfibus
397 1452 405 1460 ·
434 1433 584 1468 Andrea
602 1434 646 1469 de
665 1433 871 1481 Garyntuly
889 1433 1017 1469 clerico
1037 1452 1045 1461 ·
1065 1438 1101 1468 et
1118 1432 1239 1468 multis
1256 1432 1333 1468 aliis
1347 1451 1356 1460 ·

161 1603 364 1640 Conventio
383 1605 477 1641 inter
495 1605 708 1653 Episcopum
728 1604 789 1640 ·A·
809 1610 845 1641 et
862 1604 984 1640 David
1002 1605 1046 1641 de
1065 1604 1225 1640 Graham
1244 1603 1394 1640 militem
1413 1623 1422 1632 ·

160 1720 435 1756 memorandum
461 1720 558 1767 quod
584 1732 665 1755 cum
695 1718 934 1755 controverfia
960 1719 1097 1755 diutina
1119 1724 1217 1754 mota
1240 1719 1324 1754 esset
1348 1719 1443 1755 inter
1468 1719 1648 1755 dominun

161 1776 428 1813 Archebaldum
447 1777 519 1812 Dei
542 1778 658 1824 gratia
681 1777 881 1825 episcopum
907 1776 1166 1814 moraviensem
1190 1789 1234 1812 ex
1258 1782 1358 1824 parte
1379 1789 1453 1812 una
1480 1782 1516 1812 et
1544 1777 1655 1812 domi-

128 1853 131 1855 ·
159 1846 246 1869 num
265 1834 386 1870 David
405 1835 449 1870 de
468 1834 628 1870 Graham
647 1835 796 1870 militem
819 1835 1002 1870 dominum
1027 1835 1072 1870 de
1090 1834 1232 1870 Loveth
1257 1847 1301 1870 ex
1327 1834 1439 1869 altera
1464 1834 1567 1883 super
1592 1835 1655 1883 pis-

160 1892 253 1927 caria
264 1892 307 1928 de
320 1892 399 1927 Effe
410 1892 566 1927 fluminis
581 1892 624 1927 de
637 1891 736 1927 Forn
748 1911 756 1920 ·
772 1892 916 1927 tandem
930 1891 1152 1940 supradietus
1166 1891 1332 1927 dominus
1344 1892 1464 1927 David
1479 1905 1544 1940 pro
1558 1892 1654 1929 bono

159 1949 253 1997 pacis
271 1954 306 1985 et
323 1955 470 1998 propter
488 1949 714 1985 affefifionem
733 1963 839 1997 quam
857 1950 964 1985 habet
984 1949 1030 1985 ad
1052 1949 1294 1998 supradie‘cum
1314 1949 1499 1985 dominum
1518 1950 1655 1987 Arche-

158 2005 301 2042 baldum
330 2006 531 2055 episcopum
559 2012 596 2043 et
622 2003 801 2043 ecclesiam
828 2007 1086 2044 moraviensem
1114 2013 1231 2043 totum
1254 2006 1314 2056 jus
1339 2007 1436 2055 quod
1462 2007 1571 2044 habet
1596 2008 1655 2044 vel

158 2063 287 2099 habere
304 2069 475 2112 poterunt
492 2064 564 2113 ipse
580 2065 639 2101 vel
657 2065 806 2100 heredes
822 2064 876 2100 sui
893 2065 931 2100 in
946 2070 1160 2114 perpetuum
1178 2065 1216 2100 in
1234 2065 1331 2100 dieta
1347 2065 1493 2113 piscaria
1506 2066 1652 2102 domino

160 2120 386 2157 Archebaldo
405 2122 566 2170 episcopo
585 2127 621 2158 et
638 2121 780 2158 ecclefie
798 2121 1012 2159 moravienfi
1029 2123 1141 2158 donat
1166 2127 1203 2158 et
1228 2122 1394 2158 concedit
1414 2123 1451 2158 in
1471 2136 1598 2171 puram
1616 2129 1652 2160 et

159 2184 364 2226 perpetuam
383 2178 607 2215 elemofinam
621 2199 629 2208 ·
659 2179 717 2215 Ita
732 2185 853 2216 tamen
867 2180 963 2228 quod
981 2180 1164 2228 predifitus
1183 2180 1377 2228 Episcopus
1393 2193 1459 2228 pro
1478 2181 1510 2216 se
1528 2186 1563 2216 et
1581 2181 1653 2216 suc-

159 2235 344 2272 cefforibus
365 2237 433 2272 suis
451 2243 487 2273 et
504 2236 646 2273 ecclefia
664 2237 878 2274 moravienfi
897 2243 1010 2274 totam
1028 2243 1161 2274 terram
1177 2237 1275 2273 suam
1293 2235 1434 2273 ecclefie
1452 2238 1496 2273 de
1516 2237 1651 2286 Kynta-

160 2292 282 2341 largyn
297 2307 377 2330 cum
391 2295 614 2343 pertinentiis
628 2300 666 2331 et
677 2295 824 2343 piscaria
836 2295 938 2332 totali
953 2314 961 2324 ·
976 2300 1048 2331 tam
1063 2308 1107 2332 ea
1117 2308 1224 2343 quam
1238 2295 1353 2331 eidem
1372 2294 1517 2331 donavit
1534 2295 1650 2330 dhstus
