2060 2660
61 681 128 717 193

555 182 870 220 REGISTRUM
899 184 1260 224 MORAVIENSE.
1578 196 1648 227 223

158 281 239 317 wod
259 281 398 316 re&ore
417 281 461 316 de
480 281 607 316 Cultre
627 300 635 308 ·
663 282 757 329 apud
777 282 989 330 Edinburgh
1008 284 1173 331 vigesimo
1192 292 1319 332 quarto
1342 287 1398 322 die
1423 287 1545 323 menfis
1562 290 1649 326 Julii

158 352 252 374 anno
281 338 430 374 Domini
456 337 636 375 millesimo
662 339 1009 387 quadringentesimo
1035 341 1322 390 quinquagesimo
1346 344 1461 391 primo
1487 351 1522 380 et
1549 349 1649 394 regni

157 395 263 431 nostri
282 396 419 431 decimo
437 396 563 443 quinto
583 415 591 423 ·

156 567 264 602 Carta
281 568 473 604 erectionis
491 575 668 605 terrarum
687 569 828 606 ecclefie
847 570 1077 607 moraviensis
1095 571 1132 606 in
1150 571 1334 607 baroniam
1354 571 1398 607 de
1418 572 1537 620 Spyny
1556 592 1563 599 ·

154 682 308 718 Jacobus
330 683 401 719 Dei
419 686 533 732 gratia
553 685 634 720 Rex
652 685 841 722 Scotorum
867 685 1031 721 omnibus
1055 686 1174 734 probis
1197 686 1400 722 hominibus
1423 688 1532 723 totius
1558 693 1650 723 terre

154 739 211 775 sue
230 740 365 777 clericis
383 748 418 778 et
436 743 534 778 laicis
553 743 697 779 salutem
714 763 722 771 ·
750 743 874 779 Sciatis
893 757 958 779 nos
976 744 1021 779 ad
1039 744 1182 779 laudem
1201 750 1236 780 et
1254 744 1403 792 gloriam
1425 744 1555 780 Samste
1570 745 1651 781 Tri-

154 797 273 833 nitatis
298 805 333 834 et
361 800 406 835 ob
432 806 534 848 grata
561 800 724 848 obsequia
746 814 809 849 per
832 802 1069 837 reverendum
1093 802 1130 836 in
1153 801 1267 838 Cristo
1291 808 1428 850 patrem
1449 803 1652 839 Johannem

154 855 355 904 episcopum
374 859 636 894 moraviensem
655 858 891 894 consiliarium
910 859 1067 894 nostrum
1096 859 1268 895 dile&um
1293 860 1472 907 quondam
1498 861 1653 908 genitori

153 912 271 948 nostro
301 915 490 951 recolende
519 917 690 952 memorie
719 917 963 965 multipliciter
986 917 1206 965 temporibus
1228 917 1296 953 suis
1314 917 1469 966 impensa
1495 923 1530 954 et
1551 918 1653 954 nobis

153 983 216 1017 per
234 971 344 1018 ipsum
365 972 518 1008 fideliter
537 974 746 1009 continuata
764 994 772 1001 ·
792 973 989 1010 conceffiffe
1011 979 1046 1010 et
1067 974 1133 1010 hac
1150 975 1304 1022 presenti
1322 980 1420 1011 carta
1437 975 1554 1011 nostra
1571 989 1653 1011 con-

153 1027 303 1063 firmasse
330 1029 428 1065 ἀίἇὶο
454 1031 652 1067 reverendo
675 1031 712 1066 in
737 1031 876 1067 Christo
903 1032 995 1079 patri
1016 1031 1175 1068 Johanni
1198 1032 1360 1081 episcopo
1379 1032 1591 1069 moraviensi
1619 1040 1654 1069 et

155 1085 221 1120 suis
248 1085 496 1123 successoribus
522 1087 662 1124 ecclefie
691 1088 921 1125 ffloravienfis
949 1090 1117 1138 episcopis
1144 1103 1268 1125 omnes
1295 1095 1330 1126 et
1358 1089 1511 1138 fingulas
1541 1097 1653 1127 terras

154 1142 301 1179 baronie
326 1144 370 1180 de
389 1145 496 1193 Spine
523 1159 603 1181 cum
631 1146 699 1181 suis
724 1147 949 1194 pertinentiis
973 1147 1220 1195 dependentiis
1247 1154 1283 1183 et
1308 1148 1456 1183 annexis
1475 1168 1483 1176 ·
1511 1162 1652 1184 necnon

155 1206 247 1235 totas
272 1207 307 1237 et
331 1202 486 1250 integras
511 1203 672 1239 baronias
691 1210 726 1239 et
744 1209 856 1239 terras
875 1204 1109 1252 infrascriptas
1127 1205 1292 1240 videlicet
1309 1205 1472 1240 baronias
1491 1206 1534 1241 de
1555 1206 1654 1254 Kyn-

155 1259 269 1293 nedor
284 1279 292 1286 ·
312 1260 356 1295 de
373 1260 533 1308 Byrneth
550 1281 557 1289 ·
577 1262 621 1297 de
637 1262 820 1297 Rothenet
838 1262 897 1297 seu
917 1262 1057 1297 Roffert
1071 1281 1079 1289 ·
1100 1262 1143 1297 de
1159 1262 1356 1298 Fotherues
1371 1281 1379 1290 ·
1395 1269 1430 1298 et
1445 1263 1489 1298 de
1506 1263 1626 1311 Keyth
1643 1283 1651 1291 ·

155 1329 195 1351 ac
213 1322 305 1352 totas
324 1323 359 1352 et
377 1318 532 1366 integras
546 1324 658 1354 terras
673 1325 708 1354 et
726 1324 931 1355 tenementa
946 1339 954 1347 -
973 1319 1093 1367 glebas
1112 1338 1120 1347 ·
1135 1332 1233 1355 acras
1251 1333 1291 1355 ac
1309 1319 1438 1355 croftas
1456 1320 1501 1355 ad
1520 1320 1652 1356 dictam

156 1372 333 1409 ecclefiam
365 1376 622 1412 moraviensem
655 1377 845 1412 canonicos
879 1382 914 1412 et
945 1377 1145 1425 capellanos
1177 1376 1331 1425 ejusdem
1363 1377 1588 1424 rectoresque
1617 1384 1652 1413 et

155 1430 304 1466 vicarios
329 1433 424 1468 difflz
451 1434 638 1481 dyoceseos
666 1434 848 1470 existentia
874 1440 909 1470 et
932 1434 1025 1469 infra
1052 1434 1319 1470 vicecomitatus
1345 1434 1388 1470 de
1417 1434 1591 1471 Inuernes
1617 1441 1653 1471 et

156 1488 280 1524 Bamfe
288 1489 445 1537 jacentia
458 1510 465 1518 ·
480 1491 644 1527 videlicet
658 1498 770 1527 terras
785 1492 828 1527 de
842 1492 977 1527 duabus
991 1491 1177 1539 Kylmileis
1190 1511 1198 1519 ·
1212 1492 1255 1527 de
1267 1492 1403 1527 duabus
1417 1491 1630 1528 Abreochiis
1642 1513 1650 1520 ·

156 1545 200 1580 de
220 1546 425 1583 Abbirterfe
445 1567 453 1575 ·
482 1548 526 1583 de
545 1548 738 1597 Bullessqn
758 1568 766 1576 -
795 1550 838 1584 de
858 1549 1002 1584 Forthir
1022 1568 1029 1577 ·
1058 1555 1093 1585 et
1118 1555 1229 1584 terras
1253 1550 1296 1585 de
1319 1550 1476 1597 maragio
1495 1550 1539 1585 de
1559 1550 1652 1585 Stra-

156 1602 236 1650 spey
255 1622 263 1630 ·
291 1609 403 1639 terras
430 1605 473 1640 de
495 1606 786 1654 Rothymurchus
811 1626 819 1634 ·
848 1607 1011 1642 davatam
1037 1607 1081 1642 de
1106 1606 1139 1642 le
1158 1606 1283 1642 Ynche
1302 1626 1310 1634 ·
1339 1607 1502 1642 davatam
1522 1607 1566 1642 de
1584 1607 1651 1642 La-

154 1660 360 1706 gankenzee
376 1682 383 1689 ·
404 1676 483 1697 cum
504 1663 650 1698 lacubus
677 1670 712 1699 et
738 1665 883 1712 piscaria
906 1664 1099 1700 earundem
1123 1670 1299 1699 terrarum
1319 1683 1327 1692 ·
1347 1677 1429 1699 cum
1447 1670 1546 1700 turre
1565 1664 1651 1700 dieti

155 1717 251 1753 lacus
270 1718 313 1753 de
333 1719 571 1767 Lagankenze
591 1740 598 1748 ·
624 1721 776 1756 mediam
796 1722 959 1756 davatam
978 1722 1022 1757 de
1042 1721 1280 1757 Colnakewill
1299 1741 1307 1749 ·
1335 1726 1447 1757 terras
1467 1721 1510 1756 de
1530 1722 1651 1757 Auch-

156 1787 263 1821 mony
282 1781 316 1811 et
338 1776 560 1813 Kirkmichel
584 1798 592 1806 ·
620 1784 732 1814 terras
755 1779 799 1814 de
820 1779 1013 1826 Kyncardy
1036 1784 1072 1814 et
1093 1778 1302 1825 Kyncardin
1330 1799 1338 1806 ·
1367 1778 1486 1814 villam
1510 1778 1650 1815 ecclefie

124 1834 127 1836 ’
156 1832 199 1867 de
219 1832 458 1870 Dolesmic-hel
479 1854 487 1862 ·
506 1835 606 1871 villas
634 1835 856 1872 ecclesiarum
884 1837 928 1872 de
955 1835 1075 1884 Eikyll
1098 1841 1134 1872 et
1158 1836 1310 1884 Duppill
1330 1855 1338 1864 ·
1358 1836 1402 1872 de
1422 1836 1560 1872 Rothes
1578 1855 1586 1864 ·
1607 1837 1650 1872 de

157 1889 262 1926 Altre
277 1910 285 1918 ·
305 1904 385 1926 cum
405 1892 440 1940 ly
459 1891 538 1928 Ord
559 1893 714 1941 ejusdem
733 1894 929 1941 vulgariter
946 1894 980 1929 le
998 1893 1078 1930 Ord
1097 1894 1260 1942 Episcopi
1279 1899 1486 1942 nuncupato
1501 1913 1509 1921 ·
1529 1894 1650 1929 villam

156 1946 296 1983 ecclesie
314 1949 358 1984 de
376 1949 549 1997 Kynnore
566 1970 574 1978 ·
603 1957 638 1986 et
657 1951 786 1987 croftas
804 1957 840 1987 et
857 1964 954 1987 acras
968 1949 1191 1987 ecclesiarum
1209 1951 1253 1987 de
1274 1950 1453 1999 Kyngufie
1472 1957 1507 1986 et
1526 1951 1650 1986 Inuer-

156 2004 265 2040 elzem
285 2025 293 2033 ·
314 2006 357 2041 de
370 2006 527 2043 Warlaw
543 2027 550 2036 ·
571 2008 614 2044 de
634 2008 729 2056 Dyik
744 2028 752 2036 ·
773 2009 816 2044 de
833 2008 1053 2057 Dultargusy
1068 2028 1076 2037 ·
1091 2015 1127 2044 et
1144 2009 1278 2057 capelle
1297 2009 1341 2044 de
1361 2009 1446 2044 Rait
1465 2028 1472 2036 ·
1491 2014 1650 2057 portum-

156 2075 223 2108 que
241 2068 277 2098 et
295 2063 475 2111 piscariam
494 2079 584 2112 aque
605 2066 648 2101 de
668 2066 820 2114 Loffyne
836 2086 843 2094 ·
863 2066 1133 2114 tenendriasque
1150 2066 1235 2102 ville
1254 2065 1395 2102 ecclesie
1414 2066 1457 2102 de
1476 2066 1619 2101 Deveth
1640 2085 1647 2093 ·

157 2118 321 2156 Artralze
338 2140 346 2148 ·
367 2120 464 2169 Croy
477 2142 485 2149 ·
505 2124 593 2170 moy
606 2142 614 2150 ·
635 2123 886 2159 Duldawauch
901 2143 909 2151 ·
930 2124 1039 2159 Ewan
1054 2143 1062 2151 ·
1085 2123 1211 2160 Undist
1223 2143 1231 2152 ·
1251 2123 1405 2159 Lochlin
1422 2123 1481 2159 seu
1502 2123 1649 2159 Innerin

156 2183 361 2225 nuncupato
380 2178 424 2213 de
439 2178 637 2215 Abbirlour
649 2200 657 2208 ·
678 2180 884 2229 Butruthyn
897 2200 905 2209 ·
926 2180 1151 2217 Arthilldoill
1163 2200 1171 2209 ·
1191 2187 1227 2217 et
1244 2182 1288 2217 de
1308 2181 1402 2217 Core
1421 2181 1465 2216 de
1485 2180 1648 2228 Kynner-

156 2235 281 2270 mouth
301 2255 309 2263 ·
335 2237 379 2272 de
399 2237 549 2286 Avachy
569 2258 576 2266 ·
603 2239 647 2274 de
669 2239 952 2287 Kyntallargyne
978 2252 1059 2275 cum
1085 2239 1121 2287 ly
1149 2239 1227 2275 Effe
1254 2246 1289 2275 et
1315 2239 1459 2287 piscaria
1485 2250 1574 2284 aque
1603 2237 1646 2272 de
