1912 2660
281 132 356 164 340
675 128 779 164 REG
788 128 992 166 ISTRUM
1022 128 1386 166 MORAVIENSE.

286 225 443 261 nostrum
466 226 629 263 ordinem
651 227 900 275 presbiteratus
923 241 998 263 non
1022 233 1205 276 receperat
1226 227 1318 262 infra
1341 240 1477 262 annum
1497 247 1504 255 ·
1528 234 1673 277 propter
1691 233 1787 278 quod

287 288 364 319 erat
381 283 544 320 inhabilis
567 285 612 320 ad
638 285 840 333 hujusmodi
867 285 1147 321 confirmationis
1168 284 1381 320 beneficium
1409 284 1643 332 optinendum
1663 307 1672 315 ·
1700 288 1788 324 inhi-

290 341 398 377 buiffe
418 342 482 377 tibi
507 343 637 379 dicitur
662 357 708 379 ne
733 344 866 379 dietam
891 343 1106 379 electionem
1130 342 1353 388 aliquatenus
1380 342 1609 379 confirmares
1625 364 1634 372 ·
1661 345 1787 393 Sicque

286 405 452 447 pretextu
483 400 703 437 inhibitionis
731 401 931 450 hujusmodi
960 400 1057 435 dieta
1083 397 1318 434 Waradienfis
1346 398 1488 435 ecclelia
1514 402 1707 438 vacationis
1737 404 1788 439 in-

287 457 477 493 commoda
500 459 728 507 compellitur
746 458 898 504 experiri
918 476 926 485 ·
956 457 1048 492 Cum
1074 456 1192 503 itaque
1214 461 1256 491 ut
1278 456 1439 492 asseritur
1463 457 1560 493 dicta
1584 459 1726 495 ecclesia
1744 461 1787 497 de

287 514 410 551 Castro
430 515 562 552 Ferreo
588 529 662 551 non
684 515 894 564 parochialis
918 514 976 550 sed
1001 513 1188 560 collegiata
1206 512 1329 548 existat
1348 533 1356 541 ·
1379 514 1428 550 ita
1446 516 1540 562 quod
1567 517 1611 551 ad
1638 517 1788 566 preposi-

284 578 401 608 turam
426 573 534 619 ipsam
560 574 592 609 se
618 573 714 609 ἀὶἇὶει
735 572 940 608 constitutio
963 584 1032 618 que
1057 575 1197 606 tantum
1223 571 1267 607 de
1291 572 1553 618 parochialibus
1577 574 1728 611 ecclefiis
1753 582 1788 612 et

283 630 462 679 afl'umptis
489 632 534 666 ad
562 631 721 679 regimen
744 630 944 665 animarum
971 628 1131 676 loquitur
1155 641 1230 663 non
1255 629 1417 665 extendit
1439 650 1447 657 ·
1470 643 1535 678 pro
1553 637 1654 677 parte
1674 633 1787 669 ‹liesto-

282 701 362 723 rum
392 688 498 724 elec‘ti
523 694 558 724 et
581 688 725 737 capituli
756 687 823 723 fuit
845 687 947 722 nobis
971 686 1155 722 humiliter
1183 687 1416 735 supplicatum
1444 693 1485 723 ut
1508 690 1657 736 provide
1685 691 1788 739 super

285 746 353 781 hoc
377 746 420 782 de
438 746 658 794 benignitate
677 746 764 781 sedis
781 744 969 793 apostolice
984 757 1191 780 curaremus
1210 763 1218 772 ·
1247 744 1325 780 Nos
1343 750 1463 781 autem
1485 747 1646 794 predffie
1666 748 1787 785 Wara-

285 803 393 840 dienfi
422 804 562 840 ecclesie
594 818 638 840 ne
667 803 829 839 ulteriori
856 802 1034 838 vacationi
1066 802 1242 850 subjaceat
1270 807 1419 849 paterna
1447 804 1608 841 volentes
1637 806 1788 842 beatitu-

284 862 367 898 dine
392 863 580 911 providere
601 882 609 890 ·
638 861 851 897 fraternitati
873 860 986 896 vestre
1014 873 1078 908 per
1102 859 1292 906 apostolica
1316 861 1443 909 scripta
1467 863 1677 899 mandamus
1704 878 1787 912 qua-

282 920 378 955 tinus
397 940 405 948 ·
425 920 517 956 veris
537 919 763 955 existentibus
781 918 991 967 supradictis
1012 938 1019 946 ·
1043 923 1083 954 tu
1102 918 1212 953 frater
1230 918 1392 966 predie‘oe
1412 919 1686 969 Arcliiepiscope
1705 935 1786 957 cum

282 990 407 1013 eorum
426 978 538 1013 altero
558 997 566 1005 ·
585 976 609 1012 fi
628 989 751 1012 omnes
770 977 836 1011 hiis
860 976 1092 1024 exsequendis
1110 976 1343 1024 nequiveritis
1361 977 1523 1013 interess'e
1540 997 1547 1005 ·
1568 978 1729 1026 inquisita
1744 981 1787 1016 de

283 1036 391 1071 modo
419 1035 604 1070 electionis
630 1034 750 1070 studiis
777 1035 988 1082 eligentium
1018 1048 1058 1070 ac
1083 1034 1190 1070 electi
1219 1035 1355 1070 meritis
1383 1035 1590 1082 diligentius
1609 1037 1758 1073 veritate
1778 1058 1785 1066 ·

282 1092 304 1128 fi
324 1093 456 1129 dictam
476 1093 690 1129 electionem
710 1093 918 1129 inveneritis
936 1093 1022 1128 alias
1041 1093 1084 1128 de
1103 1092 1253 1138 persona
1276 1092 1417 1141 ydonea
1444 1094 1614 1130 canonice
1634 1095 1787 1131 celebra-

281 1157 354 1186 tam
374 1171 381 1178 ·
401 1151 616 1186 a116‘coritate
635 1150 753 1186 nostra
770 1151 989 1186 confirmetis
1003 1150 1153 1187 eandem
1170 1170 1177 1178 ·
1197 1150 1367 1186 facientes
1385 1164 1406 1185 a
1424 1150 1492 1186 suis
1511 1151 1656 1187 subditis
1672 1153 1785 1189 eidem

282 1208 398 1244 eleeto
416 1209 658 1245 reverenciam
679 1213 714 1244 et
733 1209 977 1245 obedienciam
998 1208 1153 1244 debitam
1173 1208 1332 1244 exhiberi
1348 1227 1355 1235 ·
1385 1208 1442 1244 Ac
1461 1209 1693 1246 nihilominus
1711 1224 1789 1259 pre-

280 1267 349 1301 fate
380 1266 654 1315 Archiepiseope
674 1286 682 1294 ·
707 1266 889 1315 adjuntffis
912 1266 977 1302 tibi
1002 1266 1142 1302 duobus
1167 1266 1224 1302 vel
1250 1266 1362 1302 tribus
1387 1267 1556 1315 episcopis
1579 1268 1730 1315 gratiam
1753 1276 1788 1305 et

281 1324 573 1360 communionem
591 1324 679 1360 sedis
697 1324 886 1373 apostolice
906 1324 1150 1373 optinentibus
1170 1343 1178 1352 ·
1201 1324 1366 1372 predicto
1386 1324 1503 1360 electo
1524 1338 1653 1361 munus
1671 1327 1788 1363 conse-

281 1382 448 1417 crationis
475 1382 682 1431 impendas·
711 1382 888 1430 Alioquin
912 1382 1036 1418 eadem
1064 1382 1242 1418 elefitione
1267 1382 1334 1417 rite
1361 1382 1487 1418 cassata
1506 1402 1514 1410 ·
1540 1388 1671 1419 extunc
1700 1385 1788 1420 cele-

281 1441 417 1476 branda
439 1441 568 1476 electio
595 1441 756 1489 prediste
775 1439 1026 1477 Wardanenfis
1045 1439 1186 1476 ecclefie
1204 1440 1248 1475 ad
1272 1453 1332 1476 eos
1356 1440 1401 1475 ad
1427 1453 1517 1488 quos
1540 1441 1583 1476 de
1604 1441 1688 1490 jure
1712 1456 1787 1491 per-

281 1499 371 1534 tinet
403 1498 613 1534 devolvatur
638 1519 646 1526 ·
692 1499 831 1534 Datum
859 1499 955 1547 apud
982 1497 1120 1535 Urbem
1148 1503 1307 1534 veterem
1337 1497 1434 1533 ·xiiii·
1465 1498 1646 1535 Kalendas
1671 1500 1758 1536 Julii
1779 1520 1786 1527 ·

282 1568 377 1591 anno
396 1555 549 1591 seeundo
570 1576 577 1584 ·

283 1613 362 1661 Ego
382 1613 514 1649 Paulus
533 1614 576 1650 de
597 1614 711 1650 Reate
729 1613 919 1663 apostolica
941 1614 1157 1649 auetoritate
1185 1618 1221 1649 et
1245 1626 1342 1649 nunc
1369 1626 1510 1650 camere
1538 1614 1673 1650 domini
1694 1615 1787 1662 Pape

282 1671 442 1707 notarius
471 1672 649 1719 prediGtas
677 1672 796 1708 literas
824 1677 932 1720 prout
959 1672 996 1707 in
1020 1672 1158 1720 prefato
1184 1671 1330 1719 registro
1358 1671 1494 1706 domini
1526 1672 1673 1708 martini
1697 1686 1787 1721 pape

284 1729 380 1777 quod
401 1729 435 1764 in
454 1730 599 1765 archivo
623 1730 778 1778 ejusdem
806 1743 947 1766 camere
975 1730 1207 1765 conservatur
1234 1729 1355 1764 inveni
1381 1729 1425 1764 de
1443 1728 1554 1764 verbo
1572 1730 1616 1765 ad
1637 1730 1786 1766 verbum

285 1786 467 1822 transcribi
486 1786 552 1822 feci
571 1806 579 1814 ·
613 1793 648 1822 et
673 1787 901 1836 transcriptas
929 1800 1011 1823 cum
1034 1787 1107 1835 ipso
1132 1786 1280 1835 registro
1298 1792 1333 1822 et
1351 1786 1499 1822 literatis
1517 1787 1602 1823 viris
1622 1787 1786 1835 magistro

287 1844 465 1880 Reinaldo
493 1845 666 1880 canonico
687 1844 866 1882 Setenenfi
884 1851 920 1881 et
939 1845 1104 1893 magistro
1124 1845 1306 1893 Gregorio
1333 1844 1377 1880 de
1404 1844 1569 1893 Arapino
1597 1845 1788 1893 diligenter

286 1908 321 1938 et
339 1902 492 1938 fideliter
510 1902 702 1938 auscultavi
722 1922 730 1931 ·
751 1908 786 1939 et
809 1904 846 1939 in
871 1903 1112 1939 testimonium
1130 1902 1396 1939 auscultationis
1415 1915 1534 1939 meum
1553 1901 1703 1950 figillum
1729 1917 1789 1951 ap-

286 1960 383 2009 posui
400 1980 408 1988 ·
434 1965 470 1996 et
487 1960 531 1995 ad
551 1960 722 2008 majorem
741 1962 993 1997 certitudinem
1014 1961 1183 1997 discretus
1206 1960 1261 1996 vir
1283 1959 1446 2008 magister
1464 1960 1599 2008 Guydo
1619 1961 1663 1996 de
1682 1960 1787 1996 Nova

286 2018 370 2054 villa
388 2018 580 2053 canonicus
605 2017 864 2054 Lemovicenfis
893 2019 1028 2054 domini
1059 2019 1153 2068 Pape
1178 2018 1382 2065 capellanus
1410 2023 1446 2054 et
1472 2018 1656 2054 literarum
1686 2017 1789 2067 ipsius

285 2076 568 2125 supradi&arum
587 2076 730 2111 auditor
748 2075 898 2124 sigillum
917 2077 1103 2113 audiencie
1118 2076 1424 2113 contradi&arum
1443 2075 1526 2111 huic
1544 2076 1672 2124 scripto
1692 2089 1787 2111 man·

286 2135 384 2171 davit
402 2134 531 2182 apponi
552 2153 559 2161 ·
590 2133 727 2169 Actum
743 2134 915 2180 Tyburne
931 2154 938 2162 ·
960 2135 1018 2170 sub
1033 2148 1128 2170 anno
1142 2135 1294 2170 Domini
1309 2133 1571 2172 ·m⁰·cc⁰·lxxxv·
1591 2134 1788 2169 indififione

289 2193 360 2228 -xii-
379 2191 496 2227 mense
517 2190 692 2239 Augusti·
712 2192 838 2239 quinto
858 2192 914 2227 die
933 2192 1088 2229 intrante
1104 2212 1112 2221 ·
1127 2192 1356 2241 pontificatus
1375 2191 1509 2227 domini
1528 2191 1684 2227 Honorii
1700 2204 1786 2239 pape

289 2251 360 2299 -iiij·
380 2262 475 2285 anno
494 2249 609 2297 primo
629 2269 637 2277 ·
