1912 2660
107 1207 176 1239 238

613 191 928 229 REGISTRUM
956 193 1317 232 MORAVIENSE.
1634 205 1704 243 307

217 289 467 326 nichilominus
490 290 730 325 conventione
749 291 785 325 in
804 290 865 325 suo
893 291 1022 326 robore
1048 291 1278 338 perhenniter
1306 294 1475 330 duratura
1493 314 1501 322 ·
1530 301 1565 331 et
1582 297 1614 332 se
1632 298 1706 333 sub-

209 348 375 395 jecerunt
392 346 632 395 jurisdictioni
657 347 806 395 episcopi
827 347 1057 384 moravienfis
1081 354 1116 383 et
1139 348 1296 384 officialis
1315 350 1364 385 sui
1383 352 1445 397 qui
1463 365 1528 399 pro
1546 358 1706 402 tempore

215 403 389 454 [fuerint]
408 410 449 439 ut
467 404 571 439 liceat
590 404 639 439 eis
657 405 713 440 vel
734 418 858 440 eorum
878 405 980 440 alteri
999 418 1059 440 eos
1077 405 1121 440 ad
1141 405 1421 442 observationem
1450 410 1611 445 omnium
1630 425 1707 459 pre-

213 462 391 498 mifforum
420 475 484 509 per
513 462 754 497 omnimodam
785 462 967 497 censuram
992 461 1254 498 ecclesiasticam
1283 463 1471 499 districtius
1488 466 1678 503 cohercere
1698 488 1705 496 ·

213 519 289 555 Nos
306 533 392 554 vero
412 519 456 554 de
473 519 588 566 gratia
606 519 723 554 nostra
744 520 881 568 speciali
906 520 1069 568 predicto
1088 520 1246 556 Johanni
1273 526 1308 556 et
1335 521 1524 557 heredibus
1542 523 1608 558 suis
1626 537 1708 560 con-

211 575 369 612 ceffimus
400 590 465 625 pro
497 576 600 612 nobis
628 582 664 612 et
691 577 940 612 succefforibus
966 577 1092 612 nostris
1119 583 1159 612 ut
1185 578 1488 626 quotienscunque
1514 581 1707 627 predictam

210 634 380 682 capellam
399 647 525 670 vacare
544 635 736 682 contigerit
753 635 933 683 ydoneum
957 635 1182 682 capellanum
1202 635 1247 670 ad
1266 636 1394 670 dictam
1415 636 1585 683 capellam
1609 638 1709 673 nobis

210 698 245 728 et
258 691 507 727 succefforibus
521 691 646 727 nostris
658 692 801 727 valeant
818 692 1020 740 presentare
1040 711 1048 719 -
1070 692 1114 727 In
1128 705 1281 739 quorum
1296 693 1456 728 omnium
1472 693 1707 730 testimonium

209 748 359 797 sigillum
378 749 536 785 nostrum
554 751 777 786 autenticum
796 763 961 785 unacum
974 748 1086 797 figillo
1101 750 1284 785 communi
1303 750 1449 796 capituli
1467 751 1657 799 supradicti
1669 766 1708 788 ac

208 806 359 855 magistri
372 807 522 856 Eustacij
543 808 709 856 perpetui
727 807 848 855 vicarij
870 808 914 843 de
936 807 1129 855 Inuernyss
1147 808 1326 855 prenotati
1344 808 1562 856 presentibus
1581 811 1716 858 apponi,

208 865 355 900 fecimus
371 885 378 893 ·
399 866 495 914 apud
514 866 623 914 Spyni
639 866 695 901 die
710 865 882 914 mercurij
899 866 1064 914 proximo
1079 865 1155 913 post
1172 865 1294 900 festum
1310 866 1401 901 beati
1421 866 1515 901 Petri
1531 867 1575 901 ad
1589 866 1710 902 vincu-

208 923 242 957 la
254 943 262 950 ·
290 923 402 959 Anno
422 924 536 971 gratie
556 943 564 951 ·
580 922 759 961 millesimo
780 943 788 951 ·
807 922 1045 959 tricentefimo
1061 942 1069 950 ·
1089 922 1303 971 sexagesimo
1322 923 1437 972 primo
1452 943 1460 951 ·

207 1096 386 1131 Fundatio
405 1096 539 1145 capelle
559 1110 599 1132 ac
618 1097 725 1132 etiam
745 1096 940 1145 capellanie
958 1096 1059 1132 beate
1080 1096 1193 1133 marie
1212 1096 1373 1143 Virginis
1391 1096 1435 1131 de
1455 1096 1632 1144 Inuernys
1651 1115 1659 1123 ·

208 1210 386 1246 Omnibus
404 1211 466 1246 has
483 1211 604 1246 literas
620 1211 744 1246 visuris
758 1211 815 1247 vel
834 1211 1009 1246 audituris
1022 1211 1206 1247 Johannes
1221 1210 1305 1246 Scot
1323 1210 1502 1258 burgensis
1521 1212 1565 1247 de
1585 1212 1708 1247 Inuer-

206 1281 270 1316 nys
289 1268 435 1304 salutem
454 1269 491 1304 in
511 1269 672 1305 Domino
694 1288 702 1296 ·
731 1269 888 1305 Noverit
901 1267 1110 1303 universitas
1125 1267 1237 1303 vestra
1255 1281 1312 1303 me
1326 1269 1440 1303 teneri
1460 1274 1495 1304 et
1508 1269 1578 1305 fide
1592 1269 1708 1304 media

205 1326 342 1361 firmius
369 1326 517 1374 obligari
545 1327 691 1362 domino
721 1326 804 1362 Ade
834 1326 878 1361 de
906 1326 1054 1374 Narryn
1082 1325 1266 1374 capellano
1294 1331 1329 1361 et
1355 1325 1602 1362 suecessoribus
1641 1326 1708 1361 suis

205 1384 396 1432 capellanis
414 1384 475 1431 qui
493 1398 558 1433 pro
577 1390 739 1433 tempore
758 1384 891 1419 suerint
907 1384 943 1418 in
957 1384 1092 1432 capella
1109 1383 1210 1419 beate
1225 1384 1339 1420 marie
1354 1384 1514 1432 Virginis
1528 1385 1572 1420 de
1586 1385 1708 1420 Inuer-

205 1454 270 1489 nys
302 1442 423 1476 divina
450 1441 488 1477 in
520 1448 732 1490 perpetuum
767 1441 1028 1477 celebrantibus
1061 1441 1097 1476 in
1128 1447 1272 1477 centum
1307 1441 1424 1477 solidis
1457 1441 1705 1490 sterlingorum

204 1499 387 1534 annuatim
409 1500 643 1547 percipiendis
662 1513 683 1534 a
701 1513 757 1535 me
777 1506 812 1535 et
831 1499 1022 1534 heredibus
1050 1499 1137 1534 meis
1162 1499 1199 1534 in
1223 1505 1433 1547 perpetuum
1454 1500 1498 1535 ad
1517 1500 1606 1535 duos
1624 1500 1707 1535 anni

203 1559 375 1591 terminos
395 1576 402 1584 ·
423 1557 650 1592 medietatem
671 1557 800 1592 scilicet
824 1556 868 1592 ad
892 1555 1020 1591 festum
1041 1556 1264 1592 Pentecostes
1290 1565 1325 1592 et
1348 1556 1453 1592 aliam
1480 1557 1705 1593 medietatem

201 1613 247 1649 ad
264 1613 389 1649 festum
405 1614 524 1650 Sancti
540 1615 686 1651 martini
704 1615 740 1649 in
754 1627 857 1662 yeme
876 1633 884 1641 ·
905 1613 1037 1649 Fateor
1057 1627 1112 1649 me
1134 1614 1238 1649 etiam
1259 1619 1294 1649 et
1311 1614 1459 1649 heredes
1477 1627 1575 1650 meos
1593 1616 1705 1650 teneri

201 1671 245 1707 ad
264 1671 541 1707 construendum
562 1673 662 1707 disto
690 1672 836 1707 domino
856 1672 942 1707 Ade
961 1678 997 1706 et
1020 1671 1256 1706 successoribis
1274 1671 1341 1706 suis
1363 1672 1553 1719 capellanis
1574 1672 1611 1707 in
1629 1685 1706 1720 per-

201 1735 349 1777 petuum
369 1749 377 1757 ·
397 1730 490 1765 infra
509 1730 664 1778 primum
687 1743 820 1765 annum
837 1729 1005 1764 introitus
1024 1729 1111 1764 dicti
1130 1729 1266 1764 domini
1286 1729 1368 1764 Ade
1384 1748 1392 1756 ·
1412 1729 1549 1764 edificia
1566 1743 1705 1778 compe-

205 1787 317 1822 tentia
335 1787 437 1835 super
456 1787 544 1822 duas
564 1788 754 1836 perticatas
772 1793 867 1822 terre
883 1786 1044 1835 jacentes
1062 1786 1231 1834 contigue
1249 1799 1360 1834 prope
1378 1799 1522 1821 murum
1541 1787 1702 1836 cimiterij

174 1839 335 1892 'capelle
369 1845 551 1880 antedifflae
587 1858 631 1880 ex
666 1850 766 1893 parte
798 1844 962 1880 orientali
991 1843 1146 1892 ejusdem
1175 1862 1183 1871 ·
1221 1856 1373 1891 quarum
1403 1857 1515 1879 unam
1548 1845 1700 1880 contulit

204 1902 361 1939 matildis
380 1902 496 1938 Deefe
520 1902 683 1951 predi&e
707 1902 841 1950 capelle
860 1921 868 1929 ·
896 1902 1043 1937 alteram
1062 1915 1149 1937 vero
1176 1914 1244 1949 ego
1272 1906 1308 1936 et
1333 1901 1482 1937 heredes
1509 1902 1578 1937 mei
1605 1908 1701 1938 tene-

202 1973 281 1995 mus
300 1961 343 1996 de
362 1961 495 1996 vicario
514 1961 558 1996 de
579 1960 757 2008 Inuernys
776 1960 835 2008 qui
849 1973 915 2008 pro
933 1964 1094 2005 tempore
1113 1959 1220 1994 fuerit
1239 1978 1247 1986 ·
1266 1972 1333 1994 nec
1351 1972 1425 1993 non
1440 1959 1482 1994 ad
1498 1959 1696 1995 faciendum

202 2023 462 2066 competentem
482 2018 681 2054 clausuram
701 2018 795 2053 circa
813 2017 910 2053 dicta
928 2017 1066 2052 edificia
1083 2022 1119 2052 et
1141 2021 1260 2052 ortum
1285 2017 1523 2064 pertinentem
1548 2017 1673 2053 eisdem
1691 2037 1698 2044 ·

203 2076 356 2111 termino
393 2076 561 2112 introitus
596 2076 686 2111 diffi
722 2076 859 2111 domini
888 2075 971 2110 Ade
999 2074 1192 2123 incipiente
1223 2074 1268 2109 ad
1302 2073 1424 2109 festum
1461 2074 1697 2122 apostolorum

204 2133 354 2182 Philippi
383 2140 418 2170 et
443 2134 567 2171 Jacobi
595 2134 679 2169 anni
704 2133 855 2168 Domini
881 2130 1053 2168 millesimi
1080 2130 1306 2167 tricentefimi
1331 2130 1531 2179 sexagesimi
1558 2132 1697 2167 secundi

201 2192 370 2227 tenendas
397 2198 431 2228 et
459 2192 636 2228 habendas
674 2191 853 2240 predifitas
875 2190 962 2225 duas
989 2190 1178 2238 perticatas
1208 2195 1302 2225 terre
1333 2202 1414 2224 cum
1447 2189 1591 2236 edificijs
1618 2195 1696 2224 orto
