2060 2660
246 436 287 466 81

318 168 365 202 90
707 161 812 198 REG
820 160 1022 198 ISTRUM
1051 160 1416 198 MORAVIENSE.

320 318 535 355 Constitutio
555 319 703 355 Andree
722 319 873 367 episcopi
889 337 897 346 ·

321 434 503 476 Quoniam
528 434 771 470 ordinationes
798 438 833 469 et
859 431 1132 468 consuetudines
1149 443 1170 464 a
1188 428 1450 464 venerabilibus
1468 427 1627 476 patribus
1646 428 1765 465 Bricio
1784 434 1820 465 et

323 491 472 527 Andrea
500 492 571 527 Dei
598 492 712 539 gratia
739 490 906 539 episcopis
932 486 1211 525 moraviensibus
1239 486 1342 534 super
1371 485 1560 533 prebendis
1588 486 1819 523 moraviensis

321 548 461 585 ecclesie
488 554 523 585 et
548 549 637 585 statu
660 548 762 598 ipsius
780 554 815 584 et
834 546 1072 582 ministrorum
1091 544 1167 593 ejus
1185 546 1222 578 in
1241 544 1378 579 diversa
1395 543 1544 592 disperse
1562 543 1795 580 instrumenta
1811 564 1819 571 ·

321 612 468 655 propter
485 607 753 655 ydemptitatem
773 611 807 641 et
826 603 1087 639 similitudinem
1107 606 1362 637 contentorum
1381 607 1417 637 et
1434 602 1662 649 quorundam
1681 607 1820 637 contra-

322 665 483 700 rietatem
511 677 577 700 nec
600 677 673 699 non
698 669 733 699 et
760 662 1034 711 superfluitatem
1063 679 1070 687 ·
1100 665 1136 695 et
1162 657 1404 695 confusionem
1431 659 1649 695 inducebant
1676 665 1712 696 et
1738 673 1819 695 cum

322 722 536 770 inspicienda
563 721 702 757 suiss'ent
731 720 974 756 difficultatem
1006 717 1211 753 inveniendi
1243 717 1340 764 quod
1371 717 1588 764 querebatur
1617 718 1793 753 faciebant
1813 737 1820 745 ·

320 779 534 815 auetoritate
560 784 596 815 et
620 779 844 814 ordinatione
870 776 1022 825 predicti
1046 774 1258 811 venerabilis
1283 775 1393 823 patris
1421 775 1571 811 Andr-ee
1590 774 1821 812 moraviensis

321 837 472 885 episcopi
491 842 526 872 et
539 836 749 872 venerabilis
766 836 833 871 viri
852 834 1015 883 Symonis
1030 834 1155 869 decani
1170 838 1205 868 et
1219 833 1365 881 capituli
1380 832 1611 870 moraviensis
1626 853 1634 861 ·
1655 834 1692 869 in
1707 847 1819 869 unum

321 895 388 930 hoc
406 894 610 942 pupplicum
630 900 664 929 ot
683 893 902 929 autenticum
921 891 1193 927 instrumentum
1208 891 1360 926 colle&e
1376 891 1455 926 sunt
1470 897 1506 926 et
1520 891 1665 927 redacte
1682 911 1690 919 ·
1711 891 1822 926 Facta

320 957 441 987 autem
461 952 638 987 ordinatio
657 951 723 986 fuit
737 951 838 999 super
856 948 1025 998 premissis
1043 963 1064 984 a
1081 948 1245 997 predi&o
1260 948 1455 984 venerabili
1470 954 1571 997 patre
1586 949 1641 984 ·B·
1660 949 1823 997 episcopo

321 1008 533 1045 moraviensi
551 1010 587 1044 in
606 1010 700 1044 hunc
719 1009 865 1044 modum
886 1028 894 1035 ·
924 1008 986 1043 Ad
1003 1008 1179 1042 honorem
1205 1011 1240 1042 et
1263 1007 1502 1042 reverentiam
1527 1006 1647 1042 sanese
1674 1012 1709 1042 et
1733 1006 1823 1042 indi-

322 1066 427 1101 vidue
448 1066 634 1102 Trinitatis
657 1072 692 1102 et
717 1064 956 1113 gloriosissime
976 1065 1048 1100 Dei
1067 1064 1273 1100 Genetricis
1291 1064 1498 1112 semperque
1517 1064 1665 1111 virginis
1683 1064 1798 1100 marie
1814 1084 1821 1091 ·

321 1129 356 1158 et
373 1123 417 1158 ad
437 1123 546 1158 divini
565 1124 681 1159 cultus
699 1124 965 1171 ampliationem
981 1128 1047 1158 etc·
1068 1122 1160 1157 Sane
1178 1122 1391 1157 venerabilis
1405 1127 1507 1169 pater
1523 1121 1690 1157 Andreas
1705 1124 1823 1158 mora-

320 1179 443 1216 viensis
470 1181 650 1227 episcopus
677 1180 829 1227 pre-dieti
854 1178 963 1213 Bricii
991 1178 1161 1213 successor
1189 1179 1458 1227 suprascriptam
1488 1179 1752 1215 ordinationem
1780 1180 1824 1215 de

320 1238 488 1285 predictis
512 1238 596 1272 0610
623 1236 782 1272 canoniis
808 1241 844 1271 et
870 1249 993 1271 earum
1021 1235 1243 1271 libertatibus
1265 1241 1301 1271 et
1322 1236 1607 1272 immunitatibus
1629 1237 1672 1272 ab
1697 1237 1823 1273 eodem

321 1295 373 1329 -Β-
394 1294 593 1329 confectam
616 1293 816 1342 approbans
839 1298 875 1329 et
898 1298 1011 1329 ratam
1039 1293 1171 1329 habens
1197 1299 1233 1329 et
1259 1293 1477 1329 confirmans
1502 1313 1510 1322 ·
1538 1294 1632 1330 circa
1657 1295 1823 1342 quasdam

319 1352 467 1400 ipsarum
497 1351 540 1387 de
566 1351 735 1387 consensu
763 1351 888 1387 decani
917 1357 953 1387 et
983 1351 1129 1400 capituli
1158 1350 1389 1388 moraviensis
1422 1350 1564 1387 ecclesie
1594 1353 1746 1400 quedam
1779 1353 1824 1388 ad

320 1409 509 1445 utilitatem
526 1408 629 1457 ipsius
648 1408 789 1445 ecclesie
808 1415 844 1445 et
861 1410 1037 1445 honorem
1053 1409 1255 1445 ordinando
1270 1410 1444 1445 mutavit·
1461 1410 1659 1458 prebendas
1673 1410 1802 1458 adjecit
1815 1430 1823 1438 ·

321 1468 369 1502 ita
387 1467 538 1502 scribens
557 1486 564 1494 ·
594 1466 774 1503 Universis
792 1467 912 1503 sancte
930 1468 1051 1504 matris
1075 1466 1217 1503 ecclesie
1242 1467 1322 1502 filiis
1346 1467 1415 1503 hoc
1439 1467 1607 1515 scriptum
1625 1468 1749 1504 visuris
1766 1468 1824 1504 vel

321 1525 493 1560 audituris
522 1524 687 1560 Andreas
719 1525 839 1560 divina
868 1524 1093 1574 permistione
1122 1524 1354 1563 moraviensis
1382 1525 1564 1574 episcopus
1596 1531 1756 1562 eternam
1788 1526 1825 1561 in

325 1582 485 1617 Domino
505 1582 649 1618 salutem
671 1603 678 1610 ·
707 1583 891 1619 Noveritis
909 1582 1063 1619 universi
1084 1597 1149 1619 nos
1173 1589 1287 1619 ratam
1309 1583 1464 1619 habuisse
1491 1589 1527 1619 et
1552 1584 1705 1632 presenti
1730 1590 1827 1619 carta

322 1639 439 1675 nostra
457 1640 673 1675 confirmasse
691 1641 784 1688 piam
804 1647 840 1677 et
858 1641 1176 1677 commendabilem
1196 1647 1232 1677 et
1250 1641 1465 1677 laudabilem
1483 1640 1719 1690 provisionem
1739 1642 1824 1678 οᾶὶο

323 1696 583 1744 prebendarum
610 1698 646 1732 in
673 1697 814 1734 ecclesia
837 1698 1066 1735 moraviensis
1091 1698 1246 1748 dyocefis
1272 1699 1404 1735 factam
1426 1712 1490 1747 per
1507 1699 1747 1735 venerabilem
1765 1713 1825 1748 pa-

324 1761 415 1790 trem
433 1754 590 1790 nostrum
610 1755 893 1792 reverendissime
912 1758 1083 1793 memorie
1099 1758 1286 1793 dominum
1301 1757 1355 1793 ·B·
1370 1757 1552 1804 quondam
1564 1757 1824 1794 moraviensem

324 1812 524 1860 episcopum
548 1832 555 1839 ·
584 1826 669 1859 quas
687 1813 852 1849 volumus
871 1815 1034 1850 omnibus
1052 1815 1274 1851 libertatibus
1292 1820 1328 1851 et
1346 1814 1629 1850 immunitatibus
1647 1815 1684 1850 in
1702 1828 1826 1863 perpe-

325 1876 426 1904 tuum
446 1869 733 1917 irrefragabiliter
751 1872 906 1918 gaudere
925 1873 1050 1919 quibus
1069 1873 1252 1921 medicibus
1273 1878 1374 1921 pater
1392 1872 1604 1909 venerabilis
1623 1885 1681 1908 eas
1699 1873 1824 1908 dotare

327 1927 483 1962 decrevit
502 1946 510 1954 ·
541 1927 597 1962 Ita
613 1933 733 1963 tamen
752 1934 791 1964 ut
809 1930 989 1977 prebenda
1007 1931 1051 1966 de
1071 1931 1289 1967 Strathouen
1307 1951 1315 1959 ·
1328 1931 1435 1979 juxta
1453 1930 1551 1978 quod
1569 1930 1613 1966 de
1632 1929 1776 1966 consilio
1791 1936 1827 1966 et

327 1984 493 2020 consensu
512 1985 655 2033 capituli
673 1985 779 2021 nostri
799 1987 847 2022 est
865 1988 1041 2035 provisum
1061 1994 1096 2024 et
1114 1988 1283 2024 statutum
1310 2008 1319 2016 ·
1346 1987 1387 2024 fit
1409 1993 1583 2037 perpetua
1606 1988 1757 2024 canonia
1782 1988 1827 2023 ad

327 2041 571 2077 cancellariam
598 2044 780 2091 pertinens
799 2064 807 2071 ·
836 2045 1016 2093 prebenda
1036 2059 1122 2082 vero
1146 2047 1190 2082 de
1210 2046 1422 2082 Fotheruais
1445 2045 1485 2081 fit
1507 2044 1652 2094 simplex
1676 2046 1827 2081 canonia

328 2105 363 2135 et
381 2112 457 2135 eam
477 2100 603 2135 habeat
621 2101 822 2148 quicunque
841 2115 906 2150 pro
925 2109 1087 2151 tempore
1105 2104 1212 2140 suerit
1231 2102 1462 2141 moraviensis
1480 2104 1661 2152 episcopus
1680 2123 1688 2131 ·
1713 2109 1748 2139 et
1772 2117 1826 2139 ec-

328 2155 427 2193 clesie
455 2157 666 2193 cathedralis
694 2158 733 2194 sit
762 2158 907 2208 simplex
933 2162 1125 2197 canonicus
1144 2182 1152 2190 ·
1182 2162 1357 2198 Prediffis
1380 2175 1468 2197 vero
1492 2162 1576 2196 οὸὶο
1600 2161 1759 2196 canoniis
1781 2161 1825 2196 ad

329 2214 439 2250 divini
457 2215 573 2251 cultus
592 2216 856 2264 ampliationem
870 2218 1005 2265 aliquot
1019 2219 1216 2266 prebendas
1230 2220 1274 2256 de
1288 2233 1385 2255 novo
1400 2219 1567 2255 duximus
1584 2218 1803 2266 ampliandas
1816 2238 1825 2246 ·

328 2273 572 2320 aggregandas
601 2294 608 2301 ·
640 2274 773 2310 dandas
800 2281 834 2310 et
862 2276 1107 2312 concedendas
1131 2283 1166 2313 et
1192 2276 1412 2325 assignandas
1439 2282 1474 2312 et
1502 2277 1566 2313 hac
1590 2282 1687 2312 carta
1710 2275 1826 2311 nostra
