1912 2660
127 441 183 469 420

128 630 181 657 421

129 1101 185 1128 422

131 1386 187 1413 423

132 1622 189 1650 424

134 1997 190 2024 425

135 2278 191 2306 426

600 147 914 184 REGISTRUM
942 148 1304 185 MORAVIENSE.
1623 154 1695 187 413

209 246 293 285 Elgin
315 250 344 275 et
367 245 459 273 Fores.
481 242 652 273 ‘Reddendo
673 244 737 273 inde
759 244 904 273 annuatim
919 244 983 273 L.1.
1001 245 1044 272 13.
1059 247 1086 273 4.
1128 246 1214 283 Apud
1237 246 1355 274 Sconam
1376 251 1404 276 et
1427 247 1522 284 Elgin,
1545 248 1582 276 22
1605 252 1633 276 et
1657 249 1694 275 28

212 294 318 333 Aprilis
334 294 416 322 1562.

208 436 374 473 Preceptum
397 433 491 462 safinae
512 434 673 468 eorundem,
694 433 833 462 reservato
853 433 931 462 vitali
948 434 1058 462 redditu
1074 433 1243 471 Margaretae
1261 433 1431 461 Thomsone.
1474 434 1585 462 Eisdem
1602 434 1697 462 diebus

209 487 237 512 et
250 482 326 511 locis.

209 625 292 654 Carta
311 624 473 652 feodifirmae
491 624 524 652 ab
543 623 680 662 Episcopo
694 633 758 651 cum
773 623 907 652 consensu
920 623 1035 661 capituli
1049 623 1171 651 concessa
1185 623 1331 651 Willelmo
1347 622 1554 660 Makyntosche
1569 623 1602 651 de
1618 623 1701 651 Dun-

208 672 385 701 nachthanne
401 671 555 710 Capitaneo
569 672 602 699 de
619 671 851 709 Clanquhattane,
870 676 1009 700 terrarum
1023 671 1056 699 de
1072 671 1232 708 Moymore,
1254 670 1389 708 Moybeg,
1411 670 1617 704 Altnassanach,
1634 671 1704 698 Tul-

208 720 271 748 loch
286 719 405 753 Clowre,
425 719 553 754 Sleauch‚
577 718 726 747 Tullowch
748 719 906 753 Makcarre‚
930 719 1038 747 Rowan
1060 723 1088 747 et
1111 718 1227 746 Innerin
1249 718 1279 746 in
1301 717 1422 746 baroniis
1444 718 1478 746 de
1502 718 1652 755 Moymore
1675 722 1703 746 et

209 767 349 796 Arelauch
363 771 392 795 et
406 767 459 795 vic:
478 767 512 794 de
529 766 674 795 Invernes.
715 766 868 795 Reddendo
890 766 1037 795 annuatim
1059 766 1143 794 L.20.
1160 767 1205 794 15.
1218 767 1266 803 4}-
1306 765 1381 794 Cum
1399 765 1547 803 privilegio
1568 766 1602 793 de
1622 766 1705 793 unica

208 814 293 843 safina
313 814 444 852 capienda
466 814 539 852 apud
560 814 720 851 Moymore.
760 814 889 842 Testibus
909 813 1041 850 magistro
1058 813 1184 842 Henrico
1199 812 1364 842 Lumisdaill
1384 817 1492 841 rectore
1513 812 1547 841 de
1568 812 1704 850 Kynken,

208 862 322 890 domino
337 862 442 891 Jacobo
457 862 585 899 Douglas
600 862 751 900 capellano,
763 862 894 889 Donaldo
906 861 1052 895 Willelmi,
1066 861 1086 889 J
1088 862 1198 890 ohanne
1213 861 1412 898 McGillegew‚
1426 859 1565 898 magistris
1580 860 1706 898 Hugone

210 910 313 947 Cragy,
328 909 473 937 Willelmo
488 908 634 947 Wysman,
656 914 685 938 et
705 909 819 938 domino
833 909 964 937 Johanne
980 908 1096 938 Gibson.
1137 909 1223 947 Apud
1249 909 1335 946 Elgin
1356 909 1386 936 in
1410 908 1472 937 loco
1492 907 1647 947 capitulari,
1669 909 1706 936 27

212 957 318 995 Aprilis
336 958 420 985 1545.

211 1099 379 1137 Preceptum
395 1098 518 1135 Regium
532 1108 582 1137 per
595 1098 765 1136 signaturam
779 1099 937 1127 manualem
949 1098 1153 1127 Gubernatoris
1167 1098 1247 1135 regni
1261 1098 1454 1136 subscriptum,
1470 1098 1607 1137 Episcopo
1621 1098 1708 1126 direc-

210 1151 281 1180 tum,
296 1147 329 1174 ad
343 1146 534 1183 recipiendum
550 1146 744 1174 Alexandrum
757 1146 902 1174 dominum
918 1146 1035 1174 Gordon
1050 1150 1195 1174 tenentem
1210 1146 1360 1174 earundem
1374 1150 1520 1180 terrarum,
1542 1156 1604 1183 quae
1625 1146 1708 1174 deve-

211 1198 314 1222 nerunt
335 1193 364 1221 in
386 1193 514 1221 manibus
536 1193 654 1230 Reginae
675 1193 783 1222 ratione
804 1193 990 1222 forisfacturae
1004 1193 1141 1221 Willelmi
1157 1193 1364 1231 Makyntosche
1378 1193 1412 1222 de
1428 1193 1637 1222 Dunnachtane
1657 1203 1708 1232 pro

212 1241 294 1269 certis
310 1240 474 1269 criminibus
488 1241 659 1269 traditionis.
698 1241 808 1270 Datum
822 1241 872 1269 sub
886 1251 989 1279 magno
1004 1241 1102 1279 sigillo.
1144 1241 1229 1279 Apud
1244 1241 1393 1278 Innernys,
1411 1244 1428 1269 8
1444 1241 1566 1278 Augusti
1584 1242 1668 1269 1552.

213 1383 298 1411 Carta
311 1382 473 1411 feodifirmae
487 1383 520 1411 ab
533 1382 671 1421 Episcopo
682 1393 747 1411 cum
761 1383 895 1412 consensu
909 1382 1024 1421 capituli
1037 1383 1160 1411 concessa
1171 1383 1336 1411 Alexandro
1346 1382 1460 1411 domino
1472 1383 1598 1417 Gordon,
1609 1392 1709 1411 earun-

212 1430 276 1458 dem
286 1434 433 1464 terrarum,
447 1431 530 1468 super
543 1430 649 1459 dictum
664 1435 826 1469 preceptum
841 1430 960 1468 regium.
991 1430 1144 1459 Reddendo
1160 1430 1242 1459 L.20.
1256 1431 1301 1459 15.
1315 1431 1361 1465 41».
1401 1430 1488 1468 Apud
1503 1430 1588 1468 Elgin
1603 1430 1633 1458 in
1647 1431 1709 1459 loco

215 1477 368 1516 capitulari,
384 1479 422 1506 28
438 1477 608 1507 Novembris
625 1479 710 1506 1552.

216 1620 300 1648 Carta
314 1619 532 1648 confirmationis
547 1620 580 1648 ab
596 1619 734 1658 Episcopo
747 1620 828 1654 facta,
844 1624 927 1648 cartae
941 1619 1117 1648 alienationis
1131 1629 1147 1647 a
1161 1619 1266 1648 Jacobo
1281 1619 1365 1648 Innes
1379 1620 1413 1648 de
1428 1619 1544 1657 Dranye
1558 1623 1587 1648 et
1602 1619 1710 1649 Katha-

215 1667 275 1694 rina
290 1667 406 1695 Gordon
421 1666 480 1705 ejus
494 1667 591 1706 sponsa
612 1668 742 1696 conceffae
762 1668 926 1696 Alexandro
947 1668 1033 1695 Innes
1054 1667 1111 1694 filio
1134 1677 1230 1695 eorum
1253 1667 1370 1705 septimo
1391 1667 1497 1704 genito,
1518 1672 1656 1696 terrarum
1677 1668 1711 1696 de

216 1714 365 1742 Muirtoun
380 1714 409 1741 in
424 1715 537 1742 baronia
551 1715 584 1743 de
599 1715 788 1752 Kynedward,
807 1715 946 1744 reservato
961 1725 1058 1743 eorum
1073 1715 1151 1743 vitali
1165 1715 1285 1743 redditu.
1326 1715 1478 1743 Reddendo
1493 1715 1630 1753 Episcopo
1648 1715 1712 1743 L.9.

218 1763 262 1790 14.
286 1762 312 1789 9.
354 1762 456 1790 Coram
480 1762 596 1790 testibus
622 1763 737 1790 Andrea
759 1762 919 1796 Monereiff,
945 1762 1055 1791 Davide
1080 1762 1214 1800 Cuming,
1240 1762 1369 1791 Antonio
1395 1762 1521 1797 Stranoc,
1544 1767 1572 1791 et
1597 1763 1710 1791 domino

215 1809 345 1837 Johanne
360 1809 478 1838 Gibson.
519 1810 603 1848 Apud
620 1810 733 1847 Spynie,
753 1810 788 1838 13
804 1809 874 1849 Maij
893 1811 977 1838 1570.
1019 1809 1147 1838 Testibus
1158 1810 1190 1838 ad
1202 1809 1443 1839 confirmationem
1461 1811 1476 1847 [
1692 1812 1706 1847 ]

218 1857 303 1894 Apud
318 1857 421 1894 Spynie
441 1859 455 1894 [
618 1859 632 1894 ]
654 1858 738 1885 1570.

218 1997 293 2026 Tack
308 1998 341 2026 be
355 1999 404 2026 the
419 1998 538 2037 Bischop
552 1998 621 2028 with
636 1999 750 2028 consent
765 1998 799 2027 of
807 1999 856 2028 the
872 1999 1027 2037 cheptour,
1045 2000 1086 2028 set
1100 2004 1131 2028 to
1146 2000 1253 2029 Robert
1268 2000 1388 2028 Dunbar
1401 2000 1434 2028 of
1444 1999 1532 2028 Duris
1546 2000 1600 2027 and
1615 1999 1708 2028 Chris-

215 2045 289 2074 tiane
306 2045 457 2074 Leirmond
471 2046 514 2075 his
531 2047 622 2085 spons,
637 2047 670 2075 of
678 2047 727 2076 the
742 2048 828 2085 teynd
842 2047 966 2076 schaeffis
981 2047 1014 2076 of
1024 2048 1175 2076 Muirtoun
1189 2048 1243 2076 and
1258 2048 1425 2086 Grangehill
1441 2048 1471 2075 in
1485 2048 1535 2076 the
1548 2047 1666 2085 paroche
1681 2045 1713 2073 of

217 2092 283 2130 Dyk
299 2094 352 2121 and
366 2092 524 2122 {heriffdom
538 2094 571 2122 of
588 2094 672 2132 Elgin
687 2095 741 2123 and
755 2095 855 2124 Forres
869 2094 913 2123 for
926 2100 1068 2132 nynetene
1082 2095 1165 2133 yeirs,
1187 2096 1294 2134 payand
1309 2095 1438 2124 thairfoir
1450 2094 1547 2132 yeirlie
1563 2094 1624 2121 L.4.
1638 2095 1665 2121 6.
1681 2094 1707 2120 8.

218 2142 259 2169 At
274 2140 358 2178 Elgin
372 2142 426 2169 and
443 2142 536 2180 Spyne
551 2142 600 2171 the
614 2143 652 2170 20
666 2143 719 2181 day
733 2142 766 2171 of
777 2143 900 2171 Februar
918 2144 1002 2172 1571.

220 2280 303 2310 carm
323 2283 540 2313 confirmationis
560 2285 594 2312 ab
614 2284 750 2323 Episcopo
764 2285 886 2314 concessa
899 2290 983 2314 cartae
999 2284 1167 2314 venditionis
1181 2285 1214 2312 ab
1230 2283 1394 2312 Alexandro
1409 2283 1493 2311 Innes
1506 2282 1540 2310 de
1555 2281 1706 2317 Crommye
