1912 2660
96 948 167 982 252

624 158 939 196 REGISTRUM
967 160 1327 199 MORAVIENSE.
1625 170 1697 210 327

206 263 241 294 et
258 257 399 295 ecclefia
416 256 644 295 moraviensis
657 263 693 293 et
707 257 902 306 Episcopus
916 258 1042 293 suntin
1060 258 1262 306 pofi'essione
1273 261 1477 297 conserendi
1490 281 1498 290 ·
1514 268 1548 298 et
1565 264 1692 300 ultimo

205 316 434 351 contulerunt
451 334 460 343 ·
487 314 596 351 Unde
613 314 911 363 presentationem
928 315 1060 351 saetam
1077 316 1121 351 de
1139 316 1239 352 vobis
1257 317 1302 352 ad
1318 317 1426 365 ipsam
1443 319 1608 356 vicariam
1629 335 1694 369 per

202 372 358 408 nobilem
375 373 491 408 virum
517 373 720 409 Johannem
748 372 792 408 de
813 372 910 408 Keth
929 373 1114 408 dominum
1133 373 1176 409 de
1197 373 1380 422 Innerugy
1399 379 1434 410 et
1456 377 1558 412 tertie
1586 379 1694 424 partis

201 429 347 465 baronie
365 429 408 465 de
435 430 565 466 Duffus
584 430 750 465 duximus
768 429 991 465 refutandam
1011 435 1045 465 et
1063 430 1258 466 refutamus
1280 450 1289 459 ·
1308 444 1382 467 non
1399 432 1531 467 intuitu
1549 434 1694 481 persone

199 485 310 522 vestre
329 506 337 514 ·
356 486 414 523 sed
432 488 515 535 quia
541 488 681 523 nullum
700 487 760 535 jus
778 487 948 535 competit
964 487 1179 536 presentanti
1198 508 1206 516 ·
1234 493 1270 524 et
1292 488 1380 524 istud
1404 489 1504 524 vobis
1524 490 1695 526 tradimus

198 556 263 592 pro
282 543 444 592 responso
462 545 580 581 nostro
598 545 696 580 finali
712 564 720 572 ·
750 544 793 580 In
811 544 917 593 hujus
930 545 1153 581 refutationis
1166 545 1282 581 nostre
1296 545 1534 581 testimonium
1545 546 1693 594 sigillum

197 600 354 636 nostrum
373 602 591 650 presentibus
611 603 758 638 fecimus
784 602 914 650 apponi
933 622 942 630 ·
970 602 1107 638 Datum
1126 603 1163 638 in
1181 602 1324 638 ecclefia
1350 602 1562 640 moraviensi
1579 604 1693 652 primo

198 658 254 694 die
272 658 396 695 menfis
416 660 569 708 Augusti
596 673 691 696 anno
714 660 861 695 Domini
879 659 1058 697 millesimo
1078 664 1162 696 ccc''·
1185 660 1410 708 nonagesimo
1429 666 1566 696 octavo.

196 834 351 871 Collatio
369 833 501 870 vicarie
519 833 564 869 de
582 833 714 869 Duffus
733 852 741 860 -

195 948 395 984 Willelmus
424 954 479 984 etc
498 968 506 976 -
527 948 673 984 domino
690 947 848 984 ,Iohanni
869 947 1037 995 Hugonis
1055 947 1190 984 decano
1210 947 1469 984 christianitatis
1487 948 1531 984 de
1551 949 1690 997 Elgyne

192 1004 339 1041 salutem
359 1025 367 1033 ·
397 1006 492 1048 Quia
508 1010 717 1054 perpetuam
736 1005 903 1040 vicariam
927 1005 1137 1053 parochialis
1162 1004 1304 1041 ecclesie
1328 1006 1372 1041 de
1392 1006 1525 1042 Duffus
1543 1006 1587 1042 de
1605 1007 1688 1056 jure

193 1068 229 1098 et
256 1063 299 1099 de
325 1063 420 1098 facto
446 1068 631 1099 vacantem
657 1075 721 1111 per
747 1067 900 1098 mortem
929 1063 1108 1110 quondam
1136 1063 1271 1098 domini
1305 1063 1482 1100 Johannis
1508 1064 1552 1100 de
1588 1064 1688 1101 Arde

193 1120 320 1155 ultimo
339 1119 458 1169 vicarij
481 1119 636 1169 ejusdem
654 1119 849 1156 venerabili
865 1120 944 1155 viro
968 1119 1130 1167 magistro
1146 1120 1305 1157 Johanni
1324 1120 1368 1156 de
1387 1120 1496 1157 Innes
1518 1123 1689 1158 canonico

193 1176 407 1214 moravienfi
424 1183 459 1213 et
482 1177 716 1226 prebendario
735 1177 779 1213 de
797 1177 928 1213 Duffus
947 1196 955 1204 ·
982 1190 1056 1213 non
1074 1177 1119 1212 ad
1137 1177 1433 1226 presentationem
1452 1178 1690 1227 cujuscunque

193 1236 334 1283 patroni
347 1234 560 1271 ecclesiastici
576 1234 634 1271 vel
652 1234 813 1271 secularis
831 1254 839 1262 ·
855 1235 913 1270 sed
931 1248 975 1270 ex
992 1247 1091 1270 mero
1103 1234 1186 1283 jure
1205 1233 1345 1271 ecclesie
1363 1235 1478 1271 nostre
1492 1241 1528 1271 et
1541 1236 1659 1272 nostro
1680 1256 1687 1264 ·

194 1293 349 1328 caritatis
367 1293 500 1328 intuitu
513 1312 521 1320 ·
541 1297 577 1328 et
589 1292 673 1340 quia
689 1305 755 1340 pro
770 1291 911 1327 ecclesia
924 1292 1041 1328 nostra
1059 1293 1096 1327 in
1114 1292 1359 1340 prosecutione
1374 1292 1559 1328 electionis
1573 1293 1688 1329 nostre

193 1349 385 1386 instructor
403 1350 556 1400 ejusdem
574 1349 755 1385 nobiscum
779 1350 824 1385 ad
844 1350 1044 1385 Romanam
1071 1350 1205 1385 curiam
1230 1349 1461 1398 personaliter
1486 1350 1660 1386 laboravit
1679 1371 1687 1379 ·

193 1408 412 1444 contulimus
430 1413 465 1443 et
482 1413 607 1443 tenore
625 1407 838 1455 presentium
856 1407 1071 1443 conferimus
1089 1420 1169 1444 cum
1188 1407 1256 1442 suis
1260 1407 1401 1455 juribus
1414 1413 1449 1443 et
1467 1408 1689 1456 pertinentiis

193 1464 363 1501 univerfis
381 1485 389 1493 ·
417 1465 598 1513 ipsumque
624 1477 688 1513 per
713 1465 884 1500 annulum
913 1464 1068 1500 nostrum
1096 1464 1334 1500 investivimus
1359 1465 1615 1513 presentialiter
1643 1466 1686 1502 de

193 1523 317 1558 eadem
328 1542 336 1550 ·
349 1536 470 1558 curam
483 1527 517 1558 et
529 1522 865 1558 administrationem
877 1521 980 1570 ipfius
997 1521 1056 1558 fibi
1074 1522 1268 1570 specialiter
1286 1523 1541 1558 committendo
1554 1542 1562 1550 ·
1574 1522 1688 1559 Vobis

192 1580 446 1616 committimus
464 1585 500 1616 et
518 1580 725 1615 mandamus
743 1585 916 1627 quatenus
933 1580 1045 1628 ipsum
1062 1579 1265 1627 magistrum
1282 1579 1485 1616 Johannem
1503 1580 1540 1615 in
1564 1593 1687 1629 corpo-

192 1637 303 1673 ralem
315 1643 351 1673 et
362 1637 493 1673 realem
505 1636 744 1686 pofl'eflionem
762 1636 865 1685 ipsius
878 1637 1008 1673 vicarie
1026 1650 1107 1672 cum
1125 1637 1347 1686 pertinentiis
1366 1637 1538 1673 inducatis
1550 1643 1585 1674 et
1595 1638 1687 1674 insti-

192 1694 299 1730 tuatis
312 1714 320 1723 ·
331 1695 590 1742 inductumque
614 1699 650 1730 et
667 1694 864 1730 institutum
883 1695 1096 1730 auetoritate
1113 1694 1230 1730 nostra
1246 1694 1442 1731 defendatis
1456 1714 1465 1722 ·
1492 1696 1688 1732 contradic-

192 1759 287 1788 tores
305 1757 341 1788 et
359 1752 507 1788 rebelles
523 1751 548 1787 fi
565 1752 625 1799 qui
643 1750 708 1787 fint
726 1765 789 1800 per
807 1752 990 1788 censuram
1009 1751 1265 1788 ecclesiasticam
1278 1753 1393 1788 arcius
1403 1752 1657 1801 compescendo
1679 1774 1686 1781 ·

173 1838 176 1840 .
193 1815 228 1845 et
238 1809 276 1844 in
289 1808 425 1857 fignum
444 1809 671 1845 institutionis
688 1809 886 1857 traditeque
904 1808 964 1845 fibi
981 1808 1192 1857 pofi'eflionis
1209 1808 1358 1857 figillum
1377 1810 1529 1846 vestrum
1549 1811 1686 1859 presen-

192 1866 285 1903 tibus
310 1880 419 1915 penes
444 1867 642 1903 institutum
665 1867 875 1903 remansuris
901 1867 939 1902 in
962 1867 1114 1902 secunda
1130 1867 1243 1903 cauda
1262 1867 1402 1915 ponatis
1420 1887 1429 1895 ·
1458 1867 1595 1903 Datum
1622 1869 1682 1905 sub

191 1923 302 1972 sigillo
320 1924 438 1961 nostro
460 1925 497 1960 in
516 1923 657 1961 ecclefia
674 1922 886 1961 moraviensi
902 1924 1017 1973 primo
1036 1924 1093 1960 die
1111 1923 1235 1961 mensis
1249 1924 1402 1973 Augusti
1419 1938 1514 1961 anno
1533 1926 1682 1962 Domini

194 1985 350 2019 ·m⁰·ccc⁰·
370 1981 596 2030 nonagesimo
615 1986 740 2018 octavo
755 2001 763 2009 ·
