1912 2660
265 136 337 176 ⁴296
659 137 975 174 REGISTRUM
1005 138 1369 175 MORAVIENSE.

266 294 445 331 Fundatio
463 295 636 344 capellani
654 296 757 345 super
774 296 879 332 terris
897 296 941 332 de
960 294 1140 342 Ardtrilly
1158 300 1194 329 et
1212 294 1256 329 de
1276 293 1373 340 Croy
1393 312 1401 321 ·

163 409 235 441 ‘230
264 410 444 447 Univerfis
470 411 538 447 hoc
565 412 732 460 scriptum
756 411 881 447 visuris
898 410 956 446 vel
975 409 1150 445 audituris
1167 408 1354 445 „Iohannes
1372 407 1416 443 de
1435 410 1598 445 moravia
1624 417 1768 458 paneta-

261 470 334 504 rius
354 469 472 505 Scotie
491 475 650 505 eternam
669 470 706 504 in
726 468 888 504 Domino
911 467 1059 502 salutem
1079 485 1087 494 ·
1120 465 1273 501 Noverit
1299 464 1508 502 univerfitas
1530 467 1644 504 vestra
1670 470 1765 517 quod

261 540 342 562 cum
362 527 515 563 dilectus
538 533 574 563 et
597 527 752 575 specialis
770 526 904 561 amicus
922 537 1022 560 meus
1041 523 1205 571 magister
1222 524 1407 561 Johannes
1426 524 1470 560 de
1491 524 1669 574 Inuernys
1686 540 1767 563 can-

260 585 424 621 cellarius
439 584 580 621 ecclefie
596 582 827 622 moraviensis
841 583 966 618 volens
978 582 1015 617 in
1031 582 1155 617 eadem
1170 581 1313 618 ecclefia
1326 595 1439 618 unum
1452 583 1674 632 capellanum
1688 585 1767 621 fun-

260 643 344 678 dare
369 657 434 692 pro
458 644 576 679 anima
600 643 660 678 sua
686 648 722 678 et
748 642 866 677 anima
892 640 985 676 bone
1010 640 1183 676 memorie
1208 640 1345 676 domini
1364 640 1514 677 Andree
1533 642 1577 678 de
1602 644 1766 679 moravia

258 702 367 749 patris
397 702 465 737 mei
494 707 667 750 perpetuo
696 699 959 736 celebraturum
990 698 1186 734 tradidiffet
1216 699 1303 734 mihi
1332 699 1370 734 in
1398 700 1551 747 pecunia
1577 707 1765 737 numerata

257 766 402 795 centum
426 773 562 795 marcas
583 759 833 806 sterlingorum
852 757 897 792 ad
916 756 1198 805 comparandum
1216 755 1277 792 fibi
1296 763 1331 793 et
1350 755 1527 805 aflignatis
1545 758 1613 794 suis
1630 759 1667 794 in
1686 773 1764 807 per-

256 824 404 865 petuum
419 831 578 853 annuum
599 817 779 852 redditum
798 815 882 850 οᾶὶο
903 827 1102 850 marcarum
1116 813 1368 863 sterlingorum
1387 835 1396 843 ·
1425 815 1505 863 Ego
1519 816 1542 853 J
1545 817 1704 853 ohannes
1719 818 1762 853 de

255 876 419 912 moravia
444 875 647 911 antedictus
673 875 711 909 in
736 872 1104 921 recompensationem
1132 873 1220 908 dicti
1246 873 1358 909 annui
1384 874 1545 910 redditus
1567 875 1652 911 0610
1671 889 1762 912 mar-

255 947 377 970 carum
397 933 646 981 sterlingorum
665 944 730 978 per
748 944 805 967 me
825 931 1057 979 comparandi
1080 931 1127 966 do
1152 936 1188 967 et
1212 931 1373 967 concedo
1396 944 1437 967 ac
1460 932 1612 979 presenti
1632 934 1760 982 scripto

254 1005 334 1027 meo
362 992 535 1027 confirmo
563 990 726 1039 predicto
752 988 918 1037 magistro
936 989 1096 1026 Johanni
1123 994 1159 1025 et
1185 987 1363 1037 aflignatis
1389 989 1458 1025 suis
1481 990 1518 1025 in
1546 997 1761 1039 perpetuum

252 1063 411 1085 annuum
431 1049 611 1085 redditum
631 1048 716 1084 octo
734 1060 936 1083 marcarum
950 1047 1201 1096 sterlingorum
1215 1047 1486 1096 percipiendum
1500 1046 1644 1096 fingulis
1658 1051 1762 1085 annis

251 1108 295 1142 de
324 1107 427 1143 firma
455 1112 632 1143 terrarum
662 1119 823 1141 mearum
851 1106 895 1141 de
919 1104 1085 1154 Artrelly
1108 1111 1145 1141 et
1172 1106 1216 1142 de
1240 1105 1338 1154 Croy
1360 1105 1470 1142 libere
1499 1112 1535 1142 et
1563 1105 1633 1143 fine
1661 1109 1758 1143 omni

251 1178 359 1200 onere
388 1165 655 1200 contributione
685 1164 875 1200 exactione
905 1164 964 1200 vel
1000 1163 1177 1200 demanda
1203 1164 1470 1211 quibuscunque
1497 1177 1594 1201 nunc
1621 1166 1759 1201 contin-

248 1222 414 1270 gentibus
433 1223 490 1258 vel
517 1223 554 1258 in
581 1223 743 1258 futurum
763 1223 974 1270 contingere
992 1222 1288 1270 qualitercunque
1307 1222 1508 1258 valentibus
1528 1242 1536 1250 ·
1566 1223 1665 1266 Quas
1684 1225 1758 1271 qui-

250 1282 328 1316 dem
349 1281 433 1316 octo
452 1294 589 1316 marcas
612 1280 864 1328 sterlingorum
892 1280 1014 1328 obligo
1039 1294 1095 1316 me
1122 1280 1272 1316 heredes
1291 1294 1388 1316 meos
1415 1286 1451 1316 et
1472 1281 1575 1316 nobis
1599 1295 1757 1329 quocun-

247 1352 315 1386 que
334 1339 439 1374 titulo
458 1339 671 1374 successuros
690 1338 826 1374 solvere
845 1339 941 1387 apud
959 1338 1147 1374 canoniam
1167 1338 1211 1374 de
1228 1338 1347 1386 Elgyn
1366 1338 1482 1374 eidem
1502 1339 1668 1387 magistro
1694 1340 1756 1377 Jo-

248 1398 354 1432 hanni
375 1403 410 1432 et
428 1395 605 1445 allignatis
624 1397 692 1432 suis
710 1396 855 1445 singulis
869 1397 971 1432 annis
989 1397 1027 1432 in
1045 1402 1259 1445 perpetuum
1278 1397 1322 1432 ad
1341 1397 1432 1432 duos
1445 1397 1530 1432 anni
1556 1398 1729 1433 terminos
1747 1419 1754 1425 -

248 1455 474 1490 medietatem
494 1455 539 1490 ad
556 1454 680 1490 festum
702 1454 951 1490 Penthecostes
973 1460 1008 1490 et
1026 1454 1131 1490 aliam
1150 1454 1380 1490 medietatem
1407 1455 1452 1490 ad
1478 1454 1604 1490 festum
1631 1456 1753 1492 Sancti

248 1513 395 1549 (Dartini
409 1513 445 1547 in
460 1526 561 1561 yeme
574 1513 636 1548 sub
651 1526 744 1561 pena
761 1513 869 1548 unius
886 1518 987 1561 petre
1000 1526 1081 1549 cere
1093 1511 1235 1549 ecclesie
1249 1511 1465 1549 moravienfi
1477 1513 1679 1561 supradicte
1691 1527 1755 1562 per

249 1584 304 1605 nie
324 1571 471 1606 heredes
485 1584 584 1607 meos
598 1577 633 1607 et
649 1571 751 1607 nobis
765 1571 979 1607 successuros
994 1571 1161 1607 solvende
1179 1571 1344 1618 quotiens
1363 1570 1439 1619 post
1456 1571 1659 1618 quindecim
1679 1573 1754 1608 dies

247 1629 396 1677 alicujus
423 1629 659 1665 terminorum
686 1629 974 1678 supradictorum
995 1630 1033 1665 in
1055 1629 1230 1665 solutione
1250 1629 1429 1664 diGtarum
1448 1630 1532 1664 octo
1553 1642 1751 1665 marcarum

248 1688 282 1721 in
302 1693 380 1722 toto
399 1687 455 1722 vel
475 1687 509 1722 in
525 1693 626 1735 parte
644 1688 752 1723 fuerit
771 1688 938 1723 cessatum
958 1707 966 1716 ·
985 1688 1142 1724 termino
1160 1688 1274 1736 prime
1293 1687 1477 1723 solutionis
1496 1687 1688 1733 incipiente
1706 1689 1750 1724 ad

246 1744 369 1781 festum
396 1745 642 1781 Penthecostes
665 1746 830 1794 proximo
848 1746 1011 1781 futurum
1027 1766 1034 1773 ·
1064 1746 1112 1781 Et
1137 1745 1162 1781 fi
1188 1745 1374 1793 contingat
1397 1745 1517 1793 aliquo
1541 1746 1620 1781 casu
1640 1746 1751 1782 dictas

246 1804 331 1838 octo
354 1816 488 1838 marcas
507 1804 551 1838 de
569 1803 671 1838 firma
689 1804 867 1839 dictarum
887 1810 1065 1840 terrarum
1084 1804 1128 1840 de
1148 1803 1312 1852 Artrelly
1330 1809 1366 1839 et
1384 1804 1427 1839 de
1447 1804 1546 1852 Croy
1563 1816 1637 1839 non
1656 1805 1750 1852 poss'e

246 1861 355 1896 levari
376 1880 384 1888 ·
407 1861 491 1895 volo
516 1868 552 1896 et
577 1862 736 1897 concedo
755 1875 820 1910 pro
846 1875 903 1898 me
929 1862 1119 1898 heredibus
1138 1862 1225 1898 meis
1243 1868 1279 1897 et
1297 1862 1399 1897 nobis
1427 1862 1628 1897 success'uris
1653 1863 1749 1910 quod

245 1932 302 1953 om
309 1932 368 1954 nes
382 1925 475 1954 terre
487 1932 573 1966 quas
584 1919 796 1955 hereditarie
812 1926 917 1956 teneo
931 1921 975 1956 de
989 1920 1165 1969 Episcopo
1180 1926 1215 1956 et
1234 1918 1378 1956 ecclefia
1391 1919 1606 1957 moravienfi
1625 1940 1633 1948 ·
1652 1934 1749 1956 acce—

245 1978 352 2012 dente
371 1976 414 2011 ad
434 1977 501 2012 hoc
520 1977 706 2013 voluntate
726 1983 761 2013 et
779 1978 946 2014 consensu
966 1978 1178 2015 venerabilis
1200 1978 1309 2027 patris
1328 1978 1464 2014 domini
1482 1978 1657 2015 Johannis
1677 1978 1749 2015 Dei

242 2035 357 2081 gratia
369 2034 519 2082 episcopi
532 2034 763 2071 moraviensis
775 2041 810 2070 et
822 2037 967 2083 capituli
980 2037 1029 2072 sui
1050 2057 1057 2064 -
1077 2037 1122 2072 ad
1136 2036 1351 2072 solutionem
1370 2036 1549 2072 difihirum
1562 2037 1646 2071 06ὶο
1659 2049 1745 2071 mar·

242 2106 363 2128 carum
385 2092 540 2140 obligate
560 2099 594 2127 ct
614 2093 808 2141 specialiter
826 2093 965 2130 astricte
980 2093 1087 2143 [fint]
1103 2094 1204 2130 nullo
1216 2094 1453 2143 proponendo
1472 2093 1630 2130 obstante
1649 2114 1658 2121 ·
1690 2095 1747 2129 In-

242 2152 343 2198 super
355 2148 378 2185 fi
391 2150 576 2197 contingat
596 2171 603 2178 -
624 2151 719 2198 quod
732 2150 815 2186 absit
835 2171 842 2178 ·
857 2165 914 2187 me
928 2152 1076 2188 heredes
1089 2166 1186 2188 meos
1201 2152 1258 2188 vel
1270 2152 1372 2188 nobis
1391 2152 1602 2188 successuros
1621 2159 1746 2188 contra

241 2210 331 2244 lianc
351 2208 581 2244 donationem
609 2222 722 2244 meam
751 2209 787 2243 in
815 2209 933 2256 aliquo
952 2212 1074 2246 venire
1093 2211 1150 2246 vel
1169 2211 1284 2246 eidem
1304 2210 1549 2246 contradicere
1568 2210 1623 2246 vel
1644 2210 1746 2258 supra
