2066 2780
265 1695 287 1725 10

290 1694 312 1724 20

346 166 391 203 16
732 162 1047 201 REGISTRUM
1074 158 1436 197 MORAVIENSE.

344 277 423 300 rum
448 266 697 311 contingentes
725 282 734 290 ·
759 267 795 298 et
812 262 947 297 decime
965 259 1079 295 tocius
1097 258 1252 294 miilture
1270 257 1314 292 de
1333 254 1503 303 prediffis
1520 254 1648 302 viginti
1670 255 1836 290 dauachis

342 322 585 370 provenientis
603 320 775 367 equaliter
793 319 899 354 divise
918 323 953 353 et
971 316 1122 351 fideliter
1141 312 1321 349 solventur
1340 331 1348 340 ·
1367 312 1417 347 ita
1433 311 1530 358 quod
1548 311 1719 347 medietas
1745 312 1836 348 deci-

344 392 481 414 marum
506 378 747 426 predi&arum
770 376 898 412 scilicet
924 380 996 409 tam
1023 372 1245 420 piscariarum
1270 381 1376 417 quani
1403 368 1561 404 niulture
1586 367 1657 404 fine
1684 369 1836 405 diminu-

344 437 441 471 tione
472 449 553 471 cum
583 435 680 470 omni
708 433 909 480 integritate
939 431 1092 466 solvetur
1118 426 1258 464 ecclesie
1285 426 1329 461 de
1352 425 1592 461 Dulbatelach
1621 445 1629 453 ·
1661 431 1697 462 et
1724 426 1836 462 altera

343 493 514 529 medietas
527 492 683 528 similiter
696 489 836 527 ecclesie
854 490 898 524 de
918 488 1099 533 Coneway
1114 505 1122 513 ·
1139 484 1326 520 Predifitus
1344 487 1464 518 autem
1481 482 1665 519 ,Iohannes
1683 483 1813 532 Byseth
1825 504 1833 512 ·

343 563 409 599 pro
433 551 551 586 anima
573 549 680 598 patris
701 548 751 583 sui
775 560 839 582 nec
858 558 932 581 non
950 550 983 580 et
1003 557 1068 591 pro
1086 542 1195 577 salute
1221 541 1281 576 sua
1299 546 1334 575 et
1352 539 1474 575 matris
1491 539 1550 575 sue
1568 545 1604 576 et
1621 541 1736 577 tocius
1761 542 1836 590 pos-

343 608 493 643 teritatis
519 607 577 642 sue
601 612 673 641 tam
698 605 807 640 salute
833 615 938 650 quain
960 599 1144 636 animabus
1163 619 1171 626 ·
1191 597 1343 634 contulit
1361 602 1397 632 et
1417 596 1583 633 concessit
1600 598 1638 633 in
1656 611 1782 646 puram
1800 605 1836 635 et

344 671 550 715 perpetuam
569 662 791 700 elemosinam
810 659 950 697 ecclesie
969 659 1012 694 de
1031 656 1269 693 Dulbatelach
1293 655 1425 703 septem
1451 668 1550 690 acras
1570 660 1666 692 terre
1692 657 1729 692 in
1754 657 1836 693 loco

344 723 560 771 competenti
587 727 622 757 et
647 720 846 769 propinquo
873 715 1013 753 ecclesie
1030 714 1243 763 parochiane
1263 713 1306 748 de
1325 712 1566 748 Dulbatelach
1593 732 1602 741 ·
1630 726 1710 749 cum
1729 714 1837 750 fuerit

343 780 508 816 transsata
531 779 575 814 ad
595 778 740 825 Fingasc
765 777 809 812 ad
835 776 953 811 locum
981 773 1039 820 qui
1064 772 1194 807 dicitur
1212 770 1407 805 lVardelau
1426 789 1434 798 ·
1455 770 1593 806 Scotice
1612 770 1806 808 Balabrach
1827 792 1834 800 ·

345 838 526 874 Convenit
551 841 670 871 autem
696 835 789 869 inter
814 832 993 881 predifflms
1020 829 1232 877 Episcopum
1261 833 1296 863 et
1319 827 1524 864 Johannem
1547 827 1676 876 Byseth
1705 849 1713 857 -
1740 831 1837 877 quod

344 895 422 943 sepe
450 895 566 929 dietus
591 892 772 929 Johaiines
802 891 892 925 lianc
924 885 1210 935 compositionem
1241 885 1346 921 saciet
1377 885 1581 920 confirmari
1611 899 1675 934 per
1703 893 1835 923 cartam

345 952 478 987 domini
500 951 608 997 Regis
634 969 642 977 ·
670 954 705 984 et
724 948 888 983 dominus
907 945 1101 994 Episcopus
1119 943 1303 991 prodietus
1329 943 1479 978 eandem
1505 942 1610 978 faciet
1634 944 1836 980 confirmari

289 1030 292 1033 ·
343 1022 407 1057 per
424 1007 676 1044 concessionem
696 1010 731 1040 et
746 1010 877 1040 cartam
898 1002 1041 1051 capituli
1056 1000 1268 1037 cathedralis
1287 998 1428 1036 ecclesie
1446 1000 1505 1036 sue
1524 1019 1532 1028 ·
1548 1000 1678 1037 scilieet>
1696 1001 1836 1038 ecclesie

345 1066 474 1101 Sanc-ie
503 1064 687 1100 Trinitatis
719 1062 762 1097 de
790 1062 934 1108 Spynyii
967 1079 975 1086 ·
1003 1058 1166 1094 Testibus
1192 1057 1354 1105 magistro
1381 1057 1558 1105 Gylberto
1587 1059 1836 1095 archidiacono

344 1123 504 1159 moravie
532 1142 539 1149 ·
568 1120 716 1157 Andrea
742 1117 952 1154 cancellario
981 1136 989 1143 ·
1018 1115 1179 1162 magistro
1209 1114 1371 1150 Henrico
1398 1115 1614 1150 thesaurario
1643 1135 1650 1143 ·
1676 1117 1836 1164 magistro

344 1180 523 1214 Edwardo
542 1198 550 1206 ·
568 1178 728 1213 Roberto
748 1196 755 1204 ·
776 1174 954 1211 canonicis
972 1171 1113 1209 ecclesie
1132 1173 1264 1208 Sanfi'ce
1283 1172 1471 1208 Trinitatis
1494 1173 1538 1208 de
1563 1173 1710 1222 Spynyn
1735 1194 1743 1202 ·
1765 1175 1837 1210 Ro-

342 1237 441 1272 berto
454 1256 461 1264 ·
476 1235 654 1270 willelmo
675 1253 682 1261 ·
699 1233 877 1281 Stephano
891 1251 898 1259 ·
912 1230 1100 1279 capellanis
1119 1250 1128 1258 ·
1145 1230 1338 1278 Arnulpho
1357 1228 1487 1278 Byseth
1506 1249 1515 1258 ·
1533 1230 1778 1268 Arkembaldo
1794 1233 1837 1268 de

342 1293 471 1329 Duffiis
498 1312 506 1320 ·
534 1292 692 1339 Hugone
720 1290 854 1326 Corbet
881 1309 889 1317 ·
918 1288 1129 1324 Alexandro
1158 1293 1194 1323 et
1220 1287 1382 1323 Henrico
1405 1287 1449 1323 de
1468 1287 1608 1335 Duglas
1627 1308 1635 1316 ·
1657 1288 1836 1325 Willelmo

344 1350 468 1398 Byseth
490 1369 497 1377 ·
519 1349 696 1396 Stephano
715 1348 758 1383 de
778 1347 965 1382 Edenham
985 1365 993 1373 ·
1010 1345 1204 1394 Radulplio
1223 1345 1372 1393 persona
1390 1344 1434 1380 de
1454 1344 1664 1382 Butruchen
1679 1366 1686 1374 ·
1703 1346 1837 1384 Willel-

343 1421 401 1443 mo
423 1406 606 1443 senescallo
626 1425 633 1433 ·
650 1405 804 1441 XVadino
824 1424 832 1432 ·
852 1403 1021 1440 Gamello
1037 1422 1045 1431 ·
1063 1403 1241 1451 Hutyngo
1259 1402 1460 1439 marescallo
1480 1422 1488 1430 ·
1509 1407 1544 1438 et
1561 1403 1638 1438 aliis
1656 1424 1663 1431 ·

348 1579 405 1614 De
424 1576 571 1613 ecclesiis
590 1577 633 1612 de
652 1576 895 1612 Dulbathlach
915 1595 923 1604 ·
939 1576 982 1611 de
1003 1575 1086 1611 Ket·
1107 1581 1143 1611 et
1161 1575 1205 1611 de
1219 1574 1441 1611 Edindiuaoli
1458 1594 1466 1602 ·

350 1694 472 1728 Frater
490 1692 643 1729 Jacobus
661 1691 795 1726 domini
822 1691 914 1738 Pape
939 1690 1209 1738 penitentiarius
1237 1695 1273 1725 et
1296 1690 1499 1738 capellanus
1523 1709 1531 1718 ·
1547 1690 1734 1739 apostolice
1751 1693 1838 1728 sedis

349 1750 485 1797 legatus
504 1769 512 1777 ·
533 1748 724 1784 venerabili
742 1748 779 1783 in
798 1747 936 1784 Christo
958 1748 1050 1795 patri
1068 1747 1187 1783 Bricio
1207 1747 1277 1783 Dei
1302 1747 1416 1795 gratia
1441 1747 1603 1796 episcopo
1627 1749 1838 1785 moraviensi

349 1807 494 1842 salutem
513 1807 549 1841 in
568 1806 728 1841 Domino
756 1824 764 1832 ·
794 1805 891 1841 Solet
910 1818 1066 1840 annuere
1091 1805 1188 1840 sedes
1211 1804 1399 1853 apostolica
1422 1805 1487 1853 piis
1507 1805 1599 1840 votis
1623 1811 1658 1841 et
1687 1806 1839 1842 honestis

350 1864 545 1912 petentium
565 1862 727 1911 precibus
752 1862 964 1898 benevolum
992 1862 1163 1910 impertiri
1186 1862 1391 1898 consensum
1411 1881 1419 1890 ·
1441 1862 1640 1910 Eapropter
1665 1863 1840 1900 kariffime

350 1927 450 1969 pater
468 1921 503 1955 iii
524 1919 661 1956 Christo
679 1919 748 1955 tuis
766 1918 866 1967 justis
891 1919 1051 1967 precibus
1076 1925 1179 1967 grato
1205 1924 1460 1955 concurrentes
1478 1920 1609 1955 assensu
1629 1940 1637 1948 ·
1656 1921 1837 1969 personam

350 1985 447 2013 tuam
467 1990 547 2013 cuin
567 1977 730 2012 omnibus
747 1976 848 2011 bonis
869 1990 936 2023 que
955 1977 991 2011 in
1008 1977 1262 2025 presentiarum
1281 1976 1541 2013 rationabiliter
1558 1976 1707 2025 possides
1724 1984 1786 2014 aut
1804 1980 1840 2014 in

351 2036 511 2071 futurum
525 2034 625 2083 justis
642 2034 756 2069 modis
774 2034 879 2069 dante
898 2034 1058 2069 Domino
1076 2035 1207 2082 poteris
1220 2034 1361 2083 adipisci
1375 2034 1436 2069 sub
1450 2034 1542 2070 beati
1557 2034 1654 2070 Petri
1672 2040 1708 2071 et
1724 2035 1841 2071 nostra

353 2093 577 2141 pmteftione
607 2091 807 2139 suscipimus
836 2110 843 2118 ·
869 2091 1073 2139 Specialiter
1100 2097 1218 2127 autem
1246 2092 1290 2127 de
1314 2091 1556 2127 Dulbathlach
1575 2111 1583 2120 ·
1604 2092 1647 2128 de
1678 2092 1751 2128 Ket
1772 2113 1780 2120 ·
1806 2099 1842 2129 et

355 2150 398 2185 de
414 2149 644 2186 Edendiuach
663 2147 820 2184 ecclesias
834 2161 919 2195 quas
937 2148 1080 2195 quidam
1099 2148 1178 2184 laici
1196 2149 1260 2185 tibi
1278 2154 1314 2185 et
1330 2149 1447 2185 mense
1465 2154 1526 2184 tue
1543 2149 1682 2197 pietatis
1708 2150 1842 2185 intuitu

355 2207 599 2242 concesserunt
626 2225 633 2234 ·
661 2204 746 2241 sicut
772 2218 813 2241 ea
839 2205 959 2241 omnia
978 2205 1070 2254 juste
1091 2219 1130 2241 ac
1151 2207 1295 2254 pacifice
1318 2212 1354 2242 et
1377 2207 1546 2242 canonice
1568 2205 1716 2255 possides
1743 2212 1779 2242 et
1804 2208 1841 2242 in

358 2265 571 2300 donatorum
586 2262 795 2299 aii&enticis
807 2263 934 2299 dicitur
946 2263 1119 2300 contineri
1133 2283 1140 2292 ·
1154 2264 1216 2299 tibi
1230 2270 1265 2300 et
1278 2278 1342 2312 per
1355 2269 1390 2300 te
1403 2264 1518 2300 mense
1532 2269 1593 2300 tue
1608 2283 1616 2292 ·
1628 2264 1841 2300 &infitoritate
