2060 2660
587 168 904 205 REGISTRUM
932 169 1293 209 MORAVIENSE.
1615 182 1683 222 173

196 270 284 305 alioS
300 266 471 315 aflignare
490 285 499 294 ·
522 267 619 302 unde
636 266 745 301 iidem
764 266 931 302 dominus
947 267 1103 303 Jacobus
1121 274 1156 303 et
1176 269 1382 307 Alexander
1404 273 1589 311 sentientes
1611 276 1685 312 Ab·

197 327 314 363 batem
331 329 368 361 et
384 328 603 360 conventum
621 323 803 371 predictos
821 323 859 358 in
877 324 946 359 hoc
970 329 1097 359 eontra
1113 325 1289 372 justiciam
1314 332 1498 376 pregavari
1523 333 1686 379 protesta-

195 384 325 420 bantur
343 382 387 418 de
405 381 619 430 appellando
638 400 647 408 ·
666 386 702 416 et
720 380 817 416 tedio
831 380 950 416 affecti
967 381 1013 416 ad
1031 381 1216 417 dominum
1233 383 1335 418 suum
1353 385 1533 423 distantem
1552 402 1572 424 a
1589 391 1687 426 vobis

195 453 258 490 per
271 439 392 488 plures
406 439 519 475 dietas
532 451 607 474 non
620 437 691 473 fine
705 438 873 485 gravibus
886 438 1066 474 laboribus
1081 444 1116 474 et
1130 439 1287 485 expenfis
1301 441 1434 477 infecto
1448 446 1592 491 negotio
1610 447 1687 483 sunt

194 495 322 535 reverfi
339 516 348 525 ·
377 496 486 533 Unde
505 495 629 531 Abbas
646 495 716 543 ipse
734 495 859 531 volens
877 495 1128 543 indempnitati
1145 496 1196 532 sui
1215 497 1414 534 monasterii
1440 513 1627 547 precavere
1653 511 1687 540 et

193 568 256 605 per
272 555 475 602 frequentes
498 566 646 602 precum
674 551 858 588 effusiones
881 552 1030 588 vestram
1056 558 1185 601 putans
1211 560 1353 602 captare
1378 556 1660 595 benevolentiam
1679 581 1686 589 ·

193 625 249 649 me
268 612 456 648 Andream
475 610 536 647 Ox
554 615 823 659 procuratorem
843 610 944 646 suum
963 611 1007 645 ad
1025 611 1220 659 petendum
1239 617 1276 647 et
1293 613 1534 660 recipiendum
1553 618 1687 665 copiam

188 670 369 719 processus
387 668 540 718 prediefi
558 673 594 704 et
612 668 657 703 ad
675 668 745 703 alia
762 667 925 703 facienda
941 680 1011 715 que
1029 668 1074 703 ad
1092 668 1386 715 indempnitatem
1400 672 1599 708 monasterii
1612 688 1688 720 pre-

192 728 280 764 dieti
296 727 486 763 necessaria
502 726 622 762 forent
640 725 700 761 seu
718 725 830 761 eciam
849 730 1053 773 opportuna
1070 738 1152 761 cum
1170 726 1278 774 pleno
1296 729 1464 765 mandato
1482 731 1665 768 transmifit
1678 752 1685 760 ·

191 799 297 834 quam
315 785 458 833 quidem
477 784 615 832 copiam
634 783 795 831 quamvis
822 783 935 831 sepius
958 788 994 819 et
1018 783 1208 831 diligenter
1230 785 1423 832 petivifl'em
1446 787 1552 835 ipsam
1570 794 1687 826 tamen

191 843 331 879 tradere
355 841 514 878 noluistis
532 860 541 869 ·
569 841 678 877 Unde
701 854 745 876 ex
767 841 833 875 hiis
858 846 894 876 et
915 840 992 876 aliis
1011 854 1076 889 pro
1101 841 1180 877 loco
1205 847 1241 877 et
1265 847 1427 889 tempore
1450 848 1688 894 proponendis

190 901 415 950 perpendens
433 899 529 947 quod
543 899 636 947 parti
650 898 794 934 adverse
812 898 964 934 nimium
981 899 1106 934 favetis
1123 899 1278 935 nitentes
1290 900 1350 948 jus
1367 901 1521 948 ipsorum
1541 903 1688 940 Abbatis

191 959 407 1007 supprimere
434 963 470 994 et
496 961 693 993 conventus
724 976 732 984 ·
765 969 811 992 ex
840 969 883 992 eo
911 957 1008 1004 quod
1034 957 1172 1005 copiam
1198 959 1374 1005 proeefl'us
1404 960 1556 1007 predicti
1582 969 1688 1009 prout

192 1016 327 1052 debetis
344 1016 484 1051 tradere
509 1015 676 1051 recusatis
699 1027 767 1050 nec
791 1014 903 1062 ipsum
932 1014 1151 1050 describendi
1177 1016 1371 1051 conceditis
1396 1017 1598 1055 facultatem
1618 1039 1626 1048 ·
1652 1021 1684 1055 A

191 1074 292 1110 vobis
306 1074 449 1110 domine
464 1073 673 1109 Alexander
691 1072 851 1121 episcope
867 1071 1097 1109 (Doravienfis
1111 1077 1147 1109 et
1164 1086 1185 1108 a
1202 1074 1361 1121 procefl'u
1374 1074 1488 1111 vestro
1501 1077 1663 1124 predi&o
1679 1098 1686 1106 ·

191 1131 375 1168 anormalo
392 1136 435 1167 ut
450 1131 603 1179 suspicor
626 1136 662 1166 et
684 1131 807 1179 inepto
831 1130 894 1165 nifi
916 1131 960 1166 de
984 1144 1079 1167 novo
1098 1131 1290 1167 fabricetur
1307 1145 1388 1167 cum
1406 1133 1517 1181 ipsum
1535 1147 1610 1170 non
1627 1149 1686 1171 au-

192 1189 303 1226 deatis
320 1189 358 1225 in
375 1189 492 1225 lucem
509 1189 686 1225 deducere
704 1208 712 1216 ·
732 1189 777 1224 ad
791 1188 1046 1224 sacrosanctam
1060 1189 1177 1225 sedem
1191 1189 1414 1237 apostolicam
1429 1191 1508 1239 Ego
1521 1191 1686 1229 Andreas

191 1252 402 1296 procurator
417 1247 600 1295 predififfls
613 1246 769 1293 ipsorum
786 1246 936 1282 Abbatis
954 1252 990 1282 et
1008 1253 1206 1282 conventus
1224 1252 1259 1283 et
1276 1249 1523 1295 procuratorio
1541 1251 1685 1287 nomine

190 1307 227 1341 in
249 1305 316 1340 hiis
333 1305 467 1353 scriptis
490 1318 648 1353 provoco
671 1310 707 1340 et
730 1305 871 1353 appello
896 1324 904 1332 ·
933 1309 968 1340 et
991 1304 1164 1353 apostolos
1182 1304 1350 1341 instanter
1367 1305 1550 1342 instantius
1577 1313 1612 1343 et
1634 1309 1685 1344 in-

190 1361 389 1399 stantiffime
403 1362 506 1411 super
519 1363 588 1398 hoc
606 1363 694 1398 mihi
711 1368 795 1411 peto
815 1362 973 1398 exhiberi
992 1382 1000 1390 ·
1020 1362 1204 1411 subjiciens
1221 1362 1333 1411 ipsum
1353 1362 1529 1399 Abbatem
1550 1371 1585 1401 et
1603 1379 1685 1401 con-

188 1426 336 1457 ventum
362 1426 399 1457 et
425 1420 675 1457 monasterium
701 1421 905 1469 predifitum
928 1425 964 1456 et
985 1433 1108 1456 omnes
1125 1419 1185 1455 fibi
1203 1420 1412 1457 adherentes
1430 1421 1488 1457 seu
1512 1423 1683 1459 adherere

187 1478 348 1515 volentes
365 1492 406 1514 ac
423 1479 588 1515 universa
607 1479 804 1515 eorundem
831 1479 926 1514 bona
949 1478 1093 1514 mobilia
1120 1483 1156 1514 et
1178 1478 1373 1514 immobilia
1396 1479 1540 1515 tuitioni
1564 1481 1682 1517 defen-

187 1535 273 1572 fioni
298 1542 334 1573 et
358 1537 576 1585 proteefioni
602 1537 690 1573 sedis
716 1536 903 1585 apostolice
925 1536 1125 1584 supradicte
1144 1555 1152 1564 ·
1178 1536 1226 1571 Et
1252 1549 1297 1572 ne
1321 1549 1385 1572 vos
1406 1537 1551 1573 domine
1570 1537 1682 1575 Alex-

187 1594 297 1630 ander
322 1594 481 1643 episcope
505 1595 563 1630 seu
587 1595 712 1642 aliquis
737 1595 926 1643 deputatus
943 1607 965 1629 a
981 1594 1081 1629 vobis
1099 1599 1225 1629 contra
1240 1594 1330 1642 ipsos
1349 1594 1529 1630 Abbatem
1547 1601 1582 1631 et
1599 1609 1682 1632 con-

187 1657 334 1688 ventum
351 1665 415 1701 per
433 1653 527 1688 viam
547 1651 774 1701 suspensionis
793 1672 801 1680 ·
821 1651 1198 1688 excommunicationis
1216 1671 1224 1679 ·
1243 1651 1429 1687 frufiimum
1446 1652 1682 1700 sequestratio-

184 1710 239 1745 nis
256 1710 314 1746 vel
337 1710 521 1746 interdieti
547 1711 738 1746 sententias
764 1709 961 1757 aliqualiter
988 1709 1188 1757 procedatis
1208 1709 1266 1744 vel
1289 1709 1460 1757 procedat
1478 1729 1486 1738 ·
1514 1723 1596 1746 cum
1612 1710 1681 1747 fitis

185 1766 287 1816 ipfius
305 1767 506 1804 monasterii
524 1773 560 1804 et
577 1768 834 1804 monachorum
854 1772 978 1815 patens
995 1767 1160 1802 inimicus
1174 1786 1182 1794 ·
1197 1766 1288 1814 ipsos
1301 1767 1345 1802 de
1363 1767 1510 1815 triginta
1526 1769 1680 1816 quinque

136 1844 139 1847 ·
183 1824 280 1861 libris
302 1825 553 1874 sterlingorum
577 1827 621 1862 de
647 1826 823 1862 fructibus
846 1824 988 1861 ecclefie
1011 1825 1070 1861 sue
1092 1825 1136 1861 de
1156 1824 1399 1861 Abirkerthor
1416 1831 1541 1862 contra
1558 1827 1677 1863 Deum

184 1888 220 1919 et
239 1883 415 1932 justiciam
441 1897 482 1920 ac
508 1884 650 1920 indulta
675 1883 864 1932 apostolica
886 1883 1001 1919 eidem
1025 1882 1237 1918 monasterio
1261 1883 1419 1919 concefl'a
1443 1884 1528 1919 alias
1545 1890 1677 1921 temere

183 1940 365 1990 spoliando
385 1961 393 1970 ·
412 1942 510 1990 quod
536 1942 687 1990 probare
708 1941 902 1977 intendunt
919 1940 980 1976 ubi
997 1940 1101 1989 supra
1119 1960 1127 1969 ·
1153 1941 1255 1989 super
1272 1954 1342 1988 qua
1359 1941 1469 1977 eciam
1487 1942 1616 1990 injuria
1632 1943 1677 1978 ad

183 1999 330 2035 eandem
353 1999 471 2036 sedem
498 1999 725 2048 apostolicam
752 2011 877 2034 eorum
901 1998 1047 2034 nomine
1072 1998 1304 2047 personaliter
1321 2012 1385 2035 vos
1404 1999 1543 2048 appello
1563 2019 1571 2028 ·
1596 2014 1675 2049 pro-

181 2055 308 2092 testans
325 2058 471 2094 nomine
489 2071 561 2105 quo
579 2058 683 2106 supra
699 2057 790 2092 hanc
808 2056 1082 2105 appellationem
1101 2056 1273 2093 innovare
1291 2057 1469 2104 corrigere
1487 2058 1674 2094 emendare

181 2126 222 2149 ac
246 2114 361 2151 eidem
388 2116 520 2151 addere
547 2121 583 2151 et
609 2115 796 2151 detrahere
822 2119 931 2162 prout
959 2114 1111 2150 dominis
1139 2115 1226 2150 meis
1253 2114 1461 2163 supradictis
1488 2120 1524 2151 et
1549 2128 1670 2151 eorum

181 2170 322 2208 confilio
340 2173 521 2209 videbitur
539 2173 707 2222 expedire
722 2192 730 2201 ·
758 2172 816 2209 Ne
834 2185 920 2208 vero
938 2172 1116 2221 procefl'us
1132 2172 1246 2209 vester
1262 2171 1306 2208 fic
1324 2172 1385 2208 sub
1399 2172 1519 2208 modio
1537 2173 1670 2208 conser-

181 2234 281 2265 vatus
295 2229 430 2266 Abbati
444 2236 480 2267 et
493 2230 688 2267 conventui
705 2230 876 2278 predictis
894 2230 953 2265 seu
970 2230 1031 2266 suo
1049 2229 1260 2266 monasterio
1279 2228 1366 2266 obfit
1379 2249 1388 2258 ·
1406 2228 1430 2264 fi
1446 2242 1509 2278 per
1527 2242 1607 2264 eum
1624 2230 1668 2264 ad

181 2285 374 2324 miffionem
392 2289 430 2324 in
447 2287 688 2337 pofl'eflionem
705 2288 883 2324 bonorum
901 2287 1087 2324 mobilium
1105 2288 1163 2324 vel
1180 2287 1413 2324 immobilium
1434 2286 1525 2335 juste
1542 2286 1598 2322 vel
1617 2287 1666 2321 in-
