1912 2660
88 945 158 985 275

582 148 899 187 REGISTRUM
927 149 1144 187 MORAVI
1150 150 1290 186 ENSE.
1606 152 1678 191 357

190 266 254 289 nos
281 249 460 300 requisitus
489 249 585 285 dicte
612 248 782 285 electioni
810 246 980 284 consensit
1004 247 1131 283 nolens
1155 247 1274 283 divine
1297 246 1449 283 resistere
1472 247 1651 283 voluntati
1670 266 1678 274 ·

189 323 293 358 quem
311 321 374 345 nos
391 306 594 356 paternitati
611 305 723 342 vestre
744 306 940 341 reverende
958 318 1039 341 cum
1057 305 1260 340 reverentia
1276 304 1394 339 debita
1411 304 1651 352 presentamus
1670 324 1678 332 ·

188 366 417 415 supplicantes
439 364 568 400 devote
594 369 636 399 ut
659 363 870 399 electionem
896 361 941 398 fic
964 376 1028 410 per
1045 375 1111 398 nos
1129 362 1173 397 de
1192 362 1264 410 ipso
1283 361 1510 397 concorditer
1528 362 1680 397 celebra-

188 430 259 460 tam
281 421 475 471 dignemini
498 421 541 457 de
559 421 673 458 vestro
691 420 886 469 pontificali
904 420 1021 455 officio
1040 425 1076 456 et
1093 419 1304 455 auctoritate
1323 418 1505 454 ordinaria
1522 431 1566 454 ex
1584 424 1681 454 certa

186 481 326 517 scientia
343 479 554 516 confirmare
571 497 581 507 ·
608 479 661 515 Ut
679 483 798 514 autem
817 477 929 514 sciatis
951 490 1018 513 nos
1039 477 1152 526 ipsum
1178 476 1405 512 concorditer
1431 475 1569 523 elegiss'e
1592 475 1681 523 figil-

186 538 259 573 lum
273 550 461 573 commune
476 541 674 573 conventus
691 535 800 572 nostri
817 535 901 571 huic
919 535 1063 571 decreto
1081 535 1141 570 sue
1159 533 1343 570 electionis
1359 533 1506 569 fecimus
1524 533 1655 581 apponi
1672 552 1679 560 ·

188 595 322 631 Datum
340 595 377 630 in
396 595 502 630 domo
526 594 644 630 nostra
667 592 854 643 capitulari
872 593 957 628 ·xiii·
977 593 1033 629 die
1052 591 1177 629 menfis
1196 590 1350 639 Augusti
1367 603 1463 626 anno
1482 595 1548 626 etc·
1571 603 1681 626 nona-

185 651 313 700 gefimo
331 657 458 688 octavo
478 671 486 680 ·

187 824 400 861 Mandatum
419 825 462 861 de
481 824 761 874 proclamatione
779 824 961 861 electionis
980 844 988 852 ·

185 940 386 976 Willelmus
414 940 636 976 miseratione
665 940 786 976 divina
813 940 993 989 episcopus
1021 938 1250 977 moraviensis
1279 939 1426 975 domino
1456 940 1518 975 -m-
1547 939 1591 974 de
1619 937 1680 973 -D·

185 997 366 1046 capellano
384 997 530 1034 salutem
549 1017 557 1027 ·
590 998 648 1034 Ne
676 998 856 1034 celeritate
884 997 1164 1034 confirmationis
1189 998 1373 1034 electionis
1392 1016 1401 1026 ·
1426 997 1509 1033 licet
1534 997 1573 1032 in
1599 1009 1683 1033 con·

185 1055 306 1091 cordia
323 1055 498 1091 celebrata
516 1055 637 1092 existat
653 1075 661 1084 ·
681 1056 725 1092 de
744 1056 890 1092 domino
910 1056 1120 1092 Alexandro
1140 1055 1315 1092 monacho
1335 1056 1379 1092 de
1398 1055 1450 1091 ·P·
1469 1055 1507 1090 in
1524 1055 1681 1103 priorem

185 1113 362 1161 prioratus
388 1113 541 1161 ejusdem
567 1119 693 1149 contra
717 1114 916 1150 doctrinam
938 1113 1100 1163 Apostoli
1127 1113 1308 1150 scribentis
1335 1114 1381 1149 ad
1408 1113 1652 1162 Tymotheum
1673 1133 1681 1140 ·

185 1170 344 1205 Nemini
369 1171 442 1206 cito
472 1183 608 1207 manus
637 1172 809 1219 imponas
828 1191 836 1199 ·
864 1171 981 1208 facere
1003 1171 1187 1207 videamur
1206 1191 1214 1199 ·
1244 1172 1344 1207 vobis
1365 1172 1620 1207 committimus
1647 1176 1683 1207 et

187 1227 395 1263 mandamus
421 1228 587 1276 quatinus
613 1228 674 1265 etfi
699 1229 819 1265 nullus
837 1230 1015 1265 coelectus
1032 1229 1090 1265 vel
1108 1228 1286 1278 oppofitor
1304 1234 1451 1278 apparet
1467 1229 1683 1277 generaliter

186 1285 222 1319 in
247 1284 388 1320 ecclefia
409 1286 587 1334 prioratus
611 1287 655 1322 de
674 1287 726 1322 ·P·
746 1287 781 1322 in
800 1300 870 1335 qua
887 1287 1013 1323 electio
1037 1287 1081 1322 de
1109 1287 1181 1335 ipso
1204 1287 1296 1323 facta
1319 1286 1368 1322 est
1393 1287 1488 1323 intra
1505 1287 1681 1322 missarum

185 1342 391 1390 sollempnia
413 1343 553 1391 publice
574 1344 800 1392 proclametis
821 1345 859 1380 in
879 1344 942 1380 isto
967 1344 1052 1380 festo
1072 1344 1331 1393 Affumptionis
1348 1345 1450 1380 beate
1469 1345 1583 1381 (Darie
1601 1344 1683 1380 Vir-

184 1399 276 1447 ginis
303 1405 338 1435 et
361 1401 534 1436 moneatis
562 1406 603 1437 ut
628 1400 653 1436 fi
678 1402 738 1449 qui
761 1400 827 1437 fint
852 1415 1003 1450 quorum
1032 1400 1176 1438 interest
1198 1402 1260 1450 qui
1286 1402 1319 1438 se
1346 1402 1474 1438 volunt
1500 1415 1682 1451 opponere

185 1456 243 1492 sue
268 1457 436 1493 ele‹ffioni
461 1464 689 1506 compareant
710 1472 831 1494 coram
853 1459 955 1495 nobis
981 1460 1018 1495 in
1045 1458 1187 1496 ecclefia
1208 1459 1326 1496 nostra
1351 1460 1545 1496 cathedrali
1564 1462 1682 1497 (Dora-

187 1513 293 1549 vienfi
312 1514 368 1550 die
387 1515 558 1552 (Dercurii
577 1516 659 1551 ·xxi·
680 1516 736 1551 die
754 1516 859 1565 hujus
877 1516 1002 1552 menfis
1024 1516 1175 1565 Augusti
1194 1536 1203 1545 ·
1231 1530 1336 1565 quem
1362 1518 1411 1553 eis
1434 1530 1500 1566 pro
1526 1518 1681 1553 termino

186 1572 426 1619 peremptorio
452 1571 662 1620 affignamus
681 1592 690 1602 ·
718 1586 759 1609 ea
785 1587 853 1621 que
878 1587 1060 1622 opponere
1081 1574 1263 1610 voluerint
1284 1574 1442 1623 legitime
1468 1574 1652 1623 probaturi
1672 1595 1680 1603 ·

186 1628 388 1665 intimantes
407 1629 533 1665 eisdem
553 1631 650 1678 quod
670 1629 695 1666 fi
717 1631 754 1666 in
779 1632 877 1667 (1ίᾶὶο
900 1632 1054 1668 termino
1072 1645 1148 1668 non
1164 1632 1329 1668 venerint
1347 1632 1436 1681 ipsos
1454 1632 1529 1681 post
1546 1633 1681 1681 lapsum

184 1685 278 1721 illius
299 1687 442 1722 termini
465 1687 509 1722 ab
535 1688 716 1724 audientia
739 1688 969 1725 excludemus
988 1709 996 1717 ·
1028 1690 1072 1725 In
1096 1689 1202 1738 hujus
1225 1690 1384 1726 mandati
1402 1689 1511 1725 nostri
1529 1690 1681 1726 testimo-

183 1743 283 1778 nium
307 1741 457 1791 figillum
485 1744 643 1781 nostrum
666 1745 885 1794 presentibus
902 1747 1049 1783 fecimus
1066 1747 1197 1796 apponi
1216 1767 1225 1776 ·
1252 1752 1288 1783 et
1304 1760 1369 1783 vos
1386 1747 1424 1782 in
1441 1745 1578 1795 signum
1602 1762 1681 1784 exe-

184 1800 336 1836 cutionis
353 1814 417 1849 per
435 1814 498 1837 vos
519 1802 613 1839 facte
636 1801 787 1851 figillum
810 1804 962 1840 vestrum
986 1805 1205 1853 presentibus
1227 1806 1412 1854 apponatis
1430 1824 1439 1833 ·
1457 1805 1560 1841 nobis
1578 1806 1680 1841 dictis

185 1858 241 1893 die
269 1863 305 1894 et
331 1858 411 1894 loco
443 1859 684 1907 presentantes
712 1861 849 1897 easdem
868 1881 876 1890 ·
909 1861 1046 1898 Datum
1074 1862 1135 1898 sub
1162 1861 1274 1910 figillo
1301 1862 1421 1899 nostro
1447 1864 1541 1912 apud
1562 1863 1622 1899 -A·
1643 1864 1677 1898 in

184 1915 304 1963 vigilia
322 1915 580 1965 Afl'umptionis
598 1917 699 1954 beate
718 1919 832 1955 marie
850 1931 944 1955 anno
964 1924 1031 1956 etc·
1049 1918 1276 1968 nonagefimo
1295 1926 1422 1956 octavo
1442 1940 1451 1948 ·

185 2086 419 2124 Confirmatio
437 2088 622 2125 electionis
641 2109 649 2117 ·

42 2191 43 2194 Ἴ
88 2203 157 2247 276
186 2200 362 2237 Univerfis
389 2202 568 2250 presentes
595 2203 716 2240 literas
741 2204 948 2253 inspecturis
975 2205 1176 2242 Willelmus
1200 2207 1424 2244 miseratione
1448 2209 1569 2244 divina
1592 2210 1675 2257 epis-

185 2270 292 2306 copus
306 2259 534 2297 moraviensis
552 2266 710 2297 eternam
725 2262 762 2298 in
776 2262 937 2299 Domino
955 2262 1101 2300 salutem
1118 2283 1127 2292 ·
1155 2264 1201 2300 In
1214 2264 1367 2301 vestrum
1387 2266 1546 2302 omnium
1566 2266 1675 2302 dedu-
