<?xml version="1.0" encoding="UTF-8"?>
<!DOCTYPE html PUBLIC "-//W3C//DTD XHTML 1.0 Transitional//EN"
    "http://www.w3.org/TR/xhtml1/DTD/xhtml1-transitional.dtd">
<html xmlns="http://www.w3.org/1999/xhtml" xml:lang="en" lang="en">
 <head>
  <title>
</title>
<meta http-equiv="Content-Type" content="text/html;charset=utf-8" />
  <meta name='ocr-system' content='tesseract 3.04.00' />
  <meta name='ocr-capabilities' content='ocr_page ocr_carea ocr_par ocr_line ocrx_word'/>
</head>
<body>
  <div class='ocr_page' id='page_1' title='image "./registrumepisc5800morauoft_0231.png"; bbox 0 0 2060 2660; ppageno 0'>
   <div class='ocr_carea' id='block_1_1' title="bbox 80 1106 146 1137">
    <p class='ocr_par' dir='ltr' id='par_1_1' title="bbox 80 1106 146 1137">
     <span class='ocr_line' id='line_1_1' title="bbox 80 1106 146 1137; baseline 0 0"><span class='ocrx_word' id='word_1_1' title='bbox 80 1106 146 1137; x_wconf 87' lang='lat'>111</span> 
     </span>
    </p>
   </div>
   <div class='ocr_carea' id='block_1_2' title="bbox 568 137 1661 184">
    <p class='ocr_par' dir='ltr' id='par_1_2' title="bbox 568 137 1661 184">
     <span class='ocr_line' id='line_1_2' title="bbox 568 137 1661 184; baseline 0.01 -11"><span class='ocrx_word' id='word_1_2' title='bbox 568 137 886 175; x_wconf 88' lang='lat' dir='ltr'><strong>REGISTRUM</strong></span> <span class='ocrx_word' id='word_1_3' title='bbox 914 139 1275 178; x_wconf 86' lang='lat' dir='ltr'><strong>MORAVIENSE.</strong></span> <span class='ocrx_word' id='word_1_4' title='bbox 1592 151 1661 184; x_wconf 67' lang='lat'>193</span> 
     </span>
    </p>
   </div>
   <div class='ocr_carea' id='block_1_3' title="bbox 170 237 1668 852">
    <p class='ocr_par' dir='ltr' id='par_1_3' title="bbox 170 237 1668 852">
     <span class='ocr_line' id='line_1_3' title="bbox 171 237 1662 285; baseline 0.005 -10"><span class='ocrx_word' id='word_1_5' title='bbox 171 238 398 275; x_wconf 86' lang='lat' dir='ltr'>servientium</span> <span class='ocrx_word' id='word_1_6' title='bbox 418 256 426 265; x_wconf 93' lang='lat'><strong>·</strong></span> <span class='ocrx_word' id='word_1_7' title='bbox 454 242 611 285; x_wconf 87' lang='lat' dir='ltr'>quatuor</span> <span class='ocrx_word' id='word_1_8' title='bbox 636 250 773 272; x_wconf 86' lang='lat' dir='ltr'>marcas</span> <span class='ocrx_word' id='word_1_9' title='bbox 796 237 981 272; x_wconf 81' lang='lat' dir='ltr'><strong>annuatim</strong></span> <span class='ocrx_word' id='word_1_10' title='bbox 999 238 1242 285; x_wconf 85' lang='lat' dir='ltr'>percipiendas</span> <span class='ocrx_word' id='word_1_11' title='bbox 1260 240 1304 274; x_wconf 91' lang='lat' dir='ltr'>de</span> <span class='ocrx_word' id='word_1_12' title='bbox 1322 240 1424 276; x_wconf 86' lang='lat' dir='ltr'>firma</span> <span class='ocrx_word' id='word_1_13' title='bbox 1440 244 1662 283; x_wconf 91' lang='lat' dir='ltr'>molendino-</span> 
     </span>
     <span class='ocr_line' id='line_1_4' title="bbox 171 294 1663 347; baseline 0.004 -15"><span class='ocrx_word' id='word_1_14' title='bbox 171 310 251 332; x_wconf 88' lang='lat' dir='ltr'>rum</span> <span class='ocrx_word' id='word_1_15' title='bbox 269 296 469 332; x_wconf 87' lang='lat' dir='ltr'>nostrorum</span> <span class='ocrx_word' id='word_1_16' title='bbox 488 295 532 330; x_wconf 92' lang='lat' dir='ltr'>de</span> <span class='ocrx_word' id='word_1_17' title='bbox 553 295 757 330; x_wconf 88' lang='lat' dir='ltr'>Inuernarn</span> <span class='ocrx_word' id='word_1_18' title='bbox 777 314 785 322; x_wconf 89' lang='lat'><strong>·</strong></span> <span class='ocrx_word' id='word_1_19' title='bbox 828 294 951 336; x_wconf 83' lang='lat' dir='ltr'>Quare</span> <span class='ocrx_word' id='word_1_20' title='bbox 975 295 1141 330; x_wconf 87' lang='lat' dir='ltr'>volumus</span> <span class='ocrx_word' id='word_1_21' title='bbox 1165 301 1200 330; x_wconf 84' lang='lat' dir='ltr'>et</span> <span class='ocrx_word' id='word_1_22' title='bbox 1222 296 1371 332; x_wconf 85' lang='lat' dir='ltr'>firmiter</span> <span class='ocrx_word' id='word_1_23' title='bbox 1393 301 1604 347; x_wconf 81' lang='lat' dir='ltr'>precipimus</span> <span class='ocrx_word' id='word_1_24' title='bbox 1621 310 1663 340; x_wconf 85' lang='lat' dir='ltr'>ut</span> 
     </span>
     <span class='ocr_line' id='line_1_5' title="bbox 172 351 1664 408; baseline 0.001 -19"><span class='ocrx_word' id='word_1_25' title='bbox 172 354 317 391; x_wconf 85' lang='lat' dir='ltr'>firmarii</span> <span class='ocrx_word' id='word_1_26' title='bbox 343 353 524 389; x_wconf 61' lang='lat' dir='ltr'>dictorum</span> <span class='ocrx_word' id='word_1_27' title='bbox 549 352 840 388; x_wconf 87' lang='lat' dir='ltr'>molendinorum</span> <span class='ocrx_word' id='word_1_28' title='bbox 858 351 1061 387; x_wconf 90' lang='lat' dir='ltr'>nostrorum</span> <span class='ocrx_word' id='word_1_29' title='bbox 1080 352 1124 387; x_wconf 94' lang='lat' dir='ltr'>de</span> <span class='ocrx_word' id='word_1_30' title='bbox 1145 351 1346 388; x_wconf 83' lang='lat' dir='ltr'>Inuernarn</span> <span class='ocrx_word' id='word_1_31' title='bbox 1365 356 1534 401; x_wconf 68' lang='lat' dir='ltr'>predictis</span> <span class='ocrx_word' id='word_1_32' title='bbox 1552 362 1664 408; x_wconf 70' lang='lat' dir='ltr'>capel-</span> 
     </span>
     <span class='ocr_line' id='line_1_6' title="bbox 171 409 1662 462; baseline 0.004 -15"><span class='ocrx_word' id='word_1_33' title='bbox 171 413 254 447; x_wconf 90' lang='lat' dir='ltr'>lano</span> <span class='ocrx_word' id='word_1_34' title='bbox 280 417 316 446; x_wconf 89' lang='lat' dir='ltr'>et</span> <span class='ocrx_word' id='word_1_35' title='bbox 341 411 471 446; x_wconf 88' lang='lat' dir='ltr'>clerico</span> <span class='ocrx_word' id='word_1_36' title='bbox 499 410 559 457; x_wconf 91' lang='lat' dir='ltr'>qui</span> <span class='ocrx_word' id='word_1_37' title='bbox 585 410 622 445; x_wconf 90' lang='lat' dir='ltr'>in</span> <span class='ocrx_word' id='word_1_38' title='bbox 649 410 746 445; x_wconf 66' lang='lat' dir='ltr'>dicta</span> <span class='ocrx_word' id='word_1_39' title='bbox 772 409 908 457; x_wconf 84' lang='lat' dir='ltr'>capella</span> <span class='ocrx_word' id='word_1_40' title='bbox 933 409 1055 445; x_wconf 67' lang='lat' dir='ltr'>Sancti</span> <span class='ocrx_word' id='word_1_41' title='bbox 1073 409 1241 445; x_wconf 84' lang='lat' dir='ltr'>Nicholai</span> <span class='ocrx_word' id='word_1_42' title='bbox 1265 423 1330 458; x_wconf 91' lang='lat' dir='ltr'>pro</span> <span class='ocrx_word' id='word_1_43' title='bbox 1352 411 1431 446; x_wconf 85' lang='lat' dir='ltr'>loco</span> <span class='ocrx_word' id='word_1_44' title='bbox 1451 419 1486 448; x_wconf 86' lang='lat' dir='ltr'>et</span> <span class='ocrx_word' id='word_1_45' title='bbox 1503 420 1662 462; x_wconf 88' lang='lat' dir='ltr'>tempore</span> 
     </span>
     <span class='ocr_line' id='line_1_7' title="bbox 170 465 1663 515; baseline 0.003 -11"><span class='ocrx_word' id='word_1_46' title='bbox 170 468 446 504; x_wconf 80' lang='lat' dir='ltr'>ministraverint</span> <span class='ocrx_word' id='word_1_47' title='bbox 464 474 618 515; x_wconf 87' lang='lat' dir='ltr'>quatuor</span> <span class='ocrx_word' id='word_1_48' title='bbox 636 480 772 503; x_wconf 83' lang='lat' dir='ltr'>marcas</span> <span class='ocrx_word' id='word_1_49' title='bbox 790 465 935 515; x_wconf 82' lang='lat' dir='ltr'>fingulis</span> <span class='ocrx_word' id='word_1_50' title='bbox 951 467 1054 502; x_wconf 87' lang='lat' dir='ltr'>annis</span> <span class='ocrx_word' id='word_1_51' title='bbox 1071 467 1201 502; x_wconf 87' lang='lat' dir='ltr'>habere</span> <span class='ocrx_word' id='word_1_52' title='bbox 1219 467 1349 503; x_wconf 84' lang='lat' dir='ltr'>faciant</span> <span class='ocrx_word' id='word_1_53' title='bbox 1364 487 1372 496; x_wconf 93' lang='lat'><strong>·</strong></span> <span class='ocrx_word' id='word_1_54' title='bbox 1393 468 1521 505; x_wconf 87' lang='lat' dir='ltr'>scilicet</span> <span class='ocrx_word' id='word_1_55' title='bbox 1535 474 1663 509; x_wconf 89' lang='lat' dir='ltr'>medie-</span> 
     </span>
     <span class='ocr_line' id='line_1_8' title="bbox 170 524 1663 565; baseline -0.002 -3"><span class='ocrx_word' id='word_1_56' title='bbox 170 532 279 562; x_wconf 82' lang='lat' dir='ltr'><strong>tatem</strong></span> <span class='ocrx_word' id='word_1_57' title='bbox 306 526 351 561; x_wconf 86' lang='lat' dir='ltr'>ad</span> <span class='ocrx_word' id='word_1_58' title='bbox 379 524 637 561; x_wconf 89' lang='lat' dir='ltr'>Penthecosten</span> <span class='ocrx_word' id='word_1_59' title='bbox 664 530 700 560; x_wconf 86' lang='lat' dir='ltr'>et</span> <span class='ocrx_word' id='word_1_60' title='bbox 726 525 831 560; x_wconf 83' lang='lat' dir='ltr'>aliam</span> <span class='ocrx_word' id='word_1_61' title='bbox 859 524 1087 560; x_wconf 89' lang='lat' dir='ltr'>medietatem</span> <span class='ocrx_word' id='word_1_62' title='bbox 1115 525 1161 559; x_wconf 81' lang='lat' dir='ltr'>ad</span> <span class='ocrx_word' id='word_1_63' title='bbox 1189 524 1312 560; x_wconf 88' lang='lat' dir='ltr'>festum</span> <span class='ocrx_word' id='word_1_64' title='bbox 1340 525 1463 561; x_wconf 64' lang='lat' dir='ltr'>Sanfifi</span> <span class='ocrx_word' id='word_1_65' title='bbox 1489 529 1636 565; x_wconf 68' lang='lat' dir='ltr'>martini</span> <span class='ocrx_word' id='word_1_66' title='bbox 1656 552 1663 559; x_wconf 96' lang='lat'>.</span> 
     </span>
     <span class='ocr_line' id='line_1_9' title="bbox 170 582 1667 631; baseline 0.002 -11"><span class='ocrx_word' id='word_1_67' title='bbox 170 584 333 621; x_wconf 81' lang='lat' dir='ltr'>Testibus</span> <span class='ocrx_word' id='word_1_68' title='bbox 351 584 534 619; x_wconf 46' lang='lat' dir='ltr'>&amp;Villelmo</span> <span class='ocrx_word' id='word_1_69' title='bbox 553 584 597 619; x_wconf 93' lang='lat' dir='ltr'>de</span> <span class='ocrx_word' id='word_1_70' title='bbox 619 583 856 631; x_wconf 84' lang='lat' dir='ltr'>Bondington</span> <span class='ocrx_word' id='word_1_71' title='bbox 874 582 1086 618; x_wconf 84' lang='lat' dir='ltr'>cancellario</span> <span class='ocrx_word' id='word_1_72' title='bbox 1106 602 1114 610; x_wconf 94' lang='lat'><strong>·</strong></span> <span class='ocrx_word' id='word_1_73' title='bbox 1143 582 1303 618; x_wconf 82' lang='lat' dir='ltr'>Waltero</span> <span class='ocrx_word' id='word_1_74' title='bbox 1328 583 1402 619; x_wconf 85' lang='lat' dir='ltr'>filio</span> <span class='ocrx_word' id='word_1_75' title='bbox 1425 584 1536 620; x_wconf 87' lang='lat' dir='ltr'>Alani</span> <span class='ocrx_word' id='word_1_76' title='bbox 1559 587 1667 624; x_wconf 87' lang='lat' dir='ltr'>senes-</span> 
     </span>
     <span class='ocr_line' id='line_1_10' title="bbox 170 640 1665 691; baseline 0.001 -13"><span class='ocrx_word' id='word_1_77' title='bbox 170 643 250 678; x_wconf 84' lang='lat' dir='ltr'>calli</span> <span class='ocrx_word' id='word_1_78' title='bbox 262 642 457 691; x_wconf 84' lang='lat' dir='ltr'>justiciario</span> <span class='ocrx_word' id='word_1_79' title='bbox 476 641 596 677; x_wconf 88' lang='lat' dir='ltr'>Scotie</span> <span class='ocrx_word' id='word_1_80' title='bbox 615 660 624 668; x_wconf 94' lang='lat'><strong>·</strong></span> <span class='ocrx_word' id='word_1_81' title='bbox 646 643 697 677; x_wconf 69' lang='grc' dir='ltr'>Φ·</span> <span class='ocrx_word' id='word_1_82' title='bbox 717 641 848 676; x_wconf 86' lang='lat' dir='ltr'>comite</span> <span class='ocrx_word' id='word_1_83' title='bbox 866 641 910 676; x_wconf 91' lang='lat' dir='ltr'>de</span> <span class='ocrx_word' id='word_1_84' title='bbox 930 640 1082 688; x_wconf 86' lang='lat' dir='ltr'>Anegus</span> <span class='ocrx_word' id='word_1_85' title='bbox 1100 645 1136 675; x_wconf 93' lang='lat' dir='ltr'>et</span> <span class='ocrx_word' id='word_1_86' title='bbox 1156 640 1311 675; x_wconf 85' lang='lat' dir='ltr'>Katania</span> <span class='ocrx_word' id='word_1_87' title='bbox 1329 660 1337 668; x_wconf 92' lang='lat'><strong>·</strong></span> <span class='ocrx_word' id='word_1_88' title='bbox 1362 641 1529 679; x_wconf 88' lang='lat' dir='ltr'>Johanne</span> <span class='ocrx_word' id='word_1_89' title='bbox 1551 643 1642 680; x_wconf 84' lang='lat' dir='ltr'>Biset</span> <span class='ocrx_word' id='word_1_90' title='bbox 1658 666 1665 673; x_wconf 95' lang='lat'><em>-</em></span> 
     </span>
     <span class='ocr_line' id='line_1_11' title="bbox 170 697 1668 750; baseline 0 -14"><span class='ocrx_word' id='word_1_91' title='bbox 170 700 330 736; x_wconf 88' lang='lat' dir='ltr'>Waltero</span> <span class='ocrx_word' id='word_1_92' title='bbox 350 699 445 735; x_wconf 82' lang='lat' dir='ltr'>Biset</span> <span class='ocrx_word' id='word_1_93' title='bbox 463 718 472 727; x_wconf 65' lang='grc' dir='ltr'><strong><em>ο</em></strong></span> <span class='ocrx_word' id='word_1_94' title='bbox 492 701 543 736; x_wconf 75' lang='lat' dir='ltr'>m·</span> <span class='ocrx_word' id='word_1_95' title='bbox 562 698 637 734; x_wconf 90' lang='lat' dir='ltr'>filio</span> <span class='ocrx_word' id='word_1_96' title='bbox 656 700 719 735; x_wconf 79' lang='lat' dir='ltr'>-oe-</span> <span class='ocrx_word' id='word_1_97' title='bbox 740 698 879 734; x_wconf 84' lang='lat' dir='ltr'>comitis</span> <span class='ocrx_word' id='word_1_98' title='bbox 899 698 942 733; x_wconf 91' lang='lat' dir='ltr'>de</span> <span class='ocrx_word' id='word_1_99' title='bbox 962 697 1160 733; x_wconf 85' lang='lat' dir='ltr'>Leuenaux</span> <span class='ocrx_word' id='word_1_100' title='bbox 1181 717 1189 725; x_wconf 93' lang='lat'><strong>·</strong></span> <span class='ocrx_word' id='word_1_101' title='bbox 1210 697 1392 734; x_wconf 86' lang='lat' dir='ltr'>Willelmo</span> <span class='ocrx_word' id='word_1_102' title='bbox 1409 699 1502 735; x_wconf 86' lang='lat' dir='ltr'>Biset</span> <span class='ocrx_word' id='word_1_103' title='bbox 1520 719 1528 728; x_wconf 92' lang='lat'><strong>·</strong></span> <span class='ocrx_word' id='word_1_104' title='bbox 1557 701 1668 750; x_wconf 93' lang='lat' dir='ltr'><strong>Apud</strong></span> 
     </span>
     <span class='ocr_line' id='line_1_12' title="bbox 172 755 1667 805; baseline 0.001 -11"><span class='ocrx_word' id='word_1_105' title='bbox 172 758 389 794; x_wconf 88' lang='lat' dir='ltr'>Inuerculan</span> <span class='ocrx_word' id='word_1_106' title='bbox 423 756 571 805; x_wconf 90' lang='lat' dir='ltr'>septimo</span> <span class='ocrx_word' id='word_1_107' title='bbox 607 756 663 792; x_wconf 90' lang='lat' dir='ltr'>die</span> <span class='ocrx_word' id='word_1_108' title='bbox 695 755 868 792; x_wconf 68' lang='lat' dir='ltr'>octobris</span> <span class='ocrx_word' id='word_1_109' title='bbox 901 775 909 783; x_wconf 94' lang='lat'>·</span> <span class='ocrx_word' id='word_1_110' title='bbox 945 769 1041 792; x_wconf 89' lang='lat' dir='ltr'>anno</span> <span class='ocrx_word' id='word_1_111' title='bbox 1076 756 1179 803; x_wconf 84' lang='lat' dir='ltr'>regni</span> <span class='ocrx_word' id='word_1_112' title='bbox 1214 756 1352 790; x_wconf 87' lang='lat' dir='ltr'>domini</span> <span class='ocrx_word' id='word_1_113' title='bbox 1384 756 1495 805; x_wconf 84' lang='lat' dir='ltr'>Regis</span> <span class='ocrx_word' id='word_1_114' title='bbox 1529 758 1667 795; x_wconf 89' lang='lat' dir='ltr'>decimo</span> 
     </span>
     <span class='ocr_line' id='line_1_13' title="bbox 171 817 327 852; baseline -0.006 0"><span class='ocrx_word' id='word_1_115' title='bbox 171 817 300 852; x_wconf 66' lang='lat' dir='ltr'>octavo</span> <span class='ocrx_word' id='word_1_116' title='bbox 320 836 327 843; x_wconf 94' lang='lat'><em>·</em></span> 
     </span>
    </p>
   </div>
   <div class='ocr_carea' id='block_1_4' title="bbox 173 986 923 1038">
    <p class='ocr_par' dir='ltr' id='par_1_4' title="bbox 173 986 923 1038">
     <span class='ocr_line' id='line_1_14' title="bbox 173 986 923 1038; baseline -0.005 -13"><span class='ocrx_word' id='word_1_117' title='bbox 173 988 390 1038; x_wconf 80' lang='lat' dir='ltr'>Compositio</span> <span class='ocrx_word' id='word_1_118' title='bbox 408 989 511 1037; x_wconf 87' lang='lat' dir='ltr'>super</span> <span class='ocrx_word' id='word_1_119' title='bbox 529 986 673 1023; x_wconf 89' lang='lat' dir='ltr'>ecclefia</span> <span class='ocrx_word' id='word_1_120' title='bbox 692 987 736 1022; x_wconf 93' lang='lat' dir='ltr'>de</span> <span class='ocrx_word' id='word_1_121' title='bbox 756 987 895 1022; x_wconf 90' lang='lat' dir='ltr'>Rothes</span> <span class='ocrx_word' id='word_1_122' title='bbox 915 1006 923 1014; x_wconf 89' lang='lat'><strong>·</strong></span> 
     </span>
    </p>
   </div>
   <div class='ocr_carea' id='block_1_5' title="bbox 169 1100 1671 1789">
    <p class='ocr_par' dir='ltr' id='par_1_5' title="bbox 169 1100 1671 1789">
     <span class='ocr_line' id='line_1_15' title="bbox 173 1100 1670 1149; baseline 0.001 -9"><span class='ocrx_word' id='word_1_123' title='bbox 173 1105 285 1140; x_wconf 91' lang='lat' dir='ltr'>Anno</span> <span class='ocrx_word' id='word_1_124' title='bbox 304 1104 456 1140; x_wconf 89' lang='lat' dir='ltr'>Domini</span> <span class='ocrx_word' id='word_1_125' title='bbox 475 1106 611 1140; x_wconf 73' lang='lat' dir='ltr'>·‹1)⁰·cc⁰-</span> <span class='ocrx_word' id='word_1_126' title='bbox 631 1100 806 1138; x_wconf 87' lang='lat' dir='ltr'>tricefimo</span> <span class='ocrx_word' id='word_1_127' title='bbox 825 1102 953 1149; x_wconf 88' lang='lat' dir='ltr'>quinto</span> <span class='ocrx_word' id='word_1_128' title='bbox 972 1121 981 1130; x_wconf 89' lang='lat'><strong>·</strong></span> <span class='ocrx_word' id='word_1_129' title='bbox 1001 1115 1084 1138; x_wconf 92' lang='lat' dir='ltr'>cum</span> <span class='ocrx_word' id='word_1_130' title='bbox 1103 1103 1187 1139; x_wconf 87' lang='lat' dir='ltr'>effet</span> <span class='ocrx_word' id='word_1_131' title='bbox 1205 1108 1303 1139; x_wconf 85' lang='lat' dir='ltr'>mota</span> <span class='ocrx_word' id='word_1_132' title='bbox 1321 1103 1559 1140; x_wconf 83' lang='lat' dir='ltr'>controverfia</span> <span class='ocrx_word' id='word_1_133' title='bbox 1576 1105 1670 1142; x_wconf 86' lang='lat' dir='ltr'>inter</span> 
     </span>
     <span class='ocr_line' id='line_1_16' title="bbox 172 1160 1669 1211; baseline 0.001 -13"><span class='ocrx_word' id='word_1_134' title='bbox 172 1163 236 1198; x_wconf 90' lang='lat' dir='ltr'>·H·</span> <span class='ocrx_word' id='word_1_135' title='bbox 263 1163 419 1211; x_wconf 86' lang='lat' dir='ltr'>priorem</span> <span class='ocrx_word' id='word_1_136' title='bbox 446 1166 482 1197; x_wconf 90' lang='lat' dir='ltr'>et</span> <span class='ocrx_word' id='word_1_137' title='bbox 508 1165 729 1196; x_wconf 88' lang='lat' dir='ltr'>conventum</span> <span class='ocrx_word' id='word_1_138' title='bbox 756 1160 1013 1196; x_wconf 68' lang='lat' dir='ltr'>Sanffiandree</span> <span class='ocrx_word' id='word_1_139' title='bbox 1041 1174 1085 1196; x_wconf 87' lang='lat' dir='ltr'>ex</span> <span class='ocrx_word' id='word_1_140' title='bbox 1110 1166 1211 1209; x_wconf 85' lang='lat' dir='ltr'>parte</span> <span class='ocrx_word' id='word_1_141' title='bbox 1238 1174 1311 1196; x_wconf 88' lang='lat' dir='ltr'>una</span> <span class='ocrx_word' id='word_1_142' title='bbox 1329 1181 1337 1189; x_wconf 91' lang='lat'><strong>·</strong></span> <span class='ocrx_word' id='word_1_143' title='bbox 1368 1167 1404 1197; x_wconf 90' lang='lat' dir='ltr'>et</span> <span class='ocrx_word' id='word_1_144' title='bbox 1429 1163 1669 1199; x_wconf 86' lang='lat' dir='ltr'>venerabilem</span> 
     </span>
     <span class='ocr_line' id='line_1_17' title="bbox 170 1218 1669 1269; baseline 0 -13"><span class='ocrx_word' id='word_1_145' title='bbox 170 1226 308 1269; x_wconf 88' lang='lat' dir='ltr'>patrem</span> <span class='ocrx_word' id='word_1_146' title='bbox 328 1219 513 1255; x_wconf 87' lang='lat' dir='ltr'>Andream</span> <span class='ocrx_word' id='word_1_147' title='bbox 533 1218 736 1267; x_wconf 87' lang='lat' dir='ltr'>episcopum</span> <span class='ocrx_word' id='word_1_148' title='bbox 754 1223 790 1253; x_wconf 85' lang='lat' dir='ltr'>et</span> <span class='ocrx_word' id='word_1_149' title='bbox 809 1218 1003 1266; x_wconf 89' lang='lat' dir='ltr'>capitulum</span> <span class='ocrx_word' id='word_1_150' title='bbox 1023 1219 1187 1255; x_wconf 69' lang='lat' dir='ltr'>moravie</span> <span class='ocrx_word' id='word_1_151' title='bbox 1211 1224 1247 1254; x_wconf 88' lang='lat' dir='ltr'>et</span> <span class='ocrx_word' id='word_1_152' title='bbox 1269 1219 1452 1255; x_wconf 84' lang='lat' dir='ltr'>dominam</span> <span class='ocrx_word' id='word_1_153' title='bbox 1472 1221 1605 1256; x_wconf 74' lang='lat' dir='ltr'>OEuriel</span> <span class='ocrx_word' id='word_1_154' title='bbox 1625 1222 1669 1257; x_wconf 90' lang='lat' dir='ltr'>de</span> 
     </span>
     <span class='ocr_line' id='line_1_18' title="bbox 172 1275 1670 1328; baseline 0 -14"><span class='ocrx_word' id='word_1_155' title='bbox 172 1278 310 1314; x_wconf 87' lang='lat' dir='ltr'>Rothes</span> <span class='ocrx_word' id='word_1_156' title='bbox 328 1283 364 1313; x_wconf 90' lang='lat' dir='ltr'>et</span> <span class='ocrx_word' id='word_1_157' title='bbox 381 1276 551 1325; x_wconf 86' lang='lat' dir='ltr'>hospitale</span> <span class='ocrx_word' id='word_1_158' title='bbox 571 1276 693 1312; x_wconf 59' lang='lat' dir='ltr'>Sancti</span> <span class='ocrx_word' id='word_1_159' title='bbox 711 1276 879 1311; x_wconf 88' lang='lat' dir='ltr'>Nicholai</span> <span class='ocrx_word' id='word_1_160' title='bbox 891 1275 999 1324; x_wconf 82' lang='lat' dir='ltr'>juxta</span> <span class='ocrx_word' id='word_1_161' title='bbox 1016 1282 1163 1324; x_wconf 91' lang='lat' dir='ltr'>pontem</span> <span class='ocrx_word' id='word_1_162' title='bbox 1184 1277 1228 1312; x_wconf 90' lang='lat' dir='ltr'>de</span> <span class='ocrx_word' id='word_1_163' title='bbox 1244 1277 1336 1325; x_wconf 89' lang='lat' dir='ltr'>Spey</span> <span class='ocrx_word' id='word_1_164' title='bbox 1350 1290 1394 1313; x_wconf 86' lang='lat' dir='ltr'>ex</span> <span class='ocrx_word' id='word_1_165' title='bbox 1412 1277 1525 1313; x_wconf 87' lang='lat' dir='ltr'>altera</span> <span class='ocrx_word' id='word_1_166' title='bbox 1539 1298 1548 1306; x_wconf 91' lang='lat'><strong>·</strong></span> <span class='ocrx_word' id='word_1_167' title='bbox 1567 1279 1670 1328; x_wconf 86' lang='lat' dir='ltr'>super</span> 
     </span>
     <span class='ocr_line' id='line_1_19' title="bbox 170 1334 1671 1373; baseline 0.001 -1"><span class='ocrx_word' id='word_1_168' title='bbox 170 1335 312 1372; x_wconf 84' lang='lat' dir='ltr'>ecclefia</span> <span class='ocrx_word' id='word_1_169' title='bbox 330 1336 374 1371; x_wconf 92' lang='lat' dir='ltr'>de</span> <span class='ocrx_word' id='word_1_170' title='bbox 389 1335 528 1371; x_wconf 82' lang='lat' dir='ltr'>Rothes</span> <span class='ocrx_word' id='word_1_171' title='bbox 543 1354 551 1362; x_wconf 92' lang='lat'><strong>·</strong></span> <span class='ocrx_word' id='word_1_172' title='bbox 571 1335 716 1370; x_wconf 87' lang='lat' dir='ltr'>tandem</span> <span class='ocrx_word' id='word_1_173' title='bbox 736 1339 808 1369; x_wconf 88' lang='lat' dir='ltr'>tam</span> <span class='ocrx_word' id='word_1_174' title='bbox 828 1334 916 1369; x_wconf 67' lang='lat' dir='ltr'>dicti</span> <span class='ocrx_word' id='word_1_175' title='bbox 937 1334 1040 1369; x_wconf 87' lang='lat' dir='ltr'>Prior</span> <span class='ocrx_word' id='word_1_176' title='bbox 1058 1340 1093 1370; x_wconf 91' lang='lat' dir='ltr'>et</span> <span class='ocrx_word' id='word_1_177' title='bbox 1112 1340 1311 1370; x_wconf 85' lang='lat' dir='ltr'>conventus</span> <span class='ocrx_word' id='word_1_178' title='bbox 1326 1335 1369 1370; x_wconf 91' lang='lat' dir='ltr'>de</span> <span class='ocrx_word' id='word_1_179' title='bbox 1383 1336 1552 1371; x_wconf 89' lang='lat' dir='ltr'>consensu</span> <span class='ocrx_word' id='word_1_180' title='bbox 1565 1350 1671 1373; x_wconf 88' lang='lat' dir='ltr'>vene-</span> 
     </span>
     <span class='ocr_line' id='line_1_20' title="bbox 169 1391 1670 1441; baseline 0 -11"><span class='ocrx_word' id='word_1_181' title='bbox 169 1394 288 1430; x_wconf 87' lang='lat' dir='ltr'>rabilis</span> <span class='ocrx_word' id='word_1_182' title='bbox 308 1394 418 1440; x_wconf 87' lang='lat' dir='ltr'>patris</span> <span class='ocrx_word' id='word_1_183' title='bbox 437 1392 609 1428; x_wconf 85' lang='lat' dir='ltr'>Willelmi</span> <span class='ocrx_word' id='word_1_184' title='bbox 627 1392 699 1427; x_wconf 93' lang='lat' dir='ltr'>Dei</span> <span class='ocrx_word' id='word_1_185' title='bbox 717 1391 833 1440; x_wconf 83' lang='lat' dir='ltr'>gratia</span> <span class='ocrx_word' id='word_1_186' title='bbox 851 1392 1004 1440; x_wconf 86' lang='lat' dir='ltr'>episcopi</span> <span class='ocrx_word' id='word_1_187' title='bbox 1023 1392 1283 1428; x_wconf 64' lang='lat' dir='ltr'>Sanctiandree</span> <span class='ocrx_word' id='word_1_188' title='bbox 1302 1406 1408 1440; x_wconf 85' lang='lat' dir='ltr'>quam</span> <span class='ocrx_word' id='word_1_189' title='bbox 1426 1406 1507 1441; x_wconf 87' lang='lat' dir='ltr'>pars</span> <span class='ocrx_word' id='word_1_190' title='bbox 1525 1395 1670 1431; x_wconf 86' lang='lat' dir='ltr'>adversa</span> 
     </span>
     <span class='ocr_line' id='line_1_21' title="bbox 169 1450 1669 1500; baseline 0.001 -13"><span class='ocrx_word' id='word_1_191' title='bbox 169 1465 235 1500; x_wconf 91' lang='lat' dir='ltr'>pro</span> <span class='ocrx_word' id='word_1_192' title='bbox 253 1451 286 1488; x_wconf 93' lang='lat' dir='ltr'>se</span> <span class='ocrx_word' id='word_1_193' title='bbox 305 1456 340 1487; x_wconf 91' lang='lat' dir='ltr'>et</span> <span class='ocrx_word' id='word_1_194' title='bbox 357 1450 607 1486; x_wconf 82' lang='lat' dir='ltr'>suceefforibus</span> <span class='ocrx_word' id='word_1_195' title='bbox 625 1450 693 1486; x_wconf 84' lang='lat' dir='ltr'>suis</span> <span class='ocrx_word' id='word_1_196' title='bbox 711 1450 748 1485; x_wconf 92' lang='lat' dir='ltr'>in</span> <span class='ocrx_word' id='word_1_197' title='bbox 766 1455 979 1498; x_wconf 85' lang='lat' dir='ltr'>perpetuum</span> <span class='ocrx_word' id='word_1_198' title='bbox 998 1450 1042 1485; x_wconf 80' lang='lat' dir='ltr'>ad</span> <span class='ocrx_word' id='word_1_199' title='bbox 1065 1450 1307 1485; x_wconf 81' lang='lat' dir='ltr'>enervandam</span> <span class='ocrx_word' id='word_1_200' title='bbox 1325 1464 1469 1486; x_wconf 91' lang='lat' dir='ltr'>omnem</span> <span class='ocrx_word' id='word_1_201' title='bbox 1487 1458 1669 1488; x_wconf 86' lang='lat' dir='ltr'>concerta-</span> 
     </span>
     <span class='ocr_line' id='line_1_22' title="bbox 170 1507 1670 1555; baseline 0.001 -10"><span class='ocrx_word' id='word_1_202' title='bbox 170 1510 278 1545; x_wconf 84' lang='lat' dir='ltr'>tionis</span> <span class='ocrx_word' id='word_1_203' title='bbox 297 1515 332 1545; x_wconf 91' lang='lat' dir='ltr'>et</span> <span class='ocrx_word' id='word_1_204' title='bbox 352 1508 614 1555; x_wconf 82' lang='lat' dir='ltr'>disceptationis</span> <span class='ocrx_word' id='word_1_205' title='bbox 638 1508 822 1543; x_wconf 81' lang='lat' dir='ltr'>materiam</span> <span class='ocrx_word' id='word_1_206' title='bbox 847 1507 880 1543; x_wconf 92' lang='lat' dir='ltr'>se</span> <span class='ocrx_word' id='word_1_207' title='bbox 902 1507 1160 1555; x_wconf 89' lang='lat' dir='ltr'>supposuerunt</span> <span class='ocrx_word' id='word_1_208' title='bbox 1181 1508 1401 1543; x_wconf 87' lang='lat' dir='ltr'>ordinationi</span> <span class='ocrx_word' id='word_1_209' title='bbox 1418 1509 1507 1544; x_wconf 63' lang='lat' dir='ltr'>dicti</span> <span class='ocrx_word' id='word_1_210' title='bbox 1524 1522 1670 1546; x_wconf 88' lang='lat' dir='ltr'>venera-</span> 
     </span>
     <span class='ocr_line' id='line_1_23' title="bbox 170 1564 1669 1616; baseline 0 -13"><span class='ocrx_word' id='word_1_211' title='bbox 170 1567 250 1603; x_wconf 84' lang='lat' dir='ltr'>bilis</span> <span class='ocrx_word' id='word_1_212' title='bbox 276 1567 386 1616; x_wconf 85' lang='lat' dir='ltr'>patris</span> <span class='ocrx_word' id='word_1_213' title='bbox 410 1567 561 1603; x_wconf 90' lang='lat' dir='ltr'>Andree</span> <span class='ocrx_word' id='word_1_214' title='bbox 585 1566 659 1601; x_wconf 85' lang='lat' dir='ltr'>Dei</span> <span class='ocrx_word' id='word_1_215' title='bbox 680 1566 796 1614; x_wconf 86' lang='lat' dir='ltr'>gratia</span> <span class='ocrx_word' id='word_1_216' title='bbox 819 1565 971 1614; x_wconf 86' lang='lat' dir='ltr'>episcopi</span> <span class='ocrx_word' id='word_1_217' title='bbox 995 1564 1225 1602; x_wconf 74' lang='lat' dir='ltr'>moravienfis</span> <span class='ocrx_word' id='word_1_218' title='bbox 1244 1592 1253 1601; x_wconf 90' lang='lat'><strong>.</strong></span> <span class='ocrx_word' id='word_1_219' title='bbox 1279 1566 1532 1602; x_wconf 86' lang='lat' dir='ltr'>renunciantes</span> <span class='ocrx_word' id='word_1_220' title='bbox 1557 1569 1669 1603; x_wconf 89' lang='lat' dir='ltr'>utrin-</span> 
     </span>
     <span class='ocr_line' id='line_1_24' title="bbox 170 1623 1669 1673; baseline 0 -12"><span class='ocrx_word' id='word_1_221' title='bbox 170 1639 239 1673; x_wconf 89' lang='lat' dir='ltr'>que</span> <span class='ocrx_word' id='word_1_222' title='bbox 265 1625 364 1661; x_wconf 92' lang='lat' dir='ltr'>omni</span> <span class='ocrx_word' id='word_1_223' title='bbox 391 1625 527 1660; x_wconf 64' lang='lat' dir='ltr'>actioni</span> <span class='ocrx_word' id='word_1_224' title='bbox 555 1629 591 1660; x_wconf 90' lang='lat' dir='ltr'>et</span> <span class='ocrx_word' id='word_1_225' title='bbox 619 1624 820 1672; x_wconf 87' lang='lat' dir='ltr'>exceptioni</span> <span class='ocrx_word' id='word_1_226' title='bbox 844 1628 879 1659; x_wconf 88' lang='lat' dir='ltr'>et</span> <span class='ocrx_word' id='word_1_227' title='bbox 902 1624 998 1658; x_wconf 89' lang='lat' dir='ltr'>omni</span> <span class='ocrx_word' id='word_1_228' title='bbox 1022 1623 1301 1671; x_wconf 85' lang='lat' dir='ltr'>interpellationi</span> <span class='ocrx_word' id='word_1_229' title='bbox 1321 1623 1415 1659; x_wconf 62' lang='lat' dir='ltr'>facte</span> <span class='ocrx_word' id='word_1_230' title='bbox 1433 1624 1491 1660; x_wconf 91' lang='lat' dir='ltr'>vel</span> <span class='ocrx_word' id='word_1_231' title='bbox 1508 1624 1669 1661; x_wconf 90' lang='lat' dir='ltr'>faciende</span> 
     </span>
     <span class='ocr_line' id='line_1_25' title="bbox 169 1681 1669 1732; baseline 0.001 -14"><span class='ocrx_word' id='word_1_232' title='bbox 169 1683 207 1718; x_wconf 93' lang='lat' dir='ltr'>in</span> <span class='ocrx_word' id='word_1_233' title='bbox 229 1683 368 1732; x_wconf 89' lang='lat' dir='ltr'>judicio</span> <span class='ocrx_word' id='word_1_234' title='bbox 393 1682 452 1718; x_wconf 88' lang='lat' dir='ltr'>vel</span> <span class='ocrx_word' id='word_1_235' title='bbox 478 1687 581 1718; x_wconf 86' lang='lat' dir='ltr'>extra</span> <span class='ocrx_word' id='word_1_236' title='bbox 601 1681 779 1730; x_wconf 89' lang='lat' dir='ltr'>judicium</span> <span class='ocrx_word' id='word_1_237' title='bbox 804 1687 839 1717; x_wconf 87' lang='lat' dir='ltr'>et</span> <span class='ocrx_word' id='word_1_238' title='bbox 861 1681 1059 1730; x_wconf 90' lang='lat' dir='ltr'>impetratis</span> <span class='ocrx_word' id='word_1_239' title='bbox 1080 1686 1117 1717; x_wconf 91' lang='lat' dir='ltr'>et</span> <span class='ocrx_word' id='word_1_240' title='bbox 1137 1681 1369 1729; x_wconf 87' lang='lat' dir='ltr'>impetrandis</span> <span class='ocrx_word' id='word_1_241' title='bbox 1386 1682 1489 1730; x_wconf 87' lang='lat' dir='ltr'>super</span> <span class='ocrx_word' id='word_1_242' title='bbox 1507 1684 1669 1731; x_wconf 59' lang='lat' dir='ltr'>predicta</span> 
     </span>
     <span class='ocr_line' id='line_1_26' title="bbox 171 1739 1668 1789; baseline 0 -12"><span class='ocrx_word' id='word_1_243' title='bbox 171 1740 314 1777; x_wconf 79' lang='lat' dir='ltr'>ecclesia</span> <span class='ocrx_word' id='word_1_244' title='bbox 340 1746 376 1776; x_wconf 86' lang='lat' dir='ltr'>et</span> <span class='ocrx_word' id='word_1_245' title='bbox 402 1740 478 1789; x_wconf 91' lang='lat' dir='ltr'>ejus</span> <span class='ocrx_word' id='word_1_246' title='bbox 504 1740 729 1788; x_wconf 86' lang='lat' dir='ltr'>pertinentiis</span> <span class='ocrx_word' id='word_1_247' title='bbox 748 1759 756 1767; x_wconf 94' lang='lat'><strong>·</strong></span> <span class='ocrx_word' id='word_1_248' title='bbox 785 1739 842 1774; x_wconf 82' lang='lat' dir='ltr'>Ex</span> <span class='ocrx_word' id='word_1_249' title='bbox 861 1739 1088 1775; x_wconf 86' lang='lat' dir='ltr'>ordinatione</span> <span class='ocrx_word' id='word_1_250' title='bbox 1106 1744 1228 1775; x_wconf 88' lang='lat' dir='ltr'>autem</span> <span class='ocrx_word' id='word_1_251' title='bbox 1246 1739 1384 1774; x_wconf 89' lang='lat' dir='ltr'>domini</span> <span class='ocrx_word' id='word_1_252' title='bbox 1402 1740 1566 1789; x_wconf 88' lang='lat' dir='ltr'>Episcopi</span> <span class='ocrx_word' id='word_1_253' title='bbox 1584 1755 1668 1777; x_wconf 91' lang='lat' dir='ltr'>con-</span> 
     </span>
    </p>
   </div>
   <div class='ocr_carea' id='block_1_6' title="bbox 119 1797 1668 1846">
    <p class='ocr_par' dir='ltr' id='par_1_6' title="bbox 119 1797 1668 1846">
     <span class='ocr_line' id='line_1_27' title="bbox 119 1797 1668 1846; baseline 0 -11"><span class='ocrx_word' id='word_1_254' title='bbox 119 1831 122 1834; x_wconf 94' lang='lat'>.</span> <span class='ocrx_word' id='word_1_255' title='bbox 171 1799 346 1835; x_wconf 74' lang='lat' dir='ltr'>cesserunt</span> <span class='ocrx_word' id='word_1_256' title='bbox 369 1803 406 1834; x_wconf 92' lang='lat' dir='ltr'>et</span> <span class='ocrx_word' id='word_1_257' title='bbox 428 1798 588 1846; x_wconf 90' lang='lat' dir='ltr'>quietum</span> <span class='ocrx_word' id='word_1_258' title='bbox 609 1798 855 1833; x_wconf 84' lang='lat' dir='ltr'>clamaverunt</span> <span class='ocrx_word' id='word_1_259' title='bbox 871 1797 1026 1845; x_wconf 67' lang='lat' dir='ltr'>predicti</span> <span class='ocrx_word' id='word_1_260' title='bbox 1046 1797 1150 1832; x_wconf 89' lang='lat' dir='ltr'>Prior</span> <span class='ocrx_word' id='word_1_261' title='bbox 1167 1802 1203 1833; x_wconf 88' lang='lat' dir='ltr'>et</span> <span class='ocrx_word' id='word_1_262' title='bbox 1220 1802 1419 1833; x_wconf 88' lang='lat' dir='ltr'>conventus</span> <span class='ocrx_word' id='word_1_263' title='bbox 1437 1811 1482 1833; x_wconf 84' lang='lat' dir='ltr'>ex</span> <span class='ocrx_word' id='word_1_264' title='bbox 1499 1799 1668 1835; x_wconf 89' lang='lat' dir='ltr'>consensu</span> 
     </span>
    </p>
   </div>
   <div class='ocr_carea' id='block_1_7' title="bbox 169 1855 1665 2250">
    <p class='ocr_par' dir='ltr' id='par_1_7' title="bbox 169 1855 1665 2250">
     <span class='ocr_line' id='line_1_28' title="bbox 170 1855 1665 1905; baseline 0 -13"><span class='ocrx_word' id='word_1_265' title='bbox 170 1856 381 1893; x_wconf 88' lang='lat' dir='ltr'>venerabilis</span> <span class='ocrx_word' id='word_1_266' title='bbox 399 1856 509 1905; x_wconf 86' lang='lat' dir='ltr'>patris</span> <span class='ocrx_word' id='word_1_267' title='bbox 528 1855 700 1891; x_wconf 85' lang='lat' dir='ltr'>Willelmi</span> <span class='ocrx_word' id='word_1_268' title='bbox 719 1855 791 1890; x_wconf 89' lang='lat' dir='ltr'>Dei</span> <span class='ocrx_word' id='word_1_269' title='bbox 808 1855 923 1903; x_wconf 85' lang='lat' dir='ltr'>gratia</span> <span class='ocrx_word' id='word_1_270' title='bbox 941 1855 1092 1903; x_wconf 87' lang='lat' dir='ltr'>episcopi</span> <span class='ocrx_word' id='word_1_271' title='bbox 1116 1855 1373 1891; x_wconf 68' lang='lat' dir='ltr'>Sanctiandree</span> <span class='ocrx_word' id='word_1_272' title='bbox 1399 1855 1564 1903; x_wconf 61' lang='lat' dir='ltr'>predifito</span> <span class='ocrx_word' id='word_1_273' title='bbox 1591 1857 1665 1892; x_wconf 93' lang='lat' dir='ltr'>hos-</span> 
     </span>
     <span class='ocr_line' id='line_1_29' title="bbox 169 1912 1665 1963; baseline 0.001 -13"><span class='ocrx_word' id='word_1_274' title='bbox 169 1915 269 1963; x_wconf 91' lang='lat' dir='ltr'>pitali</span> <span class='ocrx_word' id='word_1_275' title='bbox 289 1915 327 1949; x_wconf 89' lang='lat' dir='ltr'>in</span> <span class='ocrx_word' id='word_1_276' title='bbox 350 1919 564 1962; x_wconf 89' lang='lat' dir='ltr'>perpetuum</span> <span class='ocrx_word' id='word_1_277' title='bbox 582 1919 699 1949; x_wconf 89' lang='lat' dir='ltr'>totum</span> <span class='ocrx_word' id='word_1_278' title='bbox 713 1912 773 1961; x_wconf 85' lang='lat' dir='ltr'>jus</span> <span class='ocrx_word' id='word_1_279' title='bbox 792 1913 890 1960; x_wconf 90' lang='lat' dir='ltr'>quod</span> <span class='ocrx_word' id='word_1_280' title='bbox 907 1912 1073 1949; x_wconf 89' lang='lat' dir='ltr'>dicebant</span> <span class='ocrx_word' id='word_1_281' title='bbox 1090 1913 1124 1949; x_wconf 89' lang='lat' dir='ltr'>se</span> <span class='ocrx_word' id='word_1_282' title='bbox 1141 1912 1272 1949; x_wconf 88' lang='lat' dir='ltr'>habere</span> <span class='ocrx_word' id='word_1_283' title='bbox 1290 1913 1328 1948; x_wconf 90' lang='lat' dir='ltr'>in</span> <span class='ocrx_word' id='word_1_284' title='bbox 1346 1913 1443 1949; x_wconf 60' lang='lat' dir='ltr'>dicta</span> <span class='ocrx_word' id='word_1_285' title='bbox 1461 1913 1604 1950; x_wconf 85' lang='lat' dir='ltr'>ecclesia</span> <span class='ocrx_word' id='word_1_286' title='bbox 1621 1916 1665 1951; x_wconf 92' lang='lat' dir='ltr'>de</span> 
     </span>
     <span class='ocr_line' id='line_1_30' title="bbox 171 1970 1665 2020; baseline -0.001 -11"><span class='ocrx_word' id='word_1_287' title='bbox 171 1973 310 2009; x_wconf 89' lang='lat' dir='ltr'>Rothes</span> <span class='ocrx_word' id='word_1_288' title='bbox 333 1978 369 2008; x_wconf 90' lang='lat' dir='ltr'>et</span> <span class='ocrx_word' id='word_1_289' title='bbox 392 1972 468 2020; x_wconf 85' lang='lat' dir='ltr'>ejus</span> <span class='ocrx_word' id='word_1_290' title='bbox 491 1970 716 2019; x_wconf 87' lang='lat' dir='ltr'>pertinentiis</span> <span class='ocrx_word' id='word_1_291' title='bbox 735 1990 743 1998; x_wconf 91' lang='lat'><strong>·</strong></span> <span class='ocrx_word' id='word_1_292' title='bbox 772 1970 906 2006; x_wconf 62' lang='lat' dir='ltr'>Dictus</span> <span class='ocrx_word' id='word_1_293' title='bbox 922 1984 1010 2007; x_wconf 84' lang='lat' dir='ltr'>vero</span> <span class='ocrx_word' id='word_1_294' title='bbox 1030 1970 1197 2007; x_wconf 83' lang='lat' dir='ltr'>Andreas</span> <span class='ocrx_word' id='word_1_295' title='bbox 1215 1971 1287 2007; x_wconf 94' lang='lat' dir='ltr'>Dei</span> <span class='ocrx_word' id='word_1_296' title='bbox 1305 1971 1420 2019; x_wconf 83' lang='lat' dir='ltr'>gratia</span> <span class='ocrx_word' id='word_1_297' title='bbox 1437 1972 1665 2008; x_wconf 76' lang='lat' dir='ltr'>(Doravienfis</span> 
     </span>
     <span class='ocr_line' id='line_1_31' title="bbox 171 2028 1663 2079; baseline -0.001 -13"><span class='ocrx_word' id='word_1_298' title='bbox 171 2030 352 2079; x_wconf 87' lang='lat' dir='ltr'>episcopus</span> <span class='ocrx_word' id='word_1_299' title='bbox 370 2030 414 2065; x_wconf 93' lang='lat' dir='ltr'>de</span> <span class='ocrx_word' id='word_1_300' title='bbox 433 2029 602 2065; x_wconf 91' lang='lat' dir='ltr'>consensu</span> <span class='ocrx_word' id='word_1_301' title='bbox 621 2028 767 2076; x_wconf 86' lang='lat' dir='ltr'>capituli</span> <span class='ocrx_word' id='word_1_302' title='bbox 784 2028 834 2064; x_wconf 91' lang='lat' dir='ltr'>sui</span> <span class='ocrx_word' id='word_1_303' title='bbox 853 2033 889 2064; x_wconf 89' lang='lat' dir='ltr'>et</span> <span class='ocrx_word' id='word_1_304' title='bbox 905 2029 1066 2077; x_wconf 61' lang='lat' dir='ltr'>predicte</span> <span class='ocrx_word' id='word_1_305' title='bbox 1080 2029 1240 2064; x_wconf 91' lang='lat' dir='ltr'>Domine</span> <span class='ocrx_word' id='word_1_306' title='bbox 1254 2029 1298 2064; x_wconf 90' lang='lat' dir='ltr'>de</span> <span class='ocrx_word' id='word_1_307' title='bbox 1311 2029 1450 2064; x_wconf 83' lang='lat' dir='ltr'>Rothes</span> <span class='ocrx_word' id='word_1_308' title='bbox 1463 2034 1499 2065; x_wconf 91' lang='lat' dir='ltr'>et</span> <span class='ocrx_word' id='word_1_309' title='bbox 1511 2031 1663 2078; x_wconf 63' lang='lat' dir='ltr'>predicti</span> 
     </span>
     <span class='ocr_line' id='line_1_32' title="bbox 171 2084 1662 2136; baseline 0.001 -13"><span class='ocrx_word' id='word_1_310' title='bbox 171 2088 349 2136; x_wconf 87' lang='lat' dir='ltr'>hospitalis</span> <span class='ocrx_word' id='word_1_311' title='bbox 376 2087 475 2123; x_wconf 90' lang='lat' dir='ltr'>dedit</span> <span class='ocrx_word' id='word_1_312' title='bbox 501 2093 537 2122; x_wconf 87' lang='lat' dir='ltr'>et</span> <span class='ocrx_word' id='word_1_313' title='bbox 563 2084 730 2122; x_wconf 88' lang='lat' dir='ltr'>conceffit</span> <span class='ocrx_word' id='word_1_314' title='bbox 750 2091 822 2122; x_wconf 89' lang='lat' dir='ltr'>tres</span> <span class='ocrx_word' id='word_1_315' title='bbox 840 2099 976 2121; x_wconf 86' lang='lat' dir='ltr'>marcas</span> <span class='ocrx_word' id='word_1_316' title='bbox 993 2085 1137 2134; x_wconf 85' lang='lat' dir='ltr'>fingulis</span> <span class='ocrx_word' id='word_1_317' title='bbox 1154 2086 1256 2122; x_wconf 86' lang='lat' dir='ltr'>annis</span> <span class='ocrx_word' id='word_1_318' title='bbox 1273 2086 1457 2122; x_wconf 84' lang='lat' dir='ltr'>solvendas</span> <span class='ocrx_word' id='word_1_319' title='bbox 1480 2087 1518 2122; x_wconf 92' lang='lat' dir='ltr'>in</span> <span class='ocrx_word' id='word_1_320' title='bbox 1541 2101 1662 2136; x_wconf 88' lang='lat' dir='ltr'>perpe-</span> 
     </span>
     <span class='ocr_line' id='line_1_33' title="bbox 169 2142 1663 2193; baseline -0.001 -11"><span class='ocrx_word' id='word_1_321' title='bbox 169 2151 272 2182; x_wconf 91' lang='lat' dir='ltr'>tuum</span> <span class='ocrx_word' id='word_1_322' title='bbox 300 2146 344 2181; x_wconf 90' lang='lat' dir='ltr'>de</span> <span class='ocrx_word' id='word_1_323' title='bbox 370 2144 533 2193; x_wconf 62' lang='lat' dir='ltr'>predicta</span> <span class='ocrx_word' id='word_1_324' title='bbox 560 2142 701 2179; x_wconf 82' lang='lat' dir='ltr'>ecclefia</span> <span class='ocrx_word' id='word_1_325' title='bbox 729 2143 773 2179; x_wconf 90' lang='lat' dir='ltr'>de</span> <span class='ocrx_word' id='word_1_326' title='bbox 796 2143 934 2179; x_wconf 85' lang='lat' dir='ltr'>Rot-hes</span> <span class='ocrx_word' id='word_1_327' title='bbox 958 2144 1104 2180; x_wconf 90' lang='lat' dir='ltr'>nomine</span> <span class='ocrx_word' id='word_1_328' title='bbox 1127 2142 1289 2192; x_wconf 83' lang='lat' dir='ltr'>fimplicis</span> <span class='ocrx_word' id='word_1_329' title='bbox 1312 2143 1475 2179; x_wconf 90' lang='lat' dir='ltr'>beneficii</span> <span class='ocrx_word' id='word_1_330' title='bbox 1494 2144 1609 2180; x_wconf 90' lang='lat' dir='ltr'>Priori</span> <span class='ocrx_word' id='word_1_331' title='bbox 1627 2151 1663 2181; x_wconf 88' lang='lat' dir='ltr'>et</span> 
     </span>
     <span class='ocr_line' id='line_1_34' title="bbox 170 2200 1660 2250; baseline -0.001 -10"><span class='ocrx_word' id='word_1_332' title='bbox 170 2203 363 2240; x_wconf 87' lang='lat' dir='ltr'>conventui</span> <span class='ocrx_word' id='word_1_333' title='bbox 385 2202 643 2239; x_wconf 64' lang='lat' dir='ltr'>Sanctiandree</span> <span class='ocrx_word' id='word_1_334' title='bbox 670 2215 733 2249; x_wconf 91' lang='lat' dir='ltr'>per</span> <span class='ocrx_word' id='word_1_335' title='bbox 757 2214 901 2237; x_wconf 89' lang='lat' dir='ltr'>manum</span> <span class='ocrx_word' id='word_1_336' title='bbox 927 2200 1110 2250; x_wconf 91' lang='lat' dir='ltr'>cujussibet</span> <span class='ocrx_word' id='word_1_337' title='bbox 1133 2203 1284 2238; x_wconf 61' lang='lat' dir='ltr'>rectoris</span> <span class='ocrx_word' id='word_1_338' title='bbox 1307 2202 1460 2250; x_wconf 65' lang='lat' dir='ltr'>predicti</span> <span class='ocrx_word' id='word_1_339' title='bbox 1484 2202 1660 2250; x_wconf 86' lang='lat' dir='ltr'>hospitalis</span> 
     </span>
    </p>
   </div>
  </div>
 </body>
</html>
