2060 2660
574 192 889 229 REGISTRUM
916 193 1277 232 MORAVIENSE.
1595 204 1664 236 185

169 297 205 328 et
223 292 267 328 de
285 291 451 328 Nachtan
470 296 505 326 et
523 296 653 326 terram
675 291 719 326 de
740 291 959 339 Kyncardyn
978 297 1014 327 et
1032 305 1153 328 earum
1172 294 1365 340 quamlibet
1388 296 1527 332 ecclefia
1547 297 1663 332 nostra

168 348 397 387 moraviensis
426 355 462 385 et
491 362 557 383 nos
589 354 752 384 tenemus
781 349 825 384 de
854 349 1001 384 domino
1028 349 1146 385 nostro
1167 350 1268 398 Rege
1287 352 1407 388 Scocie
1435 360 1470 389 et
1496 367 1664 401 negamus

169 421 233 443 nos
256 413 368 442 terras
391 407 467 442 illas
492 406 550 442 vel
573 419 695 442 earum
714 406 869 453 aliquam
888 406 932 442 de
951 406 1050 441 vobis
1073 412 1195 443 tenere
1215 427 1223 435 ·
1249 413 1284 443 et
1301 409 1381 444 ideo
1399 422 1461 444 vos
1480 416 1514 446 et
1531 412 1663 446 curiam

168 464 315 500 vestram
335 464 580 500 disclamamus
604 469 640 499 et
664 464 850 499 dominum
870 463 1029 499 nostrum
1049 464 1188 512 Regem
1207 470 1242 500 et
1260 466 1394 501 curiam
1413 466 1507 501 suam
1526 468 1664 503 invoca·

168 534 246 557 mus
273 527 309 557 et
332 522 567 557 acclamamus
586 541 594 549 ·
620 527 656 557 et
679 521 782 570 super
802 521 871 556 istis
894 522 1047 569 petimus
1075 522 1112 557 in
1141 522 1242 558 testes
1263 536 1327 558 vos
1353 523 1537 559 dominum
1558 524 1665 560 Alex-

167 579 318 615 andrum
338 585 374 615 et
388 592 512 615 omnes
530 577 719 614 affistentes
735 584 770 614 et
784 585 819 614 te
833 579 1014 614 notarium
1029 580 1124 627 quod
1143 580 1226 615 inde
1244 580 1346 615 nobis
1363 581 1468 616 facias
1486 581 1665 629 publicum

167 637 423 672 documentum
453 657 461 665 ·
517 637 565 672 Et
594 637 686 672 idem
717 637 884 672 dominus
914 636 1123 672 Alexander
1151 637 1331 685 respondit
1354 639 1450 685 quod
1477 638 1579 686 super
1607 639 1666 674 ista

167 694 430 730 disclamatione
465 694 550 729 alias
579 694 733 729 libenter
763 694 966 742 perhiberet
997 694 1234 730 testimonium
1266 694 1449 742 requisitus
1478 715 1486 724 ·
1519 702 1555 731 et
1584 697 1665 744 quia

166 752 234 788 istis
252 765 326 787 non
345 752 561 787 obstantibus
578 752 672 787 idem
693 751 860 787 dominus
880 751 1090 787 Alexander
1107 752 1191 788 fecit
1210 752 1346 787 dictum
1367 753 1552 789 dominum
1571 754 1665 801 Epis-

165 823 295 858 copum
313 810 434 845 vocari
459 810 496 845 in
522 809 622 845 curia
645 809 705 844 sua
723 823 788 857 pro
808 809 913 844 dictis
932 809 1036 845 terris
1054 810 1148 845 idem
1167 810 1333 845 dominus
1352 810 1544 859 Episcopus
1562 812 1666 847 rediit

165 868 210 904 ad
230 868 363 903 dictam
382 868 516 904 curiam
537 881 558 902 a
571 881 640 915 qua
658 867 691 903 se
706 881 831 915 parum
850 880 924 902 non
944 867 1175 915 elongaverat
1195 873 1230 903 et
1244 868 1381 903 indicto
1395 867 1531 904 silentio
1546 875 1667 904 exten-

166 926 218 961 dit
235 926 393 974 plegium
413 926 449 961 in
469 939 577 961 manu
596 925 683 960 (1ίᾶὶί
709 925 845 960 domini
867 925 1066 960 Alexandri
1091 938 1166 960 non
1189 930 1357 973 tanquam
1384 926 1519 961 domini
1538 927 1581 962 de
1602 927 1665 962 Ba-

166 983 301 1019 denach
330 984 387 1019 sed
411 989 581 1031 tanquam
610 983 828 1018 vicecomitis
853 983 897 1018 de
926 983 1103 1031 Inuernys
1127 983 1223 1030 quod
1246 984 1370 1031 vigore
1395 984 1665 1020 disclamationis

164 1041 258 1077 facte
289 1038 478 1077 tenebatur
510 1041 637 1077 ceffare
666 1041 709 1076 ab
738 1041 901 1076 ulteriori
932 1041 1092 1089 processu
1124 1047 1251 1076 contra
1280 1042 1390 1090 ipsum
1423 1048 1458 1078 et
1489 1041 1665 1078 ecclefiam

164 1099 259 1134 suam
289 1105 325 1134 et
359 1113 380 1134 a
408 1099 581 1135 sententia
604 1098 743 1147 judicio
771 1098 829 1134 vel
858 1099 1003 1134 decreto
1032 1099 1279 1147 recognitione
1309 1105 1485 1135 terrarum
1515 1100 1664 1148 ipsarum

163 1157 368 1192 namatione
395 1163 431 1192 et
457 1170 670 1204 quacunque
696 1157 765 1192 alia
791 1156 1010 1192 districtione
1035 1177 1043 1184 ·
1069 1157 1164 1204 quod
1186 1157 1344 1205 plegium
1366 1158 1524 1206 recipere
1548 1158 1666 1194 dictus

163 1214 329 1250 dominus
361 1214 569 1250 Alexander
598 1214 790 1262 denegavit
819 1233 827 1241 ·
856 1220 891 1249 et
919 1220 1006 1250 tunc
1037 1214 1131 1249 idem
1161 1215 1326 1250 dominus
1355 1215 1547 1263 Episcopus
1575 1216 1664 1251 illud

162 1272 257 1307 idem
283 1272 441 1320 plegium
470 1272 506 1307 in
534 1272 678 1307 defectu
705 1271 924 1307 vicecomitis
948 1272 991 1307 de
1015 1271 1192 1319 Inuernys
1219 1272 1350 1320 optulit
1377 1278 1412 1307 et
1439 1273 1599 1309 extendit
1626 1274 1663 1309 in

162 1342 270 1365 manu
290 1330 378 1365 dieti
401 1330 569 1365 Willelmi
589 1330 632 1365 de
654 1329 806 1365 Camera
824 1329 942 1364 clerici
962 1329 1154 1377 justiciarie
1178 1329 1314 1364 domini
1332 1329 1439 1364 nostri
1460 1330 1570 1378 Regis
1587 1337 1662 1366 tan-

162 1400 268 1435 quam
295 1387 444 1423 ministri
469 1387 575 1435 Regii
595 1406 603 1415 ·
633 1387 693 1434 qui
713 1386 914 1422 W'illelmus
941 1386 1030 1422 illud
1060 1387 1216 1434 recipere
1246 1387 1352 1422 etiam
1381 1387 1597 1435 denegavit·
1627 1395 1663 1425 et

161 1445 244 1492 quia
269 1458 345 1480 non
373 1451 449 1480 erat
475 1445 565 1480 alius
587 1444 703 1492 presto
728 1443 884 1480 minister
904 1444 1041 1492 Regius
1059 1444 1153 1479 idem
1173 1444 1338 1480 dominus
1358 1445 1550 1493 Episcopus
1572 1446 1661 1482 illud

162 1503 319 1550 plegium
339 1503 500 1538 extendit
524 1508 560 1537 et
585 1502 722 1537 invenit
741 1502 778 1537 in
798 1515 905 1537 manu
926 1501 1077 1537 Roberti
1097 1502 1140 1537 de
1160 1501 1336 1537 Galbrath
1355 1503 1503 1537 massarii
1526 1503 1661 1539 domini

163 1560 269 1595 nostri
291 1560 401 1608 Regis
427 1559 597 1607 presentis
622 1559 752 1594 ibidem
778 1579 786 1586 ·
814 1560 874 1607 qui
903 1559 1060 1607 plegium
1090 1559 1180 1594 illud
1208 1560 1342 1608 recepit
1360 1579 1368 1588 ·
1397 1566 1433 1595 et
1459 1566 1545 1596 tunc
1567 1561 1659 1597 idem

163 1617 329 1652 dominus
350 1617 542 1665 Episcopus
560 1630 635 1652 non
652 1617 760 1664 longe
782 1631 803 1652 a
825 1617 923 1652 curia
940 1617 973 1652 se
992 1617 1140 1652 retraxit
1160 1637 1167 1644 ·
1197 1617 1245 1652 Et
1262 1618 1345 1665 quia
1362 1618 1477 1653 adhuc
1496 1618 1662 1654 dominus

163 1674 372 1710 Alexander
403 1675 628 1710 continuavit
658 1675 856 1723 procefi'um
888 1680 1013 1710 contra
1040 1674 1151 1723 ipsum
1181 1675 1287 1710 rediit
1312 1675 1356 1710 ad
1383 1676 1516 1711 curiam
1541 1682 1576 1712 et
1600 1677 1662 1713 dis-

161 1732 410 1768 clamationem
434 1732 564 1768 factam
590 1745 671 1767 cum
699 1732 950 1780 protestatione
974 1732 1136 1780 premifl'a
1159 1737 1194 1767 et
1219 1731 1438 1768 extensiones
1461 1733 1660 1781 plegiorum

161 1790 363 1826 oblatorum
387 1803 450 1838 per
477 1790 589 1838 ipsum
609 1809 616 1817 ·
647 1798 682 1825 et
709 1790 860 1837 qualiter
887 1790 1025 1838 repulsa
1050 1790 1192 1825 fuerant
1219 1803 1283 1838 per
1309 1790 1446 1826 dictum
1475 1791 1658 1828 dominum

127 1848 130 1851 ⁴
161 1847 413 1883 Alexandrum
441 1847 628 1883 Senescalli
654 1854 695 1883 ut
719 1847 965 1883 vicecomitem
994 1847 1037 1883 de
1065 1847 1241 1895 Inuernys
1268 1853 1303 1883 et
1330 1848 1467 1883 dietum
1492 1849 1658 1885 clericum

153 1905 346 1953 justiciarie
366 1906 502 1940 domini
521 1905 628 1940 nostri
650 1905 759 1953 Regis
778 1925 786 1933 ·
810 1906 846 1940 in
869 1905 957 1941 facie
975 1905 1072 1941 curie
1091 1910 1127 1941 et
1146 1905 1289 1941 Patricii
1308 1905 1352 1941 de
1372 1905 1550 1942 Crauford
1569 1908 1659 1943 vice-

160 1963 299 1999 comitis
318 1964 362 1999 de
377 1963 475 1999 Bans
489 1983 497 1991 ·
517 1963 576 2010 qui
589 1963 664 2011 jam
685 1968 848 1998 recenter
862 1962 937 2011 post
951 1963 1113 2011 predicta
1129 1961 1191 2011 ipfi
1209 1963 1355 1998 domino
1371 1963 1544 2012 Episcopo
1563 1965 1660 2001 illata

159 2026 199 2056 ut
217 2021 356 2057 dicebat
379 2021 587 2069 gravamina
614 2021 747 2056 curiam
776 2021 998 2056 intraverat·
1024 2021 1186 2057 recitavit
1205 2040 1213 2048 ·
1243 2027 1279 2057 et
1307 2021 1342 2056 in
1369 2035 1477 2056 manu
1501 2022 1561 2058 sua
1584 2029 1658 2058 tan-

159 2092 264 2126 quam
284 2078 432 2114 ministri
453 2079 558 2126 Regii
578 2079 661 2114 licet
679 2078 825 2114 alterius
844 2079 1013 2114 territorii
1032 2078 1209 2127 prefatum
1223 2078 1380 2127 plegium
1400 2079 1530 2127 optulit
1548 2086 1583 2115 et
1601 2094 1658 2116 ex-

158 2137 295 2171 tendit·
311 2137 371 2184 qui
388 2136 561 2172 Patricius
580 2137 668 2172 illud
687 2136 876 2172 admittere
895 2136 1085 2184 denegavit
1125 2156 1132 2164 ·
1179 2136 1227 2172 Et
1244 2136 1327 2183 quia
1344 2137 1487 2172 demum
1508 2138 1544 2172 in
1563 2138 1657 2173 dicta

159 2194 257 2229 curia
281 2194 394 2229 latum
420 2195 487 2229 suit
514 2200 640 2229 contra
666 2194 804 2230 ἀίἇὶυῐη
832 2194 1018 2229 dominum
1038 2194 1251 2242 Episcopum
1279 2194 1458 2241 quoddam
1479 2194 1655 2242 judicium

158 2250 226 2287 five
244 2252 427 2288 decretum
448 2253 491 2288 de
510 2251 714 2300 sayfiuando
733 2258 846 2288 terras
863 2252 1043 2300 predictas
1064 2257 1183 2301 preter
1202 2258 1334 2288 terram
1354 2252 1397 2287 de
1417 2252 1655 2287 Rathmorcus

159 2309 195 2343 in
210 2322 318 2345 manu
332 2310 421 2346 (1ὶὸὶί
436 2310 572 2346 domini
588 2310 789 2346 Alexandri
809 2330 816 2338 ·
836 2310 931 2345 idem
951 2310 1117 2346 dominus
1138 2310 1330 2358 Episcopus
1344 2310 1388 2345 ad
1403 2309 1536 2344 curiam
1551 2309 1655 2345 rediit

871 2371 894 2403 Q
912 2380 935 2403 A
