1912 2660
289 149 361 181 348
686 143 1005 182 REGISTRUM
1033 142 1399 180 MORAVIENSE.

290 245 438 281 fuerunt
458 245 502 281 ab
523 244 680 293 apostolo
702 244 811 280 Petro
830 243 874 279 ab
892 243 1020 279 eisdem
1040 242 1174 278 civitati
1193 240 1418 289 patriarchali
1438 240 1611 277 hactenus
1629 243 1765 289 erogati
1784 262 1792 270 ·

291 316 360 350 que
383 302 501 351 gracie
524 303 583 339 seu
601 302 830 350 indulgencie
848 302 929 337 sunt
946 306 1055 349 prout
1078 300 1180 334 nobis
1203 298 1337 334 constat
1359 298 1636 334 innumerabiles
1653 312 1717 347 per
1734 313 1793 336 au-

288 361 440 397 tenticas
464 361 652 409 scripturas
670 365 705 396 et
724 373 847 395 earum
872 358 1060 406 originalia
1081 356 1276 404 approbata
1294 374 1302 382 ·
1331 355 1511 391 Volumus
1528 356 1611 392 inde
1629 370 1693 405 per
1710 371 1792 394 con—

287 418 423 454 sensum
451 419 557 454 etiam
585 419 735 454 fratrum
762 416 964 452 nostrorum
992 414 1227 451 cardinalium
1255 412 1351 460 quod
1379 411 1404 447 fi
1432 412 1550 461 aliqua
1575 415 1724 462 persona
1747 417 1790 452 de

287 476 382 511 dicta
401 476 631 524 indulgencia
649 476 788 511 rediens
807 473 994 520 instigante
1013 471 1155 507 diabolo
1179 475 1325 518 peccato
1352 471 1567 508 consentiret
1594 478 1629 508 et
1652 473 1689 508 in
1711 487 1790 522 pec-

286 539 366 569 cato
385 534 611 582 perseverans
630 532 821 580 contigerit
839 544 921 566 eum
939 530 1032 565 mori
1051 548 1059 556 ·
1087 529 1226 564 ratione
1252 534 1483 576 peccatorum
1507 542 1576 577 que
1594 536 1678 566 ante
1696 545 1789 568 com-

285 592 426 627 miserat
450 597 486 627 et
509 590 570 627 fibi
595 591 728 627 virtute
757 586 1089 637 quinquagesimalis
1119 586 1204 621 anni
1234 586 1368 622 fuerint
1395 586 1554 623 absoluta
1584 594 1620 624 et
1650 589 1788 626 indulta

284 650 380 697 quod
406 648 466 685 fibi
493 662 585 698 pena
610 647 794 684 infernalis
821 646 1043 693 aliquatenus
1069 644 1252 680 auferatur
1271 663 1279 672 ·
1304 642 1367 679 nisi
1392 645 1533 681 ratione
1560 652 1786 694 peccatorum

283 720 352 755 que
379 706 455 755 post
478 707 578 742 suum
605 706 799 741 adventum
830 704 978 739 fuerunt
1008 706 1212 750 perpetrata
1230 721 1238 730 ·
1277 701 1382 737 Istam
1409 703 1674 751 indulgenciam
1708 719 1787 742 anc-

282 765 428 801 toritate
451 765 523 800 Dei
551 769 586 800 et
612 763 852 810 apostolorum
877 761 975 797 Petri
1003 766 1039 796 et
1063 760 1165 795 Pauli
1194 760 1238 795 de
1266 760 1525 808 quinquaginta
1551 762 1588 797 in
1617 763 1787 812 quinqua-

281 823 402 870 gintos
428 835 541 858 annos
566 821 701 870 prefate
729 820 958 856 concedimus
976 818 1111 854 civitati
1127 838 1135 846 -
1165 817 1262 853 Istud
1281 818 1329 854 est
1341 817 1459 867 jocale
1477 819 1638 856 mirabile
1657 827 1693 857 et
1710 835 1786 870 pre-

281 881 412 916 ciosum
438 894 478 915 ac
500 879 665 915 omnibus
689 878 852 913 fidelibus
871 875 1142 913 defiderandum
1162 895 1170 903 ·
1190 876 1287 923 quod
1310 889 1377 912 nos
1398 890 1462 925 per
1479 890 1606 914 manus
1624 880 1783 916 omnium

280 938 478 986 legatorum
496 937 630 986 prefate
645 936 795 971 civitatis
809 935 1085 971 misericorditer
1104 933 1318 970 destinamus
1335 954 1343 962 ·
1373 934 1421 970 Et
1439 934 1463 970 fi
1481 936 1558 983 quis
1576 938 1786 974 temeritatis

279 996 485 1044 arrogantia
514 995 616 1030 ausus
642 994 750 1029 suerit
774 993 971 1041 infringere
1002 992 1166 1041 predicta
1195 992 1253 1028 vel
1279 997 1405 1028 contra
1431 1006 1473 1029 ea
1498 993 1631 1042 aliquid
1660 996 1784 1044 impre-

278 1053 350 1089 cari
366 1073 374 1081 ·
394 1052 774 1089 excommunicationis
800 1051 1012 1087 sententiam
1040 1056 1076 1086 et
1103 1055 1264 1086 eternam
1282 1050 1573 1088 maledictionem
1592 1052 1625 1088 se
1643 1055 1783 1090 noverit

277 1111 499 1147 incursurum
520 1130 528 1138 ·

275 1284 398 1320 Litera
417 1284 625 1333 Apostolica
643 1284 687 1320 de
707 1283 894 1320 caritativo
912 1282 1061 1319 subfidio
1079 1296 1145 1332 pro
1164 1281 1308 1319 ecclefia
1325 1282 1505 1319 combusta
1524 1303 1532 1311 ·

273 1400 441 1436 Clemens
465 1400 648 1449 episcopus
674 1400 794 1437 servus
818 1400 1001 1436 servorum
1024 1400 1096 1436 Dei
1120 1400 1316 1436 venerabili
1341 1401 1442 1436 fratri
1469 1400 1630 1449 episcopo
1656 1400 1777 1437 Sancti

273 1458 424 1494 Andree
452 1464 487 1494 et
515 1458 655 1494 dileetis
683 1458 764 1494 filiis
792 1458 949 1507 capitulo
976 1457 1118 1494 ecclesle
1141 1458 1263 1494 Sancti
1284 1458 1433 1495 Andree
1451 1459 1488 1494 in
1508 1458 1626 1494 Scotia
1644 1459 1777 1495 ordinis

275 1516 397 1551 Sancti
412 1516 603 1564 Augustini
622 1517 768 1552 salutem
787 1522 823 1552 et
841 1516 1066 1565 apostolicam
1080 1516 1372 1553 benedictionem
1387 1536 1396 1545 ·
1417 1517 1561 1553 Sincere
1576 1517 1776 1553 devotionis

272 1573 421 1609 affeEtus
441 1587 545 1621 quem
565 1574 611 1610 ad
628 1588 694 1610 nos
713 1580 749 1610 et
768 1575 971 1610 Romanam
996 1573 1175 1611 ecclefiam
1201 1575 1324 1622 geritis
1350 1580 1577 1623 promeretur
1600 1581 1641 1610 ut
1659 1588 1722 1611 vos
1741 1581 1776 1611 et

273 1630 450 1667 ecclesiam
470 1631 619 1667 vestram
637 1638 786 1681 paterna
802 1632 1055 1669 benevolentia
1072 1632 1324 1681 prosequentes
1349 1633 1410 1668 illa
1426 1633 1527 1669 vobis
1552 1632 1674 1668 favore
1692 1646 1775 1668 con-

272 1689 431 1724 cedimus
446 1703 515 1737 que
533 1691 632 1725 vobis
647 1696 682 1726 et
700 1691 815 1726 eidem
835 1689 976 1727 ecclesie
990 1691 1067 1726 sore
1085 1691 1319 1739 conspicimus
1334 1697 1537 1739 opportuna
1549 1710 1557 1718 ·
1578 1690 1669 1726 Sane
1688 1692 1774 1739 peti-

271 1748 321 1783 tio
347 1761 412 1795 pro
434 1753 535 1795 parte
553 1748 665 1784 vestra
682 1749 784 1784 nobis
802 1749 959 1785 exhibita
976 1749 1182 1785 continebat
1200 1749 1296 1796 quod
1315 1747 1458 1784 ecclefia
1476 1747 1588 1784 vestra
1605 1749 1684 1784 casu
1702 1749 1773 1785 sor-

271 1805 363 1840 tuito
381 1805 561 1841 combusta
582 1811 618 1841 et
644 1806 736 1853 quasi
762 1807 923 1842 funditus
942 1806 1121 1843 destructa
1138 1806 1252 1842 existit
1266 1825 1275 1834 ·
1294 1806 1461 1854 quodque
1476 1806 1521 1841 ad
1539 1806 1774 1842 reedificatio-

271 1876 353 1898 nem
373 1862 527 1911 ejusdem
548 1863 688 1900 ecclesie
705 1865 818 1901 vestre
836 1878 910 1901 non
928 1865 1121 1913 suppetunt
1138 1864 1324 1900 facultates
1343 1884 1351 1892 ·
1371 1877 1481 1912 quare
1498 1877 1564 1912 pro
1583 1870 1683 1912 parte
1701 1865 1773 1900 ves-

271 1927 328 1956 tra
349 1920 452 1956 nobis
470 1921 537 1956 suit
555 1921 737 1958 humiliter
755 1922 987 1971 supplicatum
1012 1928 1053 1958 ut
1071 1922 1171 1958 vobis
1197 1935 1262 1971 pro
1287 1922 1553 1958 reedificatione
1571 1922 1771 1970 hujusmodi

270 1977 374 2026 ipsius
389 1977 530 2015 ecclesie
545 1979 588 2015 de
604 1979 752 2028 alicujus
766 1980 1007 2016 subventionis
1021 1980 1154 2016 auxilio
1168 1980 1358 2029 providere
1377 1980 1421 2016 de
1439 1979 1659 2028 benignitate
1677 1980 1772 2028 apos-

272 2037 380 2072 tolica
400 2037 631 2084 dignaremur
644 2057 651 2065 ·
674 2037 752 2073 Nos
770 2038 888 2085 itaque
903 2039 947 2074 de
961 2039 1162 2087 hujusmodi
1176 2037 1489 2087 supplicationibus
1507 2038 1666 2073 inclinati
1680 2038 1771 2073 sruc-

272 2099 329 2130 tus
347 2094 509 2130 redditus
527 2100 563 2131 et
580 2101 776 2143 proventus
793 2097 899 2144 primi
917 2097 973 2132 vel
992 2097 1136 2133 secundi
1157 2096 1242 2132 anni
1262 2115 1270 2124 ·
1298 2096 1393 2131 illius
1410 2096 1576 2132 videlicet
1594 2109 1638 2132 ex
1656 2095 1771 2144 hujus-

271 2152 369 2188 modi
386 2152 503 2201 primo
526 2158 562 2189 et
588 2153 742 2189 secundo
766 2167 861 2189 anno
886 2167 990 2201 quem
1019 2155 1192 2190 duxeritis
1218 2154 1424 2202 eligendum
1443 2173 1451 2182 ·
1474 2166 1769 2201 quorumcunque

271 2210 526 2247 beneficiorum
555 2209 863 2247 ecclefiasticorum
889 2225 970 2248 cum
993 2226 1078 2248 cura
1097 2211 1198 2261 [vel]
1223 2211 1294 2249 fine
1320 2225 1406 2248 cura
1429 2224 1498 2259 que
1521 2211 1629 2259 usque
1647 2211 1693 2246 ad
1711 2211 1768 2247 de-
