<?xml version="1.0" encoding="UTF-8"?>
<!DOCTYPE html PUBLIC "-//W3C//DTD XHTML 1.0 Transitional//EN"
    "http://www.w3.org/TR/xhtml1/DTD/xhtml1-transitional.dtd">
<html xmlns="http://www.w3.org/1999/xhtml" xml:lang="en" lang="en">
 <head>
  <title>
</title>
<meta http-equiv="Content-Type" content="text/html;charset=utf-8" />
  <meta name='ocr-system' content='tesseract 3.04.00' />
  <meta name='ocr-capabilities' content='ocr_page ocr_carea ocr_par ocr_line ocrx_word'/>
</head>
<body>
  <div class='ocr_page' id='page_1' title='image "./registrumepisc5800morauoft_0141.png"; bbox 0 0 2066 2780; ppageno 0'>
   <div class='ocr_carea' id='block_1_1' title="bbox 571 133 1663 175">
    <p class='ocr_par' dir='ltr' id='par_1_1' title="bbox 571 133 1663 175">
     <span class='ocr_line' id='line_1_1' title="bbox 571 133 1663 175; baseline 0.006 -7"><span class='ocrx_word' id='word_1_1' title='bbox 571 133 885 169; x_wconf 88' lang='lat' dir='ltr'>REGISTRUM</span> <span class='ocrx_word' id='word_1_2' title='bbox 912 133 1202 171; x_wconf 87' lang='lat' dir='ltr'>MORAVIEN</span> <span class='ocrx_word' id='word_1_3' title='bbox 1205 135 1271 171; x_wconf 89' lang='lat' dir='ltr'>SE.</span> <span class='ocrx_word' id='word_1_4' title='bbox 1616 142 1663 175; x_wconf 81' lang='lat'>33</span> 
     </span>
    </p>
   </div>
   <div class='ocr_carea' id='block_1_2' title="bbox 177 287 1356 337">
    <p class='ocr_par' dir='ltr' id='par_1_2' title="bbox 177 287 1356 337">
     <span class='ocr_line' id='line_1_2' title="bbox 177 287 1356 337; baseline 0 -13"><span class='ocrx_word' id='word_1_5' title='bbox 177 287 391 336; x_wconf 78' lang='lat' dir='ltr'>Compositio</span> <span class='ocrx_word' id='word_1_6' title='bbox 409 288 502 328; x_wconf 87' lang='lat' dir='ltr'>inter</span> <span class='ocrx_word' id='word_1_7' title='bbox 521 288 581 323; x_wconf 92' lang='lat' dir='ltr'>·A·</span> <span class='ocrx_word' id='word_1_8' title='bbox 600 288 802 336; x_wconf 90' lang='lat' dir='ltr'>episcopum</span> <span class='ocrx_word' id='word_1_9' title='bbox 821 294 857 324; x_wconf 87' lang='lat' dir='ltr'>et</span> <span class='ocrx_word' id='word_1_10' title='bbox 876 288 1037 324; x_wconf 91' lang='lat' dir='ltr'>Domum</span> <span class='ocrx_word' id='word_1_11' title='bbox 1057 288 1128 324; x_wconf 87' lang='lat' dir='ltr'>Dei</span> <span class='ocrx_word' id='word_1_12' title='bbox 1147 289 1191 324; x_wconf 91' lang='lat' dir='ltr'>de</span> <span class='ocrx_word' id='word_1_13' title='bbox 1210 289 1329 337; x_wconf 84' lang='lat' dir='ltr'>Elgyn</span> <span class='ocrx_word' id='word_1_14' title='bbox 1349 309 1356 317; x_wconf 93' lang='lat'><strong>·</strong></span> 
     </span>
    </p>
   </div>
   <div class='ocr_carea' id='block_1_3' title="bbox 100 401 1664 2323">
    <p class='ocr_par' dir='ltr' id='par_1_3' title="bbox 100 401 1664 1708">
     <span class='ocr_line' id='line_1_3' title="bbox 100 401 1663 451; baseline 0.002 -13"><span class='ocrx_word' id='word_1_15' title='bbox 100 407 146 443; x_wconf 84' lang='lat'>39</span> <span class='ocrx_word' id='word_1_16' title='bbox 173 401 351 437; x_wconf 80' lang='lat' dir='ltr'>Noverint</span> <span class='ocrx_word' id='word_1_17' title='bbox 369 415 492 438; x_wconf 88' lang='lat' dir='ltr'>omnes</span> <span class='ocrx_word' id='word_1_18' title='bbox 509 402 577 437; x_wconf 87' lang='lat' dir='ltr'>hoc</span> <span class='ocrx_word' id='word_1_19' title='bbox 596 403 763 451; x_wconf 87' lang='lat' dir='ltr'>scriptum</span> <span class='ocrx_word' id='word_1_20' title='bbox 781 403 887 438; x_wconf 86' lang='lat' dir='ltr'>visuri</span> <span class='ocrx_word' id='word_1_21' title='bbox 906 404 962 439; x_wconf 91' lang='lat' dir='ltr'>vel</span> <span class='ocrx_word' id='word_1_22' title='bbox 981 404 1139 439; x_wconf 85' lang='lat' dir='ltr'><strong>audituri</strong></span> <span class='ocrx_word' id='word_1_23' title='bbox 1156 404 1253 450; x_wconf 91' lang='lat' dir='ltr'>quod</span> <span class='ocrx_word' id='word_1_24' title='bbox 1271 416 1351 439; x_wconf 94' lang='lat' dir='ltr'>cum</span> <span class='ocrx_word' id='word_1_25' title='bbox 1372 405 1554 440; x_wconf 88' lang='lat' dir='ltr'>contentio</span> <span class='ocrx_word' id='word_1_26' title='bbox 1582 407 1663 442; x_wconf 82' lang='lat' dir='ltr'>effet</span> 
     </span>
     <span class='ocr_line' id='line_1_4' title="bbox 170 459 1663 509; baseline 0.003 -16"><span class='ocrx_word' id='word_1_27' title='bbox 170 459 264 494; x_wconf 90' lang='lat' dir='ltr'>inter</span> <span class='ocrx_word' id='word_1_28' title='bbox 284 459 468 495; x_wconf 91' lang='lat' dir='ltr'>Andream</span> <span class='ocrx_word' id='word_1_29' title='bbox 487 460 686 508; x_wconf 88' lang='lat' dir='ltr'>episcopum</span> <span class='ocrx_word' id='word_1_30' title='bbox 707 461 966 497; x_wconf 70' lang='lat' dir='ltr'>moraviensem</span> <span class='ocrx_word' id='word_1_31' title='bbox 986 475 1030 496; x_wconf 87' lang='lat' dir='ltr'>ex</span> <span class='ocrx_word' id='word_1_32' title='bbox 1051 474 1124 496; x_wconf 89' lang='lat' dir='ltr'>una</span> <span class='ocrx_word' id='word_1_33' title='bbox 1149 466 1249 509; x_wconf 88' lang='lat' dir='ltr'>parte</span> <span class='ocrx_word' id='word_1_34' title='bbox 1268 480 1276 488; x_wconf 93' lang='lat'><strong>·</strong></span> <span class='ocrx_word' id='word_1_35' title='bbox 1296 466 1332 496; x_wconf 89' lang='lat' dir='ltr'>et</span> <span class='ocrx_word' id='word_1_36' title='bbox 1351 461 1511 496; x_wconf 90' lang='lat' dir='ltr'>Domum</span> <span class='ocrx_word' id='word_1_37' title='bbox 1531 462 1602 497; x_wconf 92' lang='lat' dir='ltr'>Dei</span> <span class='ocrx_word' id='word_1_38' title='bbox 1621 463 1663 498; x_wconf 83' lang='lat' dir='ltr'>de</span> 
     </span>
     <span class='ocr_line' id='line_1_5' title="bbox 171 515 1662 566; baseline 0.002 -15"><span class='ocrx_word' id='word_1_39' title='bbox 171 515 287 564; x_wconf 86' lang='lat' dir='ltr'>Elgyn</span> <span class='ocrx_word' id='word_1_40' title='bbox 316 522 351 552; x_wconf 78' lang='lat' dir='ltr'>et</span> <span class='ocrx_word' id='word_1_41' title='bbox 372 517 498 553; x_wconf 88' lang='lat' dir='ltr'>fratres</span> <span class='ocrx_word' id='word_1_42' title='bbox 525 522 560 552; x_wconf 90' lang='lat' dir='ltr'>et</span> <span class='ocrx_word' id='word_1_43' title='bbox 586 518 722 553; x_wconf 90' lang='lat' dir='ltr'>sorores</span> <span class='ocrx_word' id='word_1_44' title='bbox 747 518 900 566; x_wconf 89' lang='lat' dir='ltr'>ejusdem</span> <span class='ocrx_word' id='word_1_45' title='bbox 929 519 1055 553; x_wconf 88' lang='lat' dir='ltr'>domus</span> <span class='ocrx_word' id='word_1_46' title='bbox 1087 532 1131 554; x_wconf 86' lang='lat' dir='ltr'>ex</span> <span class='ocrx_word' id='word_1_47' title='bbox 1161 518 1272 554; x_wconf 90' lang='lat' dir='ltr'>altera</span> <span class='ocrx_word' id='word_1_48' title='bbox 1294 538 1302 546; x_wconf 94' lang='lat'><strong>·</strong></span> <span class='ocrx_word' id='word_1_49' title='bbox 1327 518 1429 566; x_wconf 89' lang='lat' dir='ltr'>super</span> <span class='ocrx_word' id='word_1_50' title='bbox 1459 519 1662 565; x_wconf 89' lang='lat' dir='ltr'>quibusdam</span> 
     </span>
     <span class='ocr_line' id='line_1_6' title="bbox 169 574 1663 623; baseline 0.002 -15"><span class='ocrx_word' id='word_1_51' title='bbox 169 574 271 608; x_wconf 86' lang='lat' dir='ltr'>terris</span> <span class='ocrx_word' id='word_1_52' title='bbox 289 587 375 621; x_wconf 74' lang='lat' dir='ltr'>quas</span> <span class='ocrx_word' id='word_1_53' title='bbox 392 575 487 609; x_wconf 92' lang='lat' dir='ltr'>idem</span> <span class='ocrx_word' id='word_1_54' title='bbox 507 575 699 623; x_wconf 80' lang='lat' dir='ltr'><strong>Episcopus</strong></span> <span class='ocrx_word' id='word_1_55' title='bbox 718 575 856 610; x_wconf 88' lang='lat' dir='ltr'>dicebat</span> <span class='ocrx_word' id='word_1_56' title='bbox 873 576 1052 623; x_wconf 89' lang='lat' dir='ltr'>pertinere</span> <span class='ocrx_word' id='word_1_57' title='bbox 1071 576 1116 610; x_wconf 87' lang='lat' dir='ltr'>ad</span> <span class='ocrx_word' id='word_1_58' title='bbox 1134 581 1265 611; x_wconf 88' lang='lat' dir='ltr'>terram</span> <span class='ocrx_word' id='word_1_59' title='bbox 1284 576 1380 610; x_wconf 90' lang='lat' dir='ltr'>suam</span> <span class='ocrx_word' id='word_1_60' title='bbox 1400 576 1443 611; x_wconf 89' lang='lat' dir='ltr'>de</span> <span class='ocrx_word' id='word_1_61' title='bbox 1464 576 1625 612; x_wconf 68' lang='lat' dir='ltr'>munben</span> <span class='ocrx_word' id='word_1_62' title='bbox 1656 597 1663 604; x_wconf 93' lang='lat'><em>-</em></span> 
     </span>
     <span class='ocr_line' id='line_1_7' title="bbox 168 631 1664 680; baseline 0.002 -15"><span class='ocrx_word' id='word_1_63' title='bbox 168 631 338 678; x_wconf 63' lang='lat' dir='ltr'>prediEtis</span> <span class='ocrx_word' id='word_1_64' title='bbox 351 631 518 667; x_wconf 88' lang='lat' dir='ltr'>fratribus</span> <span class='ocrx_word' id='word_1_65' title='bbox 532 637 568 667; x_wconf 92' lang='lat' dir='ltr'>et</span> <span class='ocrx_word' id='word_1_66' title='bbox 581 632 757 667; x_wconf 89' lang='lat' dir='ltr'>sororibus</span> <span class='ocrx_word' id='word_1_67' title='bbox 775 633 812 667; x_wconf 93' lang='lat' dir='ltr'>in</span> <span class='ocrx_word' id='word_1_68' title='bbox 830 633 1050 668; x_wconf 87' lang='lat' dir='ltr'>contrarium</span> <span class='ocrx_word' id='word_1_69' title='bbox 1069 633 1296 668; x_wconf 84' lang='lat' dir='ltr'>afferentibus</span> <span class='ocrx_word' id='word_1_70' title='bbox 1315 633 1451 668; x_wconf 88' lang='lat' dir='ltr'>easdem</span> <span class='ocrx_word' id='word_1_71' title='bbox 1470 633 1608 680; x_wconf 88' lang='lat' dir='ltr'>[terre]</span> <span class='ocrx_word' id='word_1_72' title='bbox 1622 634 1664 669; x_wconf 89' lang='lat' dir='ltr'>de</span> 
     </span>
     <span class='ocr_line' id='line_1_8' title="bbox 169 688 1663 738; baseline 0.001 -15"><span class='ocrx_word' id='word_1_73' title='bbox 169 688 329 724; x_wconf 71' lang='lat' dir='ltr'>munben</span> <span class='ocrx_word' id='word_1_74' title='bbox 344 702 412 736; x_wconf 89' lang='lat' dir='ltr'>que</span> <span class='ocrx_word' id='word_1_75' title='bbox 427 690 554 724; x_wconf 86' lang='lat' dir='ltr'>domus</span> <span class='ocrx_word' id='word_1_76' title='bbox 569 689 627 724; x_wconf 88' lang='lat' dir='ltr'>sue</span> <span class='ocrx_word' id='word_1_77' title='bbox 642 689 689 725; x_wconf 88' lang='lat' dir='ltr'>est</span> <span class='ocrx_word' id='word_1_78' title='bbox 702 690 882 737; x_wconf 87' lang='lat' dir='ltr'>pertinere</span> <span class='ocrx_word' id='word_1_79' title='bbox 894 709 902 717; x_wconf 88' lang='lat'><strong>·</strong></span> <span class='ocrx_word' id='word_1_80' title='bbox 915 703 979 738; x_wconf 92' lang='lat' dir='ltr'>per</span> <span class='ocrx_word' id='word_1_81' title='bbox 995 689 1284 738; x_wconf 83' lang='lat' dir='ltr'>compositionem</span> <span class='ocrx_word' id='word_1_82' title='bbox 1302 690 1522 725; x_wconf 82' lang='lat' dir='ltr'>amicabilem</span> <span class='ocrx_word' id='word_1_83' title='bbox 1541 691 1663 726; x_wconf 83' lang='lat' dir='ltr'>eadem</span> 
     </span>
     <span class='ocr_line' id='line_1_9' title="bbox 169 746 1664 796; baseline 0.002 -16"><span class='ocrx_word' id='word_1_84' title='bbox 169 747 350 781; x_wconf 87' lang='lat' dir='ltr'>contentio</span> <span class='ocrx_word' id='word_1_85' title='bbox 370 746 418 781; x_wconf 86' lang='lat' dir='ltr'>est</span> <span class='ocrx_word' id='word_1_86' title='bbox 435 746 589 782; x_wconf 88' lang='lat' dir='ltr'>finaliter</span> <span class='ocrx_word' id='word_1_87' title='bbox 606 747 718 794; x_wconf 88' lang='lat' dir='ltr'>sopita</span> <span class='ocrx_word' id='word_1_88' title='bbox 736 753 771 783; x_wconf 88' lang='lat' dir='ltr'>et</span> <span class='ocrx_word' id='word_1_89' title='bbox 789 747 980 782; x_wconf 85' lang='lat' dir='ltr'>terminata</span> <span class='ocrx_word' id='word_1_90' title='bbox 1003 767 1010 775; x_wconf 92' lang='lat'><strong>·</strong></span> <span class='ocrx_word' id='word_1_91' title='bbox 1036 747 1278 783; x_wconf 86' lang='lat' dir='ltr'>consentiente</span> <span class='ocrx_word' id='word_1_92' title='bbox 1296 753 1332 783; x_wconf 88' lang='lat' dir='ltr'>et</span> <span class='ocrx_word' id='word_1_93' title='bbox 1350 748 1555 783; x_wconf 87' lang='lat' dir='ltr'>consulente</span> <span class='ocrx_word' id='word_1_94' title='bbox 1574 749 1664 796; x_wconf 88' lang='lat' dir='ltr'>capi-</span> 
     </span>
     <span class='ocr_line' id='line_1_10' title="bbox 169 803 1664 853; baseline 0.001 -15"><span class='ocrx_word' id='word_1_95' title='bbox 169 803 245 838; x_wconf 92' lang='lat' dir='ltr'>tulo</span> <span class='ocrx_word' id='word_1_96' title='bbox 275 823 282 831; x_wconf 89' lang='lat'><strong>·</strong></span> <span class='ocrx_word' id='word_1_97' title='bbox 312 803 373 838; x_wconf 95' lang='lat' dir='ltr'>sub</span> <span class='ocrx_word' id='word_1_98' title='bbox 392 804 456 839; x_wconf 92' lang='lat' dir='ltr'>hac</span> <span class='ocrx_word' id='word_1_99' title='bbox 474 804 590 839; x_wconf 89' lang='lat' dir='ltr'>forma</span> <span class='ocrx_word' id='word_1_100' title='bbox 609 824 616 831; x_wconf 94' lang='lat'>-</span> <span class='ocrx_word' id='word_1_101' title='bbox 636 804 766 840; x_wconf 88' lang='lat' dir='ltr'>scilicet</span> <span class='ocrx_word' id='word_1_102' title='bbox 784 805 880 852; x_wconf 91' lang='lat' dir='ltr'>quod</span> <span class='ocrx_word' id='word_1_103' title='bbox 898 805 1059 852; x_wconf 67' lang='lat' dir='ltr'>predi&amp;a</span> <span class='ocrx_word' id='word_1_104' title='bbox 1077 805 1220 840; x_wconf 93' lang='lat' dir='ltr'>Domus</span> <span class='ocrx_word' id='word_1_105' title='bbox 1238 805 1311 840; x_wconf 91' lang='lat' dir='ltr'>Dei</span> <span class='ocrx_word' id='word_1_106' title='bbox 1328 805 1470 840; x_wconf 87' lang='lat' dir='ltr'>habebit</span> <span class='ocrx_word' id='word_1_107' title='bbox 1488 805 1524 839; x_wconf 91' lang='lat' dir='ltr'>in</span> <span class='ocrx_word' id='word_1_108' title='bbox 1543 818 1664 853; x_wconf 85' lang='lat' dir='ltr'>perpe-</span> 
     </span>
     <span class='ocr_line' id='line_1_11' title="bbox 168 860 1664 910; baseline 0.001 -14"><span class='ocrx_word' id='word_1_109' title='bbox 168 866 270 896; x_wconf 84' lang='lat' dir='ltr'>tuum</span> <span class='ocrx_word' id='word_1_110' title='bbox 284 866 396 896; x_wconf 90' lang='lat' dir='ltr'>totam</span> <span class='ocrx_word' id='word_1_111' title='bbox 410 867 541 897; x_wconf 90' lang='lat' dir='ltr'>terram</span> <span class='ocrx_word' id='word_1_112' title='bbox 556 875 624 909; x_wconf 91' lang='lat' dir='ltr'>que</span> <span class='ocrx_word' id='word_1_113' title='bbox 643 862 710 897; x_wconf 86' lang='lat' dir='ltr'>fuit</span> <span class='ocrx_word' id='word_1_114' title='bbox 728 868 763 897; x_wconf 88' lang='lat' dir='ltr'>et</span> <span class='ocrx_word' id='word_1_115' title='bbox 782 862 848 897; x_wconf 85' lang='lat' dir='ltr'>effe</span> <span class='ocrx_word' id='word_1_116' title='bbox 867 862 990 897; x_wconf 83' lang='lat' dir='ltr'>debuit</span> <span class='ocrx_word' id='word_1_117' title='bbox 1012 862 1257 910; x_wconf 87' lang='lat' dir='ltr'>episcoporum</span> <span class='ocrx_word' id='word_1_118' title='bbox 1276 860 1551 898; x_wconf 72' lang='lat' dir='ltr'>OEoravienfium</span> <span class='ocrx_word' id='word_1_119' title='bbox 1569 863 1664 910; x_wconf 85' lang='lat' dir='ltr'>apud</span> 
     </span>
     <span class='ocr_line' id='line_1_12' title="bbox 169 918 1663 967; baseline 0 -13"><span class='ocrx_word' id='word_1_120' title='bbox 169 918 330 954; x_wconf 79' lang='lat' dir='ltr'>(Dunben</span> <span class='ocrx_word' id='word_1_121' title='bbox 348 918 385 953; x_wconf 93' lang='lat' dir='ltr'>in</span> <span class='ocrx_word' id='word_1_122' title='bbox 402 932 528 966; x_wconf 90' lang='lat' dir='ltr'>puram</span> <span class='ocrx_word' id='word_1_123' title='bbox 546 925 581 954; x_wconf 90' lang='lat' dir='ltr'>et</span> <span class='ocrx_word' id='word_1_124' title='bbox 600 925 807 967; x_wconf 87' lang='lat' dir='ltr'>perpetuam</span> <span class='ocrx_word' id='word_1_125' title='bbox 827 918 1051 955; x_wconf 85' lang='lat' dir='ltr'>elemosinam</span> <span class='ocrx_word' id='word_1_126' title='bbox 1077 939 1084 947; x_wconf 94' lang='lat'><strong>·</strong></span> <span class='ocrx_word' id='word_1_127' title='bbox 1108 920 1256 955; x_wconf 86' lang='lat' dir='ltr'>liberam</span> <span class='ocrx_word' id='word_1_128' title='bbox 1275 925 1310 955; x_wconf 90' lang='lat' dir='ltr'>et</span> <span class='ocrx_word' id='word_1_129' title='bbox 1328 919 1484 966; x_wconf 88' lang='lat' dir='ltr'>quietam</span> <span class='ocrx_word' id='word_1_130' title='bbox 1503 919 1546 954; x_wconf 85' lang='lat' dir='ltr'>ab</span> <span class='ocrx_word' id='word_1_131' title='bbox 1565 920 1663 954; x_wconf 91' lang='lat' dir='ltr'>omni</span> 
     </span>
     <span class='ocr_line' id='line_1_13' title="bbox 168 975 1663 1025; baseline 0.001 -16"><span class='ocrx_word' id='word_1_132' title='bbox 168 975 308 1010; x_wconf 87' lang='lat' dir='ltr'>servitio</span> <span class='ocrx_word' id='word_1_133' title='bbox 328 995 336 1002; x_wconf 90' lang='lat'><strong>·</strong></span> <span class='ocrx_word' id='word_1_134' title='bbox 356 976 543 1011; x_wconf 71' lang='lat' dir='ltr'>exa6fione</span> <span class='ocrx_word' id='word_1_135' title='bbox 569 996 576 1004; x_wconf 94' lang='lat'><strong>·</strong></span> <span class='ocrx_word' id='word_1_136' title='bbox 605 977 860 1012; x_wconf 82' lang='lat' dir='ltr'>consuetudine</span> <span class='ocrx_word' id='word_1_137' title='bbox 887 983 922 1012; x_wconf 88' lang='lat' dir='ltr'>et</span> <span class='ocrx_word' id='word_1_138' title='bbox 949 977 1125 1012; x_wconf 84' lang='lat' dir='ltr'>demanda</span> <span class='ocrx_word' id='word_1_139' title='bbox 1146 977 1191 1012; x_wconf 90' lang='lat' dir='ltr'>ad</span> <span class='ocrx_word' id='word_1_140' title='bbox 1215 977 1395 1025; x_wconf 85' lang='lat' dir='ltr'>episcopos</span> <span class='ocrx_word' id='word_1_141' title='bbox 1424 977 1663 1012; x_wconf 70' lang='lat' dir='ltr'>moravienses</span> 
     </span>
     <span class='ocr_line' id='line_1_14' title="bbox 167 1032 1663 1082; baseline 0.001 -15"><span class='ocrx_word' id='word_1_142' title='bbox 167 1032 426 1079; x_wconf 89' lang='lat' dir='ltr'>pertinentibus</span> <span class='ocrx_word' id='word_1_143' title='bbox 445 1052 453 1060; x_wconf 91' lang='lat'><strong>·</strong></span> <span class='ocrx_word' id='word_1_144' title='bbox 472 1046 535 1081; x_wconf 92' lang='lat' dir='ltr'>per</span> <span class='ocrx_word' id='word_1_145' title='bbox 553 1034 690 1069; x_wconf 90' lang='lat' dir='ltr'>easdem</span> <span class='ocrx_word' id='word_1_146' title='bbox 709 1034 834 1069; x_wconf 87' lang='lat' dir='ltr'>divisas</span> <span class='ocrx_word' id='word_1_147' title='bbox 848 1047 912 1082; x_wconf 88' lang='lat' dir='ltr'>per</span> <span class='ocrx_word' id='word_1_148' title='bbox 926 1047 1011 1081; x_wconf 90' lang='lat' dir='ltr'>quas</span> <span class='ocrx_word' id='word_1_149' title='bbox 1026 1035 1120 1069; x_wconf 90' lang='lat' dir='ltr'>idem</span> <span class='ocrx_word' id='word_1_150' title='bbox 1134 1034 1327 1082; x_wconf 82' lang='lat' dir='ltr'>Episcopus</span> <span class='ocrx_word' id='word_1_151' title='bbox 1346 1047 1423 1069; x_wconf 86' lang='lat' dir='ltr'>eam</span> <span class='ocrx_word' id='word_1_152' title='bbox 1442 1034 1558 1069; x_wconf 90' lang='lat' dir='ltr'>tenuit</span> <span class='ocrx_word' id='word_1_153' title='bbox 1576 1039 1663 1069; x_wconf 83' lang='lat' dir='ltr'>tem-</span> 
     </span>
     <span class='ocr_line' id='line_1_15' title="bbox 167 1089 1663 1139; baseline 0.001 -15"><span class='ocrx_word' id='word_1_154' title='bbox 167 1102 254 1137; x_wconf 90' lang='lat' dir='ltr'>pore</span> <span class='ocrx_word' id='word_1_155' title='bbox 272 1090 376 1137; x_wconf 89' lang='lat' dir='ltr'>hujus</span> <span class='ocrx_word' id='word_1_156' title='bbox 394 1089 655 1138; x_wconf 82' lang='lat' dir='ltr'>compositionis</span> <span class='ocrx_word' id='word_1_157' title='bbox 679 1091 765 1126; x_wconf 91' lang='lat' dir='ltr'>inite</span> <span class='ocrx_word' id='word_1_158' title='bbox 795 1110 803 1118; x_wconf 92' lang='lat'><strong>·</strong></span> <span class='ocrx_word' id='word_1_159' title='bbox 833 1097 868 1125; x_wconf 89' lang='lat' dir='ltr'>et</span> <span class='ocrx_word' id='word_1_160' title='bbox 894 1105 975 1126; x_wconf 91' lang='lat' dir='ltr'>cum</span> <span class='ocrx_word' id='word_1_161' title='bbox 994 1092 1159 1126; x_wconf 90' lang='lat' dir='ltr'>omnibus</span> <span class='ocrx_word' id='word_1_162' title='bbox 1177 1091 1400 1139; x_wconf 87' lang='lat' dir='ltr'>pertinentiis</span> <span class='ocrx_word' id='word_1_163' title='bbox 1419 1091 1486 1125; x_wconf 88' lang='lat' dir='ltr'>suis</span> <span class='ocrx_word' id='word_1_164' title='bbox 1504 1091 1541 1125; x_wconf 90' lang='lat' dir='ltr'>in</span> <span class='ocrx_word' id='word_1_165' title='bbox 1559 1092 1663 1126; x_wconf 90' lang='lat' dir='ltr'>terris</span> 
     </span>
     <span class='ocr_line' id='line_1_16' title="bbox 168 1147 1662 1195; baseline 0.001 -14"><span class='ocrx_word' id='word_1_166' title='bbox 168 1152 203 1181; x_wconf 89' lang='lat' dir='ltr'>et</span> <span class='ocrx_word' id='word_1_167' title='bbox 217 1147 315 1194; x_wconf 85' lang='lat' dir='ltr'>aquis</span> <span class='ocrx_word' id='word_1_168' title='bbox 334 1166 342 1174; x_wconf 93' lang='lat'><strong>·</strong></span> <span class='ocrx_word' id='word_1_169' title='bbox 362 1147 398 1182; x_wconf 92' lang='lat' dir='ltr'>in</span> <span class='ocrx_word' id='word_1_170' title='bbox 417 1147 544 1194; x_wconf 85' lang='lat' dir='ltr'>stagnis</span> <span class='ocrx_word' id='word_1_171' title='bbox 563 1153 598 1182; x_wconf 88' lang='lat' dir='ltr'>et</span> <span class='ocrx_word' id='word_1_172' title='bbox 615 1148 768 1195; x_wconf 84' lang='lat' dir='ltr'>piscariis</span> <span class='ocrx_word' id='word_1_173' title='bbox 783 1153 818 1182; x_wconf 92' lang='lat' dir='ltr'>et</span> <span class='ocrx_word' id='word_1_174' title='bbox 837 1147 1050 1182; x_wconf 88' lang='lat' dir='ltr'>molendinis</span> <span class='ocrx_word' id='word_1_175' title='bbox 1066 1167 1074 1175; x_wconf 89' lang='lat'><strong>·</strong></span> <span class='ocrx_word' id='word_1_176' title='bbox 1090 1148 1127 1182; x_wconf 92' lang='lat' dir='ltr'>in</span> <span class='ocrx_word' id='word_1_177' title='bbox 1144 1148 1253 1195; x_wconf 90' lang='lat' dir='ltr'>pratis</span> <span class='ocrx_word' id='word_1_178' title='bbox 1271 1154 1306 1183; x_wconf 90' lang='lat' dir='ltr'>et</span> <span class='ocrx_word' id='word_1_179' title='bbox 1323 1148 1457 1195; x_wconf 84' lang='lat' dir='ltr'>pascuis</span> <span class='ocrx_word' id='word_1_180' title='bbox 1476 1167 1484 1175; x_wconf 90' lang='lat'><strong>·</strong></span> <span class='ocrx_word' id='word_1_181' title='bbox 1503 1148 1541 1183; x_wconf 92' lang='lat' dir='ltr'>in</span> <span class='ocrx_word' id='word_1_182' title='bbox 1558 1148 1662 1183; x_wconf 88' lang='lat' dir='ltr'>bosco</span> 
     </span>
     <span class='ocr_line' id='line_1_17' title="bbox 167 1203 1662 1252; baseline 0.001 -14"><span class='ocrx_word' id='word_1_183' title='bbox 167 1209 202 1238; x_wconf 88' lang='lat' dir='ltr'>et</span> <span class='ocrx_word' id='word_1_184' title='bbox 219 1204 327 1251; x_wconf 91' lang='lat' dir='ltr'>plano</span> <span class='ocrx_word' id='word_1_185' title='bbox 347 1224 355 1232; x_wconf 92' lang='lat'><strong>‚</strong></span> <span class='ocrx_word' id='word_1_186' title='bbox 374 1205 412 1238; x_wconf 94' lang='lat' dir='ltr'>in</span> <span class='ocrx_word' id='word_1_187' title='bbox 431 1205 539 1239; x_wconf 87' lang='lat' dir='ltr'>moris</span> <span class='ocrx_word' id='word_1_188' title='bbox 558 1210 593 1239; x_wconf 94' lang='lat' dir='ltr'>et</span> <span class='ocrx_word' id='word_1_189' title='bbox 611 1203 763 1239; x_wconf 87' lang='lat' dir='ltr'>marefiis</span> <span class='ocrx_word' id='word_1_190' title='bbox 788 1224 796 1231; x_wconf 94' lang='lat'><strong>·</strong></span> <span class='ocrx_word' id='word_1_191' title='bbox 824 1205 873 1239; x_wconf 85' lang='lat' dir='ltr'>ita</span> <span class='ocrx_word' id='word_1_192' title='bbox 891 1204 986 1250; x_wconf 93' lang='lat' dir='ltr'>quod</span> <span class='ocrx_word' id='word_1_193' title='bbox 1005 1217 1096 1250; x_wconf 88' lang='lat' dir='ltr'>aqua</span> <span class='ocrx_word' id='word_1_194' title='bbox 1113 1205 1157 1239; x_wconf 91' lang='lat' dir='ltr'>de</span> <span class='ocrx_word' id='word_1_195' title='bbox 1176 1204 1307 1251; x_wconf 87' lang='lat' dir='ltr'>Lofl&#39;yn</span> <span class='ocrx_word' id='word_1_196' title='bbox 1329 1205 1396 1239; x_wconf 93' lang='lat' dir='ltr'>erit</span> <span class='ocrx_word' id='word_1_197' title='bbox 1415 1205 1523 1239; x_wconf 86' lang='lat' dir='ltr'>divisa</span> <span class='ocrx_word' id='word_1_198' title='bbox 1539 1218 1662 1252; x_wconf 90' lang='lat' dir='ltr'>perpe-</span> 
     </span>
     <span class='ocr_line' id='line_1_18' title="bbox 166 1260 1661 1297; baseline 0.001 -2"><span class='ocrx_word' id='word_1_199' title='bbox 166 1266 228 1296; x_wconf 91' lang='lat' dir='ltr'>tua</span> <span class='ocrx_word' id='word_1_200' title='bbox 252 1261 346 1296; x_wconf 91' lang='lat' dir='ltr'>inter</span> <span class='ocrx_word' id='word_1_201' title='bbox 371 1266 503 1296; x_wconf 89' lang='lat' dir='ltr'>terram</span> <span class='ocrx_word' id='word_1_202' title='bbox 522 1261 565 1296; x_wconf 91' lang='lat' dir='ltr'>de</span> <span class='ocrx_word' id='word_1_203' title='bbox 584 1261 747 1297; x_wconf 69' lang='lat' dir='ltr'>munben</span> <span class='ocrx_word' id='word_1_204' title='bbox 774 1266 809 1296; x_wconf 89' lang='lat' dir='ltr'>et</span> <span class='ocrx_word' id='word_1_205' title='bbox 836 1267 967 1296; x_wconf 89' lang='lat' dir='ltr'>terram</span> <span class='ocrx_word' id='word_1_206' title='bbox 986 1261 1030 1295; x_wconf 91' lang='lat' dir='ltr'>de</span> <span class='ocrx_word' id='word_1_207' title='bbox 1049 1261 1208 1296; x_wconf 90' lang='lat' dir='ltr'>Brenath</span> <span class='ocrx_word' id='word_1_208' title='bbox 1236 1280 1243 1288; x_wconf 92' lang='lat'><strong>·</strong></span> <span class='ocrx_word' id='word_1_209' title='bbox 1271 1260 1357 1296; x_wconf 91' lang='lat' dir='ltr'>ficut</span> <span class='ocrx_word' id='word_1_210' title='bbox 1383 1261 1547 1296; x_wconf 88' lang='lat' dir='ltr'>currebat</span> <span class='ocrx_word' id='word_1_211' title='bbox 1573 1267 1661 1296; x_wconf 91' lang='lat' dir='ltr'>tem-</span> 
     </span>
     <span class='ocr_line' id='line_1_19' title="bbox 166 1316 1659 1366; baseline 0 -13"><span class='ocrx_word' id='word_1_212' title='bbox 166 1331 252 1365; x_wconf 86' lang='lat' dir='ltr'>pore</span> <span class='ocrx_word' id='word_1_213' title='bbox 271 1317 531 1366; x_wconf 81' lang='lat' dir='ltr'>compositionis</span> <span class='ocrx_word' id='word_1_214' title='bbox 550 1318 656 1366; x_wconf 90' lang='lat' dir='ltr'>hujus</span> <span class='ocrx_word' id='word_1_215' title='bbox 677 1318 846 1365; x_wconf 87' lang='lat' dir='ltr'>scripture</span> <span class='ocrx_word' id='word_1_216' title='bbox 874 1337 881 1344; x_wconf 94' lang='lat'><em>·</em></span> <span class='ocrx_word' id='word_1_217' title='bbox 909 1318 1092 1365; x_wconf 65' lang='lat' dir='ltr'>predictus</span> <span class='ocrx_word' id='word_1_218' title='bbox 1110 1331 1196 1353; x_wconf 90' lang='lat' dir='ltr'>vero</span> <span class='ocrx_word' id='word_1_219' title='bbox 1216 1316 1381 1353; x_wconf 85' lang='lat' dir='ltr'>Andreas</span> <span class='ocrx_word' id='word_1_220' title='bbox 1399 1324 1434 1353; x_wconf 89' lang='lat' dir='ltr'>et</span> <span class='ocrx_word' id='word_1_221' title='bbox 1452 1318 1659 1354; x_wconf 84' lang='lat' dir='ltr'>sueceffores</span> 
     </span>
     <span class='ocr_line' id='line_1_20' title="bbox 166 1373 1659 1423; baseline 0 -13"><span class='ocrx_word' id='word_1_222' title='bbox 166 1375 241 1422; x_wconf 87' lang='lat' dir='ltr'>ejus</span> <span class='ocrx_word' id='word_1_223' title='bbox 272 1376 422 1423; x_wconf 90' lang='lat' dir='ltr'>episcopi</span> <span class='ocrx_word' id='word_1_224' title='bbox 449 1376 687 1412; x_wconf 68' lang='lat' dir='ltr'>moravienses</span> <span class='ocrx_word' id='word_1_225' title='bbox 714 1388 836 1410; x_wconf 90' lang='lat' dir='ltr'>omnes</span> <span class='ocrx_word' id='word_1_226' title='bbox 863 1380 899 1410; x_wconf 89' lang='lat' dir='ltr'>et</span> <span class='ocrx_word' id='word_1_227' title='bbox 924 1373 1050 1421; x_wconf 82' lang='lat' dir='ltr'>singuli</span> <span class='ocrx_word' id='word_1_228' title='bbox 1076 1374 1256 1410; x_wconf 85' lang='lat' dir='ltr'>habebunt</span> <span class='ocrx_word' id='word_1_229' title='bbox 1282 1375 1319 1409; x_wconf 91' lang='lat' dir='ltr'>in</span> <span class='ocrx_word' id='word_1_230' title='bbox 1346 1375 1554 1410; x_wconf 90' lang='lat' dir='ltr'>escambium</span> <span class='ocrx_word' id='word_1_231' title='bbox 1581 1388 1659 1423; x_wconf 83' lang='lat' dir='ltr'>pre-</span> 
     </span>
     <span class='ocr_line' id='line_1_21' title="bbox 166 1432 1657 1480; baseline 0.001 -13"><span class='ocrx_word' id='word_1_232' title='bbox 166 1432 262 1467; x_wconf 68' lang='grc' dir='ltr'><strong>(1ίᾶ6</strong></span> <span class='ocrx_word' id='word_1_233' title='bbox 280 1438 374 1468; x_wconf 87' lang='lat' dir='ltr'>terre</span> <span class='ocrx_word' id='word_1_234' title='bbox 393 1452 401 1460; x_wconf 90' lang='lat'><strong>·</strong></span> <span class='ocrx_word' id='word_1_235' title='bbox 422 1438 457 1468; x_wconf 91' lang='lat' dir='ltr'>et</span> <span class='ocrx_word' id='word_1_236' title='bbox 474 1446 540 1480; x_wconf 91' lang='lat' dir='ltr'>pro</span> <span class='ocrx_word' id='word_1_237' title='bbox 558 1433 677 1479; x_wconf 85' lang='lat' dir='ltr'>quieta</span> <span class='ocrx_word' id='word_1_238' title='bbox 694 1432 906 1467; x_wconf 88' lang='lat' dir='ltr'>clamatione</span> <span class='ocrx_word' id='word_1_239' title='bbox 924 1437 1100 1467; x_wconf 88' lang='lat' dir='ltr'>terrarum</span> <span class='ocrx_word' id='word_1_240' title='bbox 1120 1432 1163 1467; x_wconf 90' lang='lat' dir='ltr'>de</span> <span class='ocrx_word' id='word_1_241' title='bbox 1181 1432 1307 1478; x_wconf 89' lang='lat' dir='ltr'>quibus</span> <span class='ocrx_word' id='word_1_242' title='bbox 1326 1432 1544 1467; x_wconf 85' lang='lat' dir='ltr'>contendere</span> <span class='ocrx_word' id='word_1_243' title='bbox 1569 1433 1657 1468; x_wconf 80' lang='lat' dir='ltr'>nIte-</span> 
     </span>
     <span class='ocr_line' id='line_1_22' title="bbox 166 1488 1656 1537; baseline 0 -13"><span class='ocrx_word' id='word_1_244' title='bbox 166 1489 296 1524; x_wconf 86' lang='lat' dir='ltr'>bantur</span> <span class='ocrx_word' id='word_1_245' title='bbox 311 1509 318 1517; x_wconf 93' lang='lat'><strong>·</strong></span> <span class='ocrx_word' id='word_1_246' title='bbox 332 1495 367 1525; x_wconf 89' lang='lat' dir='ltr'>et</span> <span class='ocrx_word' id='word_1_247' title='bbox 385 1503 450 1537; x_wconf 93' lang='lat' dir='ltr'>pro</span> <span class='ocrx_word' id='word_1_248' title='bbox 468 1490 563 1524; x_wconf 92' lang='lat' dir='ltr'>bono</span> <span class='ocrx_word' id='word_1_249' title='bbox 581 1490 675 1537; x_wconf 86' lang='lat' dir='ltr'>pacis</span> <span class='ocrx_word' id='word_1_250' title='bbox 690 1509 698 1517; x_wconf 90' lang='lat'><strong>·</strong></span> <span class='ocrx_word' id='word_1_251' title='bbox 718 1495 828 1524; x_wconf 90' lang='lat' dir='ltr'>totam</span> <span class='ocrx_word' id='word_1_252' title='bbox 848 1495 979 1524; x_wconf 88' lang='lat' dir='ltr'>terram</span> <span class='ocrx_word' id='word_1_253' title='bbox 995 1489 1038 1524; x_wconf 91' lang='lat' dir='ltr'>de</span> <span class='ocrx_word' id='word_1_254' title='bbox 1053 1488 1199 1536; x_wconf 87' lang='lat' dir='ltr'>Kelleys</span> <span class='ocrx_word' id='word_1_255' title='bbox 1211 1502 1279 1536; x_wconf 93' lang='lat' dir='ltr'>que</span> <span class='ocrx_word' id='word_1_256' title='bbox 1297 1489 1365 1524; x_wconf 91' lang='lat' dir='ltr'>fuit</span> <span class='ocrx_word' id='word_1_257' title='bbox 1382 1494 1478 1524; x_wconf 86' lang='lat' dir='ltr'>terra</span> <span class='ocrx_word' id='word_1_258' title='bbox 1494 1489 1656 1536; x_wconf 64' lang='lat' dir='ltr'>predstste</span> 
     </span>
     <span class='ocr_line' id='line_1_23' title="bbox 167 1545 1655 1594; baseline -0.001 -13"><span class='ocrx_word' id='word_1_259' title='bbox 167 1546 308 1582; x_wconf 93' lang='lat' dir='ltr'>Domus</span> <span class='ocrx_word' id='word_1_260' title='bbox 326 1547 397 1582; x_wconf 86' lang='lat' dir='ltr'>Dei</span> <span class='ocrx_word' id='word_1_261' title='bbox 417 1547 460 1582; x_wconf 95' lang='lat' dir='ltr'>de</span> <span class='ocrx_word' id='word_1_262' title='bbox 479 1547 587 1593; x_wconf 84' lang='lat' dir='ltr'>Elgin</span> <span class='ocrx_word' id='word_1_263' title='bbox 605 1559 667 1594; x_wconf 92' lang='lat' dir='ltr'>per</span> <span class='ocrx_word' id='word_1_264' title='bbox 686 1547 801 1581; x_wconf 56' lang='lat' dir='ltr'>rochis</span> <span class='ocrx_word' id='word_1_265' title='bbox 820 1546 943 1581; x_wconf 87' lang='lat' dir='ltr'>divisas</span> <span class='ocrx_word' id='word_1_266' title='bbox 961 1546 1037 1580; x_wconf 88' lang='lat' dir='ltr'>suas</span> <span class='ocrx_word' id='word_1_267' title='bbox 1098 1552 1133 1581; x_wconf 91' lang='lat' dir='ltr'>et</span> <span class='ocrx_word' id='word_1_268' title='bbox 1151 1559 1233 1581; x_wconf 93' lang='lat' dir='ltr'>cum</span> <span class='ocrx_word' id='word_1_269' title='bbox 1251 1545 1414 1580; x_wconf 81' lang='lat' dir='ltr'>Omnibus</span> <span class='ocrx_word' id='word_1_270' title='bbox 1432 1546 1655 1593; x_wconf 89' lang='lat' dir='ltr'>pertinentiis</span> 
     </span>
     <span class='ocr_line' id='line_1_24' title="bbox 165 1601 1653 1651; baseline 0.001 -14"><span class='ocrx_word' id='word_1_271' title='bbox 165 1603 232 1638; x_wconf 88' lang='lat' dir='ltr'>suis</span> <span class='ocrx_word' id='word_1_272' title='bbox 263 1623 271 1631; x_wconf 94' lang='lat'><strong>·</strong></span> <span class='ocrx_word' id='word_1_273' title='bbox 301 1605 389 1639; x_wconf 87' lang='lat' dir='ltr'>adeo</span> <span class='ocrx_word' id='word_1_274' title='bbox 417 1604 527 1638; x_wconf 89' lang='lat' dir='ltr'>libere</span> <span class='ocrx_word' id='word_1_275' title='bbox 556 1609 591 1638; x_wconf 92' lang='lat' dir='ltr'>et</span> <span class='ocrx_word' id='word_1_276' title='bbox 619 1604 736 1650; x_wconf 85' lang='lat' dir='ltr'>quiete</span> <span class='ocrx_word' id='word_1_277' title='bbox 766 1623 774 1630; x_wconf 92' lang='lat'><strong>·</strong></span> <span class='ocrx_word' id='word_1_278' title='bbox 803 1603 960 1651; x_wconf 88' lang='lat' dir='ltr'>plenarie</span> <span class='ocrx_word' id='word_1_279' title='bbox 989 1608 1025 1638; x_wconf 93' lang='lat' dir='ltr'>et</span> <span class='ocrx_word' id='word_1_280' title='bbox 1052 1602 1261 1637; x_wconf 88' lang='lat' dir='ltr'>honorifice.</span> <span class='ocrx_word' id='word_1_281' title='bbox 1274 1601 1360 1638; x_wconf 86' lang='lat' dir='ltr'>ficut</span> <span class='ocrx_word' id='word_1_282' title='bbox 1384 1602 1591 1638; x_wconf 84' lang='lat' dir='ltr'>Alexander</span> <span class='ocrx_word' id='word_1_283' title='bbox 1610 1603 1653 1638; x_wconf 89' lang='lat' dir='ltr'>de</span> 
     </span>
     <span class='ocr_line' id='line_1_25' title="bbox 165 1659 1651 1708; baseline 0 -14"><span class='ocrx_word' id='word_1_284' title='bbox 165 1660 304 1707; x_wconf 80' lang='lat' dir='ltr'>Duglas</span> <span class='ocrx_word' id='word_1_285' title='bbox 335 1666 370 1696; x_wconf 90' lang='lat' dir='ltr'>et</span> <span class='ocrx_word' id='word_1_286' title='bbox 398 1661 575 1708; x_wconf 66' lang='lat' dir='ltr'>sepedicta</span> <span class='ocrx_word' id='word_1_287' title='bbox 603 1661 730 1695; x_wconf 90' lang='lat' dir='ltr'>domus</span> <span class='ocrx_word' id='word_1_288' title='bbox 760 1674 804 1695; x_wconf 88' lang='lat' dir='ltr'>ex</span> <span class='ocrx_word' id='word_1_289' title='bbox 834 1660 1027 1695; x_wconf 90' lang='lat' dir='ltr'>donatione</span> <span class='ocrx_word' id='word_1_290' title='bbox 1050 1659 1191 1694; x_wconf 89' lang='lat' dir='ltr'>illustris</span> <span class='ocrx_word' id='word_1_291' title='bbox 1215 1660 1325 1706; x_wconf 81' lang='lat' dir='ltr'>Regis</span> <span class='ocrx_word' id='word_1_292' title='bbox 1349 1659 1547 1695; x_wconf 83' lang='lat' dir='ltr'>Alexandri</span> <span class='ocrx_word' id='word_1_293' title='bbox 1574 1672 1651 1694; x_wconf 92' lang='lat' dir='ltr'>eam</span> 
     </span>
    </p>

    <p class='ocr_par' dir='ltr' id='par_1_4' title="bbox 102 1716 1651 2279">
     <span class='ocr_line' id='line_1_26' title="bbox 102 1716 1651 1763; baseline 0 -11"><span class='ocrx_word' id='word_1_294' title='bbox 102 1760 105 1763; x_wconf 15' lang='grc' dir='ltr'><em>Α</em></span> <span class='ocrx_word' id='word_1_295' title='bbox 163 1723 358 1753; x_wconf 88' lang='lat' dir='ltr'>tenuerunt</span> <span class='ocrx_word' id='word_1_296' title='bbox 377 1737 385 1745; x_wconf 85' lang='lat'><strong>·</strong></span> <span class='ocrx_word' id='word_1_297' title='bbox 410 1718 515 1753; x_wconf 88' lang='lat' dir='ltr'>Salva</span> <span class='ocrx_word' id='word_1_298' title='bbox 531 1718 731 1753; x_wconf 87' lang='lat' dir='ltr'>feodifirma</span> <span class='ocrx_word' id='word_1_299' title='bbox 749 1718 807 1752; x_wconf 91' lang='lat' dir='ltr'>sua</span> <span class='ocrx_word' id='word_1_300' title='bbox 823 1717 985 1752; x_wconf 83' lang='lat' dir='ltr'>Roberto</span> <span class='ocrx_word' id='word_1_301' title='bbox 1005 1716 1140 1751; x_wconf 90' lang='lat' dir='ltr'>Findoc</span> <span class='ocrx_word' id='word_1_302' title='bbox 1159 1721 1194 1752; x_wconf 92' lang='lat' dir='ltr'>et</span> <span class='ocrx_word' id='word_1_303' title='bbox 1210 1716 1400 1752; x_wconf 90' lang='lat' dir='ltr'>heredibus</span> <span class='ocrx_word' id='word_1_304' title='bbox 1417 1716 1484 1751; x_wconf 88' lang='lat' dir='ltr'>suis</span> <span class='ocrx_word' id='word_1_305' title='bbox 1503 1736 1511 1743; x_wconf 93' lang='lat'><strong>·</strong></span> <span class='ocrx_word' id='word_1_306' title='bbox 1534 1716 1651 1752; x_wconf 88' lang='lat' dir='ltr'>Habe-</span> 
     </span>
     <span class='ocr_line' id='line_1_27' title="bbox 162 1773 1650 1822; baseline -0.001 -13"><span class='ocrx_word' id='word_1_307' title='bbox 162 1775 253 1810; x_wconf 88' lang='lat' dir='ltr'>bunt</span> <span class='ocrx_word' id='word_1_308' title='bbox 283 1775 389 1810; x_wconf 89' lang='lat' dir='ltr'>etiam</span> <span class='ocrx_word' id='word_1_309' title='bbox 419 1775 571 1822; x_wconf 57' lang='lat' dir='ltr'>predicti</span> <span class='ocrx_word' id='word_1_310' title='bbox 601 1775 762 1822; x_wconf 90' lang='lat' dir='ltr'>Episcopi</span> <span class='ocrx_word' id='word_1_311' title='bbox 791 1775 828 1809; x_wconf 92' lang='lat' dir='ltr'>in</span> <span class='ocrx_word' id='word_1_312' title='bbox 856 1779 1067 1821; x_wconf 89' lang='lat' dir='ltr'>perpetuum</span> <span class='ocrx_word' id='word_1_313' title='bbox 1094 1774 1190 1821; x_wconf 90' lang='lat' dir='ltr'>apud</span> <span class='ocrx_word' id='word_1_314' title='bbox 1221 1773 1340 1821; x_wconf 86' lang='lat' dir='ltr'>Elgyn</span> <span class='ocrx_word' id='word_1_315' title='bbox 1370 1773 1524 1809; x_wconf 89' lang='lat' dir='ltr'>croftum</span> <span class='ocrx_word' id='word_1_316' title='bbox 1554 1774 1650 1820; x_wconf 94' lang='lat' dir='ltr'>quod</span> 
     </span>
     <span class='ocr_line' id='line_1_28' title="bbox 162 1829 1649 1880; baseline -0.001 -13"><span class='ocrx_word' id='word_1_317' title='bbox 162 1832 323 1880; x_wconf 67' lang='lat' dir='ltr'>predi&amp;a</span> <span class='ocrx_word' id='word_1_318' title='bbox 352 1832 478 1867; x_wconf 90' lang='lat' dir='ltr'>domus</span> <span class='ocrx_word' id='word_1_319' title='bbox 505 1832 628 1867; x_wconf 87' lang='lat' dir='ltr'>habuit</span> <span class='ocrx_word' id='word_1_320' title='bbox 654 1837 815 1879; x_wconf 90' lang='lat' dir='ltr'>tempore</span> <span class='ocrx_word' id='word_1_321' title='bbox 844 1829 1103 1878; x_wconf 90' lang='lat' dir='ltr'>comp0fitionis</span> <span class='ocrx_word' id='word_1_322' title='bbox 1128 1830 1233 1878; x_wconf 90' lang='lat' dir='ltr'>hujus</span> <span class='ocrx_word' id='word_1_323' title='bbox 1260 1831 1346 1866; x_wconf 92' lang='lat' dir='ltr'>inite</span> <span class='ocrx_word' id='word_1_324' title='bbox 1366 1850 1374 1858; x_wconf 93' lang='lat'><strong>·</strong></span> <span class='ocrx_word' id='word_1_325' title='bbox 1392 1831 1595 1878; x_wconf 85' lang='lat' dir='ltr'>proximum</span> <span class='ocrx_word' id='word_1_326' title='bbox 1614 1835 1649 1865; x_wconf 89' lang='lat' dir='ltr'>et</span> 
     </span>
     <span class='ocr_line' id='line_1_29' title="bbox 161 1887 1648 1935; baseline -0.001 -11"><span class='ocrx_word' id='word_1_327' title='bbox 161 1889 318 1924; x_wconf 90' lang='lat' dir='ltr'>vicinum</span> <span class='ocrx_word' id='word_1_328' title='bbox 345 1889 467 1924; x_wconf 92' lang='lat' dir='ltr'>domui</span> <span class='ocrx_word' id='word_1_329' title='bbox 495 1889 718 1924; x_wconf 88' lang='lat' dir='ltr'>Precentoris</span> <span class='ocrx_word' id='word_1_330' title='bbox 748 1908 756 1916; x_wconf 95' lang='lat'><strong>·</strong></span> <span class='ocrx_word' id='word_1_331' title='bbox 790 1888 970 1924; x_wconf 87' lang='lat' dir='ltr'>Convenit</span> <span class='ocrx_word' id='word_1_332' title='bbox 1000 1888 1106 1923; x_wconf 89' lang='lat' dir='ltr'>etiam</span> <span class='ocrx_word' id='word_1_333' title='bbox 1133 1888 1230 1935; x_wconf 93' lang='lat' dir='ltr'>quod</span> <span class='ocrx_word' id='word_1_334' title='bbox 1256 1888 1439 1935; x_wconf 68' lang='lat' dir='ltr'>predictus</span> <span class='ocrx_word' id='word_1_335' title='bbox 1467 1887 1648 1922; x_wconf 88' lang='lat' dir='ltr'>Robertus</span> 
     </span>
     <span class='ocr_line' id='line_1_30' title="bbox 163 1944 1647 1993; baseline -0.001 -12"><span class='ocrx_word' id='word_1_336' title='bbox 163 1946 298 1981; x_wconf 90' lang='lat' dir='ltr'>Findoc</span> <span class='ocrx_word' id='word_1_337' title='bbox 322 1952 357 1981; x_wconf 88' lang='lat' dir='ltr'>et</span> <span class='ocrx_word' id='word_1_338' title='bbox 379 1946 527 1981; x_wconf 89' lang='lat' dir='ltr'>heredes</span> <span class='ocrx_word' id='word_1_339' title='bbox 544 1946 595 1981; x_wconf 93' lang='lat' dir='ltr'>sui</span> <span class='ocrx_word' id='word_1_340' title='bbox 613 1951 719 1981; x_wconf 88' lang='lat' dir='ltr'>erunt</span> <span class='ocrx_word' id='word_1_341' title='bbox 736 1946 986 1993; x_wconf 85' lang='lat' dir='ltr'>respondentes</span> <span class='ocrx_word' id='word_1_342' title='bbox 1004 1945 1041 1980; x_wconf 93' lang='lat' dir='ltr'>in</span> <span class='ocrx_word' id='word_1_343' title='bbox 1059 1945 1223 1980; x_wconf 87' lang='lat' dir='ltr'>omnibus</span> <span class='ocrx_word' id='word_1_344' title='bbox 1239 1945 1401 1993; x_wconf 66' lang='lat' dir='ltr'>predicto</span> <span class='ocrx_word' id='word_1_345' title='bbox 1421 1944 1593 1993; x_wconf 91' lang='lat' dir='ltr'>Episcopo</span> <span class='ocrx_word' id='word_1_346' title='bbox 1612 1951 1647 1981; x_wconf 89' lang='lat' dir='ltr'>et</span> 
     </span>
     <span class='ocr_line' id='line_1_31' title="bbox 161 2002 1645 2050; baseline -0.001 -12"><span class='ocrx_word' id='word_1_347' title='bbox 161 2003 407 2038; x_wconf 82' lang='lat' dir='ltr'>succefforibus</span> <span class='ocrx_word' id='word_1_348' title='bbox 420 2003 487 2038; x_wconf 90' lang='lat' dir='ltr'>suis</span> <span class='ocrx_word' id='word_1_349' title='bbox 501 2009 668 2050; x_wconf 88' lang='lat' dir='ltr'>tanquam</span> <span class='ocrx_word' id='word_1_350' title='bbox 688 2003 839 2038; x_wconf 89' lang='lat' dir='ltr'>dominis</span> <span class='ocrx_word' id='word_1_351' title='bbox 857 2002 924 2037; x_wconf 90' lang='lat' dir='ltr'>suis</span> <span class='ocrx_word' id='word_1_352' title='bbox 942 2021 950 2030; x_wconf 91' lang='lat'><strong>·</strong></span> <span class='ocrx_word' id='word_1_353' title='bbox 971 2002 1082 2038; x_wconf 86' lang='lat' dir='ltr'>Salvis</span> <span class='ocrx_word' id='word_1_354' title='bbox 1100 2002 1256 2050; x_wconf 90' lang='lat' dir='ltr'>quinque</span> <span class='ocrx_word' id='word_1_355' title='bbox 1274 2002 1400 2037; x_wconf 87' lang='lat' dir='ltr'>marcis</span> <span class='ocrx_word' id='word_1_356' title='bbox 1417 2002 1543 2037; x_wconf 89' lang='lat' dir='ltr'>annuis</span> <span class='ocrx_word' id='word_1_357' title='bbox 1560 2015 1645 2049; x_wconf 91' lang='lat' dir='ltr'>quas</span> 
     </span>
     <span class='ocr_line' id='line_1_32' title="bbox 160 2053 1646 2108; baseline 0 -14"><span class='ocrx_word' id='word_1_358' title='bbox 160 2058 221 2108; x_wconf 87' lang='lat' dir='ltr'>ipfi</span> <span class='ocrx_word' id='word_1_359' title='bbox 248 2061 432 2095; x_wconf 85' lang='lat' dir='ltr'>annuatim</span> <span class='ocrx_word' id='word_1_360' title='bbox 458 2061 618 2108; x_wconf 69' lang='lat' dir='ltr'>predicte</span> <span class='ocrx_word' id='word_1_361' title='bbox 646 2060 774 2095; x_wconf 91' lang='lat' dir='ltr'>domui‘</span> <span class='ocrx_word' id='word_1_362' title='bbox 794 2060 930 2095; x_wconf 87' lang='lat' dir='ltr'>solvent</span> <span class='ocrx_word' id='word_1_363' title='bbox 955 2059 999 2094; x_wconf 88' lang='lat' dir='ltr'>de</span> <span class='ocrx_word' id='word_1_364' title='bbox 1026 2065 1125 2095; x_wconf 80' lang='lat' dir='ltr'>terra·</span> <span class='ocrx_word' id='word_1_365' title='bbox 1151 2060 1194 2095; x_wconf 93' lang='lat' dir='ltr'>de</span> <span class='ocrx_word' id='word_1_366' title='bbox 1227 2059 1372 2106; x_wconf 86' lang='lat' dir='ltr'>Kelleys</span> <span class='ocrx_word' id='word_1_367' title='bbox 1403 2059 1517 2094; x_wconf 88' lang='lat' dir='ltr'>donec</span> <span class='ocrx_word' id='word_1_368' title='bbox 1534 2053 1646 2094; x_wconf 33' lang='lat' dir='ltr'>‘terra</span> 
     </span>
     <span class='ocr_line' id='line_1_33' title="bbox 161 2116 1644 2165; baseline -0.001 -13"><span class='ocrx_word' id='word_1_369' title='bbox 161 2130 229 2164; x_wconf 90' lang='lat' dir='ltr'>que</span> <span class='ocrx_word' id='word_1_370' title='bbox 249 2117 316 2152; x_wconf 87' lang='lat' dir='ltr'>fuit</span> <span class='ocrx_word' id='word_1_371' title='bbox 334 2117 588 2165; x_wconf 90' lang='lat' dir='ltr'>Episcoporum</span> <span class='ocrx_word' id='word_1_372' title='bbox 612 2117 705 2165; x_wconf 91' lang='lat' dir='ltr'>apud</span> <span class='ocrx_word' id='word_1_373' title='bbox 728 2117 889 2153; x_wconf 70' lang='lat' dir='ltr'>munben</span> <span class='ocrx_word' id='word_1_374' title='bbox 911 2116 1081 2152; x_wconf 87' lang='lat' dir='ltr'>liberetur</span> <span class='ocrx_word' id='word_1_375' title='bbox 1103 2117 1146 2152; x_wconf 91' lang='lat' dir='ltr'>ab</span> <span class='ocrx_word' id='word_1_376' title='bbox 1172 2116 1237 2151; x_wconf 87' lang='lat' dir='ltr'>hiis</span> <span class='ocrx_word' id='word_1_377' title='bbox 1263 2116 1323 2163; x_wconf 91' lang='lat' dir='ltr'>qui</span> <span class='ocrx_word' id='word_1_378' title='bbox 1349 2129 1426 2151; x_wconf 85' lang='lat' dir='ltr'>eam</span> <span class='ocrx_word' id='word_1_379' title='bbox 1451 2121 1644 2151; x_wconf 88' lang='lat' dir='ltr'>tenuerunt</span> 
     </span>
     <span class='ocr_line' id='line_1_34' title="bbox 160 2172 1642 2222; baseline -0.002 -13"><span class='ocrx_word' id='word_1_380' title='bbox 160 2179 319 2222; x_wconf 87' lang='lat' dir='ltr'>tempore</span> <span class='ocrx_word' id='word_1_381' title='bbox 345 2174 450 2222; x_wconf 88' lang='lat' dir='ltr'>hujus</span> <span class='ocrx_word' id='word_1_382' title='bbox 478 2173 738 2222; x_wconf 83' lang='lat' dir='ltr'>compositionis</span> <span class='ocrx_word' id='word_1_383' title='bbox 766 2193 774 2201; x_wconf 90' lang='lat'><strong>·</strong></span> <span class='ocrx_word' id='word_1_384' title='bbox 802 2174 927 2221; x_wconf 88' lang='lat' dir='ltr'>quibus</span> <span class='ocrx_word' id='word_1_385' title='bbox 951 2173 1157 2209; x_wconf 91' lang='lat' dir='ltr'>cedentibus</span> <span class='ocrx_word' id='word_1_386' title='bbox 1177 2174 1235 2209; x_wconf 92' lang='lat' dir='ltr'>vel</span> <span class='ocrx_word' id='word_1_387' title='bbox 1256 2173 1505 2209; x_wconf 90' lang='lat' dir='ltr'>decedentibus</span> <span class='ocrx_word' id='word_1_388' title='bbox 1523 2172 1589 2207; x_wconf 89' lang='lat' dir='ltr'>erit</span> <span class='ocrx_word' id='word_1_389' title='bbox 1607 2178 1642 2207; x_wconf 90' lang='lat' dir='ltr'>et</span> 
     </span>
     <span class='ocr_line' id='line_1_35' title="bbox 159 2228 1639 2279; baseline -0.003 -13"><span class='ocrx_word' id='word_1_390' title='bbox 159 2229 351 2278; x_wconf 86' lang='lat' dir='ltr'>pleniflime</span> <span class='ocrx_word' id='word_1_391' title='bbox 369 2231 609 2267; x_wconf 89' lang='lat' dir='ltr'>observabitur</span> <span class='ocrx_word' id='word_1_392' title='bbox 626 2231 774 2267; x_wconf 89' lang='lat' dir='ltr'>firmiter</span> <span class='ocrx_word' id='word_1_393' title='bbox 792 2236 828 2267; x_wconf 87' lang='lat' dir='ltr'>et</span> <span class='ocrx_word' id='word_1_394' title='bbox 844 2231 1097 2279; x_wconf 86' lang='lat' dir='ltr'>perpetualiter</span> <span class='ocrx_word' id='word_1_395' title='bbox 1112 2229 1197 2267; x_wconf 91' lang='lat' dir='ltr'>ficut</span> <span class='ocrx_word' id='word_1_396' title='bbox 1214 2230 1370 2278; x_wconf 89' lang='lat' dir='ltr'>superius</span> <span class='ocrx_word' id='word_1_397' title='bbox 1388 2229 1590 2265; x_wconf 87' lang='lat' dir='ltr'>continetur</span> <span class='ocrx_word' id='word_1_398' title='bbox 1602 2228 1639 2262; x_wconf 89' lang='lat' dir='ltr'>in</span> 
     </span>
    </p>

    <p class='ocr_par' dir='ltr' id='par_1_5' title="bbox 942 2300 964 2323">
     <span class='ocr_line' id='line_1_36' title="bbox 942 2300 964 2323; baseline 0 0"><span class='ocrx_word' id='word_1_399' title='bbox 942 2300 964 2323; x_wconf 86' lang='lat' dir='ltr'>E</span> 
     </span>
    </p>
   </div>
  </div>
 </body>
</html>
