1912 2660
257 129 329 165 5306
650 130 966 167 REGISTRUM
996 130 1361 167 MORAVIENSE.

258 242 319 263 nes
338 229 429 265 filius
451 229 619 277 Hugonis
638 231 682 266 de
702 230 855 267 Cristino
874 231 918 266 de
939 230 1019 265 Ard
1038 230 1154 265 tenuit
1172 230 1216 264 ad
1233 228 1389 264 austrum
1410 241 1454 263 ex
1472 233 1572 275 parte
1597 241 1671 263 una
1689 247 1697 255 ·
1726 234 1761 264 et

256 292 387 322 terram
407 287 578 324 Willelmi
598 288 729 337 Pylche
753 288 798 323 ad
818 288 964 323 boream
984 301 1028 323 ex
1047 287 1159 322 altera
1179 306 1186 314 ·
1218 286 1309 321 Item
1335 285 1423 320 duas
1447 298 1545 320 acras
1564 291 1659 321 terre
1678 299 1760 321 cum

256 344 402 381 dimidia
420 360 464 381 ex
483 346 579 381 dono
598 346 770 382 Willelmi
789 346 999 381 Tauernere
1017 345 1178 393 jacentes
1199 342 1299 378 fimul
1323 343 1360 377 in
1379 342 1412 377 le
1432 343 1648 391 Damysdale
1667 344 1761 379 inter

254 408 387 439 terram
411 404 547 439 domini
578 404 727 439 Abbatis
746 404 789 439 de
811 403 964 450 Kynloss
990 403 1035 437 ad
1063 402 1237 436 orientem
1263 413 1307 436 ex
1327 406 1427 448 parte
1445 414 1518 436 una
1537 420 1545 428 ·
1574 407 1609 436 et
1627 406 1759 437 terram

254 460 429 497 Johannis
448 462 535 497 dicti
556 462 674 497 Pedoc
692 462 737 496 ad
756 461 978 496 occidentem
1000 473 1043 494 ex
1062 459 1174 494 altera
1192 459 1229 493 in
1247 458 1439 493 latitudine
1453 478 1461 486 ·
1482 459 1519 493 in
1533 459 1760 507 longitudine

254 532 341 554 vero
360 520 592 556 extendentes
614 520 647 555 se
666 533 686 554 a
704 519 761 554 via
787 518 885 565 regia
910 518 971 552 sub
991 530 1079 564 rupe
1099 516 1218 551 versus
1245 516 1401 551 austrum
1428 516 1536 564 usque
1564 517 1608 552 ad
1628 523 1759 552 terram

255 577 439 624 capitalem
455 578 499 613 ad
518 578 662 613 boream
683 596 691 604 ·
715 577 805 612 Item
821 581 975 623 quatuor
994 587 1129 609 marcas
1142 575 1253 609 annui
1272 574 1433 610 redditus
1452 588 1496 610 ex
1516 575 1613 610 dono
1633 575 1761 610 nobilis

256 635 320 669 viri
340 634 509 671 Willelmi
531 635 669 671 comitis
687 635 732 669 de
763 634 852 669 Ross
876 632 1122 681 percipiendas
1149 633 1336 667 annuatim
1359 633 1403 668 de
1427 638 1524 668 terra
1547 633 1591 668 de
1617 632 1761 669 Culclo-

254 693 320 741 chy
340 713 348 720 ·
380 693 470 729 Item
490 707 596 728 unam
617 693 824 741 perticatam
845 697 939 726 terre
958 704 1002 726 ex
1021 691 1118 726 dono
1133 690 1283 727 matilde
1299 691 1395 727 dicte
1411 692 1506 727 Defe
1519 692 1701 740 jacentem
1717 705 1760 727 ex

247 751 417 786 orientali
436 757 536 799 parte
554 751 688 800 capelle
706 750 907 798 supradicte
933 749 1026 784 inter
1048 749 1262 785 cimiterium
1285 749 1440 797 ejusdem
1467 750 1512 785 ad
1536 751 1757 786 occidentem

253 823 296 844 ex
315 816 414 857 parte
434 823 505 844 una
524 829 532 837 ·
561 815 596 844 et
623 814 755 844 terram
783 808 885 843 beate
906 807 1080 842 Katerine
1099 807 1260 854 Virginis
1287 807 1331 842 ad
1360 808 1535 843 orientem
1556 820 1600 843 ex
1618 808 1731 843 altera
1751 828 1758 835 ·

254 867 300 902 Et
317 881 423 902 unam
444 868 649 915 perticatam
671 872 765 902 terre
790 879 858 913 que
877 865 1077 913 appellatur
1095 871 1191 901 terra
1210 865 1339 901 Sancte
1361 866 1534 901 Katerine
1561 866 1759 914 supradicte

245 924 424 972 jacentem
453 939 496 960 ex
525 930 623 973 parte
651 924 815 959 orientali
844 923 978 972 capelle
1010 923 1209 972 supradicte
1234 923 1341 972 juxta
1369 929 1501 959 terram
1532 924 1683 959 Abbatis
1715 925 1758 959 dc

253 983 508 1018 Aberbrothok
525 1003 532 1011 ·
553 996 617 1030 pro
632 996 701 1030 qua
712 982 885 1030 perticata
902 982 996 1017 idem
1011 981 1195 1019 Johannes
1210 988 1246 1017 et
1260 982 1408 1018 heredes
1427 982 1476 1017 sui
1495 980 1639 1030 singulis
1658 982 1759 1017 annis

251 1041 293 1075 ad
331 1040 452 1076 festum
482 1041 603 1076 Sancti
633 1040 781 1076 (Dartini
805 1040 840 1074 in
869 1040 996 1087 hyeme
1024 1040 1214 1075 duodecim
1243 1040 1407 1075 denarios
1434 1039 1685 1087 sterlingorum
1713 1040 1757 1075 ad

250 1098 425 1133 luminare
444 1098 544 1134 beate
566 1098 738 1134 Katerine
757 1098 955 1146 supradicte
975 1099 1010 1133 in
1039 1096 1181 1134 ecclelia
1199 1098 1392 1146 parochiali
1418 1098 1551 1133 vicario
1571 1098 1614 1133 de
1636 1098 1759 1133 Inuer-

250 1170 315 1204 nys
332 1156 390 1203 qui
411 1169 476 1204 pro
495 1162 656 1204 tempore
674 1156 782 1192 fuerit
799 1156 1002 1205 persolvent
1021 1176 1029 1184 ·
1058 1156 1251 1192 Tenendas
1270 1162 1305 1192 et
1323 1156 1503 1192 habendas
1520 1155 1579 1191 fibi
1603 1162 1639 1191 et
1660 1157 1758 1192 here-

250 1214 352 1248 dibus
370 1214 438 1248 suis
457 1214 492 1249 in
511 1220 724 1262 perpetuum
751 1214 795 1250 de
822 1214 924 1249 nobis
951 1220 987 1250 et
1013 1214 1264 1250 successoribus
1293 1214 1418 1250 nostris
1444 1214 1555 1250 libere
1577 1214 1695 1262 quiete
1723 1220 1758 1250 et

248 1272 443 1307 honorifice
471 1285 552 1307 cnm
573 1272 739 1308 omnibus
758 1273 985 1321 pertinentijs
1006 1273 1074 1308 suis
1097 1273 1135 1308 in
1161 1286 1289 1321 puram
1317 1279 1353 1308 et
1380 1279 1589 1321 perpetuam
1603 1271 1757 1308 elemofi-

248 1343 328 1364 nam
359 1349 367 1357 ·
399 1330 601 1365 Reddendo
626 1330 697 1378 ipse
724 1330 874 1366 heredes
900 1331 950 1366 sui
972 1330 1117 1379 singulis
1148 1331 1250 1366 annis
1277 1331 1339 1366 uni
1376 1331 1560 1379 capellano
1588 1331 1624 1365 in
1661 1331 1757 1366 dicta

248 1387 381 1435 capella
404 1393 579 1436 perpetuo
601 1388 795 1424 celebranti
823 1394 967 1424 centum
993 1389 1121 1424 solidos
1142 1389 1393 1436 sterlingorum
1413 1389 1457 1424 ad
1478 1389 1567 1425 duos
1585 1389 1669 1424 anni
1688 1395 1757 1425 ter-

249 1446 363 1480 minos
383 1465 391 1473 ·
420 1446 648 1481 medietatem
676 1446 807 1482 scilicet
833 1447 878 1482 ad
905 1447 1029 1483 festum
1059 1447 1308 1483 Penthecostes
1336 1453 1372 1483 et
1398 1447 1501 1482 aliam
1527 1447 1753 1483 medietatem

248 1503 291 1538 ad
311 1503 433 1538 festum
454 1505 574 1539 Sancti
595 1505 743 1541 martini
762 1505 797 1540 in
817 1518 920 1554 yeme
941 1525 948 1533 -
969 1505 1004 1541 Si
1024 1519 1110 1541 vero
1129 1506 1316 1553 contingat
1335 1525 1343 1533 ·
1356 1506 1454 1553 quod
1472 1504 1556 1541 absit
1576 1525 1583 1533 ·
1618 1505 1755 1540 dietum

247 1561 448 1597 Johanncm
464 1563 607 1597 Scotum
621 1563 678 1598 vel
693 1563 843 1599 heredes
855 1564 933 1599 suos
949 1566 985 1599 in
1001 1564 1178 1599 solutione
1197 1565 1294 1599 dicte
1314 1563 1509 1612 [pecunie]
1524 1564 1615 1599 infra
1628 1564 1753 1611 viginti

249 1619 322 1653 dies
341 1619 415 1667 post
435 1620 565 1667 lapsum
600 1620 749 1669 alicujus
776 1622 1015 1657 terminorum
1043 1622 1359 1670 suprascriptorum
1388 1622 1540 1657 deficere
1559 1641 1567 1649 ·
1596 1622 1693 1657 dabit
1720 1628 1754 1657 et

249 1678 385 1713 dabunt
402 1692 466 1726 pro
485 1679 640 1726 qualibet
659 1680 853 1728 septimana
875 1681 911 1716 in
934 1695 1004 1729 qua
1022 1681 1230 1716 cessaverint
1243 1681 1278 1715 in
1294 1681 1469 1716 solutione
1489 1680 1585 1715 dicte
1603 1681 1754 1728 pecunie

248 1737 337 1771 ‹lnos
356 1737 485 1771 solidos
504 1736 753 1784 sterlingorum
781 1740 927 1774 nomine
951 1753 1042 1787 pene
1069 1739 1113 1774 ad
1140 1739 1317 1774 luminare
1338 1739 1466 1774 Sancte
1486 1737 1613 1774 Crucis
1636 1738 1754 1773 cathe-

249 1794 355 1829 dralis
383 1793 523 1830 ecclesie
544 1796 672 1830 Sancte
692 1795 880 1832 Trinitatis
908 1797 952 1832 de
980 1797 1099 1845 Elgyn
1126 1796 1391 1832 convertendos
1410 1816 1418 1824 ·
1447 1796 1495 1831 Et
1520 1796 1564 1831 ad
1592 1796 1754 1843 premifl'a

249 1853 369 1887 omnia
387 1858 422 1888 et
441 1851 575 1900 lingula
593 1853 747 1889 fideliter
765 1854 984 1891 observanda
1004 1856 1188 1904 predictus
1206 1855 1392 1892 Johannes
1414 1854 1585 1902 obligavit
1603 1854 1634 1889 se
1654 1855 1753 1890 here-

249 1910 310 1945 des
328 1910 407 1945 snos
426 1916 461 1945 ct
480 1924 603 1945 omnes
622 1917 733 1946 terras
752 1918 787 1947 et
806 1912 1027 1960 posselliones
1042 1914 1118 1949 suas
1133 1927 1219 1961 quas
1238 1913 1330 1948 infra
1347 1913 1501 1961 burgum
1517 1912 1561 1947 de
1576 1912 1753 1961 Inuernys

249 1974 284 2003 et
308 1974 409 2004 extra
436 1968 566 2003 habent
590 1969 646 2004 vel
671 1969 800 2006 habere
828 1977 998 2018 poterunt
1017 1973 1053 2007 in
1081 1972 1242 2007 futurum
1263 1990 1271 1998 ·
1301 1971 1348 2006 Et
1366 1970 1390 2006 fi
1414 1970 1600 2018 contingat
1619 1990 1627 1998 ·
1656 1971 1751 2018 quod

249 2025 332 2061 absit
352 2046 359 2054 ·
390 2026 499 2074 ipsum
519 2026 721 2062 Jolmnnem
748 2028 804 2063 vel
829 2029 982 2076 aliquem
1008 2030 1180 2065 heredum
1204 2029 1346 2064 suorum
1367 2034 1493 2064 contra
1511 2029 1644 2064 di&am
1670 2042 1752 2064 con-

248 2084 451 2119 ventionem
473 2086 508 2118 in
533 2084 652 2131 aliquo
674 2085 793 2120 venire
813 2086 949 2122 dabunt
967 2089 1113 2123 nomine
1132 2101 1223 2136 pene
1247 2087 1378 2123 fabrice
1403 2085 1545 2123 ecclesie
1570 2086 1751 2122 cathedra-

248 2142 288 2176 lis
301 2142 344 2176 (lc
365 2142 477 2190 lssgyn
489 2148 571 2177 ante
584 2155 727 2177 omnem
744 2143 813 2178 litis
827 2144 1017 2191 ingressum
1033 2152 1176 2181 centuni
1191 2145 1297 2181 libras
1308 2145 1574 2193 sterlingorum·
1591 2144 1750 2192 presente
