2066 2780
357 151 405 182 58
756 147 1071 183 REGISTRUM
1100 144 1463 182 MORAVIENSE.

360 246 447 280 nicis
465 246 522 281 vel
540 244 563 280 fi
582 246 701 281 nullus
720 246 974 281 canonicorum
993 245 1099 293 ipsam
1119 245 1275 292 recipere
1294 242 1449 277 voluerit
1464 241 1614 275 Decano
1629 242 1855 277 commenda-

361 302 411 338 bit
429 303 544 339 donec
562 304 708 340 redierit
731 303 995 339 custodiendam
1022 322 1030 330 ·
1059 301 1214 337 similiter
1240 299 1263 334 fi
1287 298 1523 334 thesaurarius
1540 298 1661 333 villam
1681 299 1778 334 exire
1797 299 1855 334 de-

360 360 477 396 buerit
491 361 535 397 de
547 362 645 397 clave
657 362 716 397 sua
727 361 841 397 facere
855 361 1034 396 tenebitur
1047 379 1054 387 ·
1085 359 1146 393 Ad
1155 356 1416 393 Cancellarium
1432 360 1552 390 autem
1566 356 1721 403 pertinet
1735 356 1854 392 literas

360 418 505 466 capituli
519 425 554 454 et
572 425 685 455 cartas
703 431 917 466 componere
937 436 945 444 ·
965 422 1001 452 et
1015 429 1083 463 que
1101 415 1251 462 legenda
1265 414 1344 448 sunt
1358 414 1395 447 in
1410 412 1566 460 capitulo
1580 413 1699 460 legere
1718 433 1726 441 ·
1746 414 1855 449 libros

360 475 465 511 etiam
485 476 664 524 theologie
684 474 823 512 ecclesie
842 474 1015 510 custodire
1029 492 1036 500 ·
1050 478 1084 508 et
1099 473 1186 507 alios
1198 470 1354 505 similiter
1368 470 1404 504 in
1419 469 1610 505 armariolo
1625 471 1832 507 conservare
1846 491 1854 499 ·

359 546 447 581 quos
473 532 616 581 singulis
642 534 742 569 annis
766 533 803 567 in
825 532 938 580 prima
956 531 1148 578 septimana
1167 526 1445 575 Quadragefime
1470 541 1591 563 coram
1615 528 1792 576 deputatis
1810 530 1855 564 ad

359 591 426 626 hoc
446 591 628 627 ostendere
646 591 749 626 debet
769 595 803 625 et
822 589 987 624 exhibere
1015 607 1022 615 ·
1050 593 1091 622 ut
1109 586 1152 621 fic
1171 591 1339 633 appareat
1357 585 1454 632 quod
1471 585 1592 620 nullus
1612 586 1720 621 fuerit
1741 587 1855 634 perdi-

359 653 416 684 tus
440 648 497 684 vel
520 649 754 684 deterioratus
781 666 789 674 ·
818 653 853 682 et
876 646 927 680 illi
951 645 1010 692 qui
1028 645 1073 679 ad
1091 645 1182 679 hanc
1200 642 1432 678 ostensionem
1451 643 1611 691 deputati
1629 644 1709 679 sunt
1732 657 1856 679 nume-

359 719 439 741 rum
454 705 561 741 sciant
575 706 746 740 librorum
761 704 820 751 qui
835 717 898 752 per
912 716 971 738 eos
986 702 1202 749 conscriptus
1217 701 1253 735 in
1268 701 1484 736 thesauraria
1498 701 1700 749 deponetur
1719 721 1727 729 ·
1766 701 1855 749 Dig-

359 765 450 799 nitas
471 762 573 812 ipfius
597 762 644 799 est
670 763 766 810 quod
794 761 913 796 nullus
941 759 1053 808 potest
1076 759 1196 806 legere
1218 758 1256 793 in
1280 758 1423 794 civitate
1442 757 1693 806 Lyncolnienfi
1720 757 1784 794 nifi
1810 759 1854 795 de

358 821 500 857 licentia
526 819 628 869 ipfius
655 840 663 847 ·
693 825 729 855 et
754 819 849 866 quod
877 830 1000 853 omnes
1023 817 1156 852 scholas
1182 816 1220 851 in
1241 816 1414 851 comitatu
1433 815 1685 864 Lyncolnienfi
1708 830 1773 865 pro
1792 817 1853 852 suo

358 879 496 915 confert
513 878 659 914 arbitrio
679 897 687 905 ·
707 877 862 924 exceptis
880 875 945 910 hiis
963 888 1031 922 que
1051 874 1130 910 sunt
1148 874 1186 909 in
1204 873 1394 922 prebendis
1408 893 1416 901 ·

358 1052 414 1088 De
433 1051 549 1087 officio
569 1050 603 1086 T
605 1049 793 1086 hesaurarii
809 1068 816 1076 ·

319 1167 321 1169 ’
355 1166 390 1202 T
392 1166 579 1202 hesaurarii
605 1165 760 1200 officium
787 1163 835 1199 est
861 1169 1072 1198 ornamenta
1100 1169 1135 1198 et
1162 1162 1345 1198 thesauros
1372 1161 1514 1197 ecclefie
1541 1163 1750 1199 conservare
1780 1184 1787 1191 ·
1819 1170 1853 1200 et

281 1802 329 1832 50

354 1224 541 1259 luminaria
559 1221 698 1258 ecclesie
717 1221 912 1257 ministrare
943 1240 950 1248 ·
979 1220 1142 1268 orologia
1166 1221 1273 1256 etiam
1295 1220 1470 1256 custodire
1493 1226 1528 1255 et
1550 1234 1674 1268 regere
1693 1227 1729 1257 et
1746 1228 1854 1270 prout

354 1295 441 1329 opus
473 1280 618 1316 reficere
655 1299 662 1307 ·
699 1279 826 1315 hostias
862 1299 869 1306 -
906 1279 1031 1314 vinum
1068 1298 1075 1306 ·
1113 1278 1278 1314 candelas
1309 1277 1453 1326 singulis
1483 1278 1652 1314 altaribus
1684 1279 1824 1315 ecelefie
1845 1300 1852 1307 ·

353 1338 547 1374 ministrare
575 1358 583 1365 ·
612 1337 716 1373 debet
744 1337 849 1372 etiam
880 1336 1041 1372 invenire
1070 1349 1199 1383 aquam
1229 1355 1237 1364 ·
1267 1336 1439 1372 carbones
1469 1355 1476 1363 ·
1509 1336 1591 1371 thus
1621 1356 1628 1364 ·
1659 1337 1792 1385 phialas
1819 1343 1853 1373 et

353 1394 511 1431 utensilia
541 1395 729 1430 necessaria
755 1395 792 1429 in
819 1393 962 1430 ecclelia
989 1413 997 1421 ·
1031 1399 1067 1429 et
1095 1394 1235 1429 natulas
1258 1395 1295 1428 in
1318 1394 1428 1429 choro
1453 1400 1489 1429 et
1512 1407 1631 1429 coram
1656 1395 1824 1430 altaribus
1845 1415 1852 1422 ·

354 1460 387 1489 et
414 1454 450 1488 in
473 1453 627 1501 capitulo
652 1452 804 1488 stramen
830 1472 837 1480 ·
863 1452 921 1488 vel
933 1451 1086 1500 juncum
1106 1452 1143 1487 in
1162 1451 1361 1500 duplicibus
1379 1451 1471 1487 festis
1490 1470 1498 1479 ·
1519 1457 1554 1487 et
1568 1452 1681 1488 multa
1699 1453 1768 1488 alia
1785 1466 1853 1500 que

354 1512 503 1558 longum
522 1510 569 1546 est
587 1524 752 1546 enarrare
772 1530 779 1538 ·

356 1683 511 1719 Collatio
530 1683 711 1720 malcolmi
730 1683 868 1718 comitis
886 1683 929 1718 de
949 1682 1030 1731 Fyff
1044 1683 1088 1718 de
1107 1681 1249 1719 ecclesia
1267 1683 1311 1718 de
1332 1682 1565 1719 Inuerhouen
1580 1702 1588 1710 ·

358 1797 537 1835 Universls
563 1797 681 1833 san&e
710 1798 831 1832 matris
860 1797 999 1833 ecclelie
1028 1799 1108 1834 filiis
1135 1798 1348 1835 malcolmus
1375 1811 1494 1834 comes
1522 1798 1565 1833 de
1593 1797 1653 1834 Fif
1676 1798 1823 1834 salutem
1843 1819 1851 1827 .

358 1857 478 1892 Sciant
496 1855 672 1904 presentes
691 1861 726 1890 et
744 1855 854 1890 futuri
870 1869 925 1890 me
942 1856 1070 1891 dediss'e
1090 1862 1125 1892 et
1143 1854 1341 1892 coneessiss‘e
1359 1861 1395 1891 et
1413 1856 1478 1892 hac
1492 1856 1644 1904 presenti
1663 1862 1760 1892 carta
1774 1870 1853 1893 mea

356 1913 573 1950 confirmasse
593 1913 675 1948 Deo
700 1918 735 1948 et
757 1913 970 1961 episcopatui
989 1913 1203 1950 moravienfi
1229 1913 1410 1950 ecclefiam
1435 1914 1529 1949 beati
1548 1914 1645 1949 Petri
1664 1914 1708 1949 de
1728 1914 1853 1951 Inuer—

357 1972 477 2007 houen
493 1984 574 2006 cum
593 1983 665 2005 una
683 1970 841 2006 dauacha
859 1976 952 2006 terre
971 1972 1015 2006 ad
1034 1985 1111 2007 eam
1124 1971 1216 2020 juste
1230 1972 1433 2021 pertinente
1447 1972 1484 2007 in
1501 1971 1733 2007 Inuerhouen
1746 1985 1851 2019 quam

358 2029 497 2064 Bricius
516 2028 631 2063 tenuit
650 2047 658 2055 ·
682 2033 718 2063 et
742 2041 822 2063 cum
843 2029 939 2063 omni
957 2030 1124 2076 parochia
1142 2030 1256 2066 tocius
1275 2030 1493 2066 Strathouen
1511 2049 1520 2058 ·
1539 2043 1621 2064 cum
1646 2029 1791 2064 decimis
1817 2037 1852 2065 et

358 2085 594 2121 oblationibus
613 2091 648 2120 et
667 2085 830 2120 omnibus
851 2086 926 2120 aliis
944 2086 1044 2133 justis
1066 2088 1290 2134 pertinentiis
1317 2108 1325 2116 ·
1353 2088 1391 2123 in
1412 2088 1558 2123 liberam
1577 2099 1704 2135 puram
1722 2093 1757 2122 et
1775 2100 1852 2134 per-

357 2150 499 2192 petuam
518 2141 741 2179 elemosinam
757 2162 765 2170 ·
779 2156 843 2191 pro
862 2143 971 2179 salute
990 2145 1106 2180 anime
1124 2158 1202 2181 mee
1217 2151 1253 2181 et
1266 2146 1466 2181 animarum
1485 2145 1646 2180 omnium
1664 2145 1853 2180 antecesso-

358 2215 435 2237 rum
455 2206 491 2236 et
509 2201 739 2236 successorum
764 2214 925 2235 meorum
954 2220 962 2228 ·
992 2201 1113 2243 Quare
1135 2203 1218 2239 volo
1240 2204 1337 2251 quod
1356 2203 1495 2239 Bricius
1513 2200 1742 2239 moraviensis
1769 2202 1853 2250 epis-

357 2272 465 2307 copus
492 2264 527 2294 et
553 2258 759 2294 successores
778 2258 827 2293 sui
847 2264 882 2294 et
900 2258 1118 2306 episcopatus
1137 2260 1366 2298 moraviensis
1384 2260 1583 2310 predkstam
1606 2258 1784 2295 ecclesiam
1809 2259 1853 2295 de
