2060 2660
568 183 883 219 REGISTRUM
913 182 1274 220 MORAVIENSE.
1597 190 1666 228 127

172 288 207 319 et
237 281 494 319 considerantes
524 287 769 330 paupertatem
801 287 836 317 et
865 280 1138 316 devastationem
1167 282 1328 328 predi&e
1356 282 1497 318 Domus
1524 284 1595 319 Dei
1622 285 1665 319 de

172 340 288 388 Elgyn
308 359 316 367 ·
344 340 387 375 de
406 340 521 386 gratia
539 339 656 375 nostra
678 339 817 385 speciali
838 352 879 374 ac
902 339 1036 374 intuitu
1062 338 1216 373 caritatis
1243 344 1279 373 et
1305 352 1348 374 ex
1373 345 1469 375 certa
1491 340 1633 376 scientia
1657 361 1664 368 ·

169 397 396 432 concedimus
423 404 458 433 et
482 410 545 445 per
568 397 748 445 presentes
772 396 1026 432 confirmamus
1044 396 1140 443 quod
1159 396 1321 443 predic'ffl
1339 396 1480 431 Domus
1498 397 1570 432 Dei
1588 411 1665 446 pre-

169 454 280 489 dietas
298 459 410 490 terras
429 455 472 490 de
491 455 652 492 (Donben
670 460 791 490 teneat
810 460 845 490 et
863 452 1033 503 poffideat
1051 454 1095 489 de
1114 459 1233 489 cetero
1256 453 1384 488 liberas
1408 459 1444 488 et
1465 455 1599 500 quietas
1621 455 1663 490 ab

168 512 265 547 omni
283 512 378 547 secta
395 517 431 548 et
448 512 587 560 sequela
604 512 711 548 curiis
728 512 854 548 nostris
872 511 1137 559 quibuscunque
1151 510 1320 546 faciendis
1336 530 1344 538 ·
1359 524 1399 546 ac
1412 511 1584 546 forinseco
1599 512 1665 547 ser-

167 569 253 604 vitio
271 570 508 617 qualicunque
528 590 536 598 ·
564 583 631 606 nec
649 583 724 606 non
742 575 778 605 et
795 570 839 605 ab
857 569 1022 605 omnibus
1040 568 1253 604 secularibus
1271 568 1455 603 demandis
1474 588 1481 595 ·
1510 569 1665 604 exactio-

167 626 269 662 nibus
288 646 296 654 ·
319 626 415 675 prifis
434 647 442 655 ·
462 628 684 676 captionibus
703 647 711 656 ·
734 627 898 675 talliagiis
917 632 952 662 et
970 626 1150 662 excercitu
1168 639 1382 673 quocunque
1401 645 1409 653 ·
1434 625 1528 661 salva
1545 632 1664 662 tamen

166 685 346 720 communi
371 684 571 721 defenfione
589 686 692 733 regni
709 685 818 721 nostri
837 705 845 713 ·
875 685 998 727 Quare
1016 684 1166 719 firmiter
1184 683 1412 732 prohibemus
1430 696 1475 719 ne
1493 684 1570 730 quis
1587 697 1665 731 pre-

165 742 251 777 fatas
269 747 380 777 terras
405 743 449 779 de
467 743 628 780 (Donben
646 743 704 779 vel
722 743 885 778 homines
903 743 940 778 in
959 742 1087 778 eisdem
1106 741 1306 777 habitantes
1333 741 1392 776 seu
1417 741 1511 776 bona
1537 754 1665 777 eorun-

165 799 245 835 dem
264 805 390 836 contra
407 800 498 836 hanc
516 799 773 837 conceffionem
792 800 947 836 nostram
965 799 1149 848 specialem
1170 818 1178 827 ·
1199 797 1244 834 fic
1262 799 1300 834 in
1318 798 1465 834 liberam
1484 812 1609 847 puram
1629 806 1664 835 et

164 862 370 905 perpetuam
390 857 615 894 elemofinam
633 872 697 907 per
710 872 777 894 nos
795 858 990 894 conceffam
1009 863 1045 893 et
1063 857 1311 893 confirmatam
1331 876 1339 884 ·
1360 869 1488 892 vexare
1507 862 1569 892 aut
1586 870 1664 904 gra-

164 928 247 950 vare
265 915 442 963 presumat
460 917 714 964 quoquomodo
734 936 742 944 ·
765 916 827 952 sub
852 929 945 964 pena
968 916 1129 951 omnium
1151 928 1220 963 que
1244 928 1330 962 erga
1351 914 1506 950 nostram
1530 915 1664 962 regiam

163 972 369 1020 potestatem
396 974 511 1009 amitti
537 979 710 1022 poterunt
734 994 743 1002 ·
771 974 992 1022 presentibus
1018 973 1180 1021 predkste
1202 972 1340 1008 Domui
1360 972 1431 1008 Dei
1458 972 1664 1007 eternaliter

163 1030 323 1065 valituris
352 1050 360 1058 ·
399 1031 447 1066 Et
467 1036 508 1067 ut
531 1032 596 1067 hec
616 1031 734 1067 nostra
759 1032 905 1067 donatio
931 1029 1103 1067 conceffio
1123 1036 1159 1066 et
1176 1030 1401 1066 confirmatio
1425 1029 1536 1065 robur
1557 1030 1664 1065 firmi-

162 1087 244 1122 tatis
271 1093 417 1123 teneant
442 1087 593 1136 figillum
616 1089 774 1125 nostrum
799 1089 1018 1137 presentibus
1045 1088 1193 1124 fecimus
1221 1088 1352 1136 apponi
1371 1107 1380 1115 ·
1408 1087 1547 1123 Datum
1568 1088 1664 1135 apud

162 1144 409 1182 monasterium
434 1146 477 1182 de
498 1146 627 1182 Kinlos
648 1152 775 1194 quarto
794 1147 851 1182 die
872 1146 1008 1194 Aprilis
1026 1159 1121 1181 anno
1140 1145 1242 1194 regni
1260 1144 1369 1181 nostri
1386 1145 1635 1181 tertiodecimo
1654 1165 1662 1173 ·

165 1202 209 1237 In
227 1202 333 1251 hujus
357 1203 585 1251 inspectionis
602 1204 841 1240 testimonium
860 1203 1010 1251 figillum
1029 1203 1189 1239 nostrum
1206 1203 1427 1239 autenticum
1444 1202 1664 1250 presentibus

162 1259 309 1295 fecimus
333 1262 464 1309 apponi
484 1281 492 1289 ·
521 1261 614 1297 Cum
643 1262 753 1310 igitur
779 1275 903 1297 omnes
926 1261 1136 1297 invadentes
1159 1261 1365 1296 fraudantes
1382 1265 1445 1295 aut
1463 1260 1664 1296 auferentes

162 1316 383 1365 pofl'efliones
410 1324 522 1354 terras
548 1324 584 1355 et
607 1319 676 1354 alia
702 1332 912 1367 quecunque
933 1318 1019 1367 jura
1040 1317 1266 1354 ecclefiastica
1282 1317 1341 1354 vel
1363 1317 1543 1352 libertates
1567 1318 1664 1365 quas-

162 1387 302 1422 cunque
320 1374 386 1411 fint
404 1377 619 1412 auctoritate
643 1377 730 1413 sacri
756 1377 897 1412 concilii
920 1376 1098 1412 Scoticani
1123 1375 1264 1424 publice
1290 1380 1326 1411 et
1352 1375 1580 1423 solempniter
1606 1388 1664 1411 ex-

161 1433 415 1469 communicati
441 1440 477 1469 et
501 1434 788 1470 anathematizati
813 1454 821 1462 ·
846 1432 1110 1470 univerfitatem
1135 1432 1284 1469 vestram
1312 1446 1499 1468 monemus
1527 1433 1564 1467 in
1588 1433 1664 1468 Do-

161 1489 258 1525 mino
276 1503 317 1526 ac
335 1497 497 1526 ortamur
514 1505 560 1527 ne
579 1493 656 1539 quis
673 1505 737 1540 per
754 1492 787 1528 se
801 1492 857 1527 vel
877 1505 940 1540 per
958 1491 1067 1527 alium
1082 1496 1144 1526 aut
1161 1504 1225 1539 per
1242 1491 1330 1526 alios
1348 1490 1509 1538 predstste
1525 1490 1663 1525 Domui

162 1547 234 1582 Dei
253 1548 297 1583 de
317 1548 423 1596 Elgin
444 1568 452 1576 ·
471 1549 575 1584 terris
599 1569 607 1577 ·
635 1550 806 1585 limitibus
825 1569 833 1577 ·
853 1547 1115 1597 poffessionibus
1135 1568 1143 1576 ·
1162 1548 1222 1584 seu
1246 1548 1420 1595 aliquibus
1441 1547 1663 1583 libertatibus

161 1604 315 1652 ejusdem
334 1619 398 1653 per
415 1619 517 1654 reges
536 1612 571 1642 et
588 1607 765 1655 principes
784 1607 841 1642 vel
859 1607 946 1642 alios
965 1606 1094 1642 Christi
1115 1606 1237 1642 fideles
1259 1619 1348 1654 pure
1374 1610 1410 1641 et
1437 1603 1662 1641 elemofinate

160 1675 200 1696 ac
218 1660 350 1697 intuitu
369 1663 525 1699 caritatis
543 1664 658 1700 eidem
678 1663 844 1700 concessis
859 1664 991 1699 malum
1005 1683 1013 1691 ·
1029 1663 1223 1699 molestiam
1238 1683 1246 1691 ·
1262 1663 1458 1711 dampnum
1471 1682 1479 1690 ·
1495 1661 1662 1710 injuriam

160 1719 218 1754 seu
236 1732 430 1766 gravamen
447 1721 552 1756 faciat
570 1722 627 1756 vel
645 1722 723 1757 fieri
741 1726 910 1770 procuret
928 1721 1182 1769 quoquomodo
1202 1740 1210 1748 ·
1233 1720 1454 1756 contrarium
1472 1733 1559 1756 vero
1580 1719 1663 1756 faci-

161 1782 259 1812 entes
273 1779 528 1825 quoquomodo
542 1779 751 1814 sententiam
764 1778 1380 1815 excommunicationisauctoritate
1391 1777 1661 1826 privilegiorum

122 1839 125 1841 ’
162 1834 256 1870 dieta
275 1834 412 1870 Domui
431 1836 672 1872 concessorum
690 1850 754 1885 per
771 1837 887 1872 sedem
906 1835 1131 1884 apostolicam
1149 1836 1413 1884 promulgatam
1437 1855 1445 1863 ·
1473 1835 1546 1883 ipso
1563 1836 1660 1871 fa6'w

162 1892 289 1927 merito
317 1898 489 1940 poterunt
514 1894 706 1930 formidare
732 1914 740 1923 ·
773 1894 911 1930 Datum
936 1894 1031 1942 apud
1061 1893 1182 1942 Spyny
1209 1893 1423 1929 duodecimo
1452 1893 1509 1929 die
1535 1892 1660 1929 menfis

162 1948 296 1997 Aprilis
315 1970 323 1978 ·
342 1963 437 1986 anno
457 1951 608 1987 Domini
625 1950 805 1989 ‹nillefimo
824 1956 921 1988 ·ccc⁰·
940 1950 1206 1999 quadragesimo
1223 1952 1332 1987 tertio
1350 1971 1358 1979 ·

162 2121 364 2159 Commissio
382 2124 427 2159 ad
445 2124 699 2172 inquirendum
718 2125 762 2161 de
773 2125 857 2174 jure
876 2130 1085 2174 patronatus
1101 2145 1109 2153 ·

67 2240 133 2273 115
162 2236 340 2273 Robertus
351 2238 423 2275 Dei
436 2239 551 2287 gratia
566 2240 647 2275 Rex
659 2240 864 2277 Scottorum
879 2241 1012 2277 dilecto
1026 2246 1062 2276 et
1075 2240 1172 2277 fideli
1186 2239 1305 2275 nostro
1319 2238 1477 2276 Johanni
1491 2237 1534 2272 de
1551 2236 1655 2283 Haya

159 2294 261 2330 militi
279 2295 425 2332 salutem
440 2316 449 2324 ·
478 2297 572 2334 Cum
586 2298 680 2334 inter
694 2311 760 2334 nos
774 2303 810 2335 et
823 2298 1035 2348 Episcopum
1051 2297 1311 2336 moraviensem
1327 2296 1430 2344 super
1441 2295 1524 2343 jure
1538 2298 1654 2342 patro-
