1998 2820
797 887 1110 928 TABULA.

738 1103 766 1142 ι’·
826 1103 951 1145 {Libet
971 1103 1171 1154 &piscani-

210 1275 236 1303 1.
261 1273 357 1303 Carta
372 1272 473 1314 Regis
489 1271 646 1303 Willelmi
667 1271 705 1302 de
730 1271 862 1303 decimis
880 1277 913 1302 et
933 1271 1181 1303 rectitudinibus
1204 1270 1417 1303 ecclefiasticis
1440 1271 1607 1302 solvendis.
1655 1284 1710 1303 aa).

210 1326 359 1355 1165-75.
374 1326 437 1364 fol.
452 1326 507 1355 37.

206 1379 237 1407 2.
262 1375 363 1407 Carta
385 1376 424 1406 de
447 1375 571 1406 decima
593 1374 778 1406 reddituum
799 1379 831 1406 et
850 1374 1041 1417 placitorum
1057 1373 1158 1415 Regis
1174 1374 1208 1404 in
1225 1373 1383 1412 Moravia,
1402 1375 1477 1406 data
1493 1374 1616 1406 Simoni
1632 1374 1710 1417 epis-

206 1439 295 1469 copo.
323 1429 473 1457 1171-84.
489 1429 523 1466 J:
540 1428 593 1457 36.

206 1481 236 1510 3.
261 1478 476 1510 Confirmatio
497 1478 603 1520 Regia
630 1477 814 1509 donationis
839 1489 860 1508 a
886 1477 1019 1508 Simone
1042 1476 1186 1519 episeopo
1212 1476 1296 1507 facte
1323 1476 1467 1508 Johanni
1491 1478 1633 1515 eremite,
1672 1478 1711 1509 de

206 1529 308 1561 insula
323 1529 362 1560 de
379 1530 523 1561 Lunnin.
550 1530 702 1562 1171-84.
715 1531 748 1570 f
764 1532 817 1560 36.

206 1584 237 1611 4.
261 1581 333 1612 Rex
350 1580 496 1622 quietum
512 1580 630 1612 clamat
646 1580 756 1612 Aulon
773 1580 919 1612 Machele
936 1579 1062 1611 Simoni
1077 1578 1232 1622 episcopo.
1255 1585 1327 1611 ante
1345 1582 1437 1611 1184.
1452 1581 1486 1620 fi
1500 1583 1553 1612 38.

207 1635 236 1663 5.
260 1632 312 1663 De
328 1632 461 1664 decimis
478 1637 511 1663 et
525 1632 775 1664 rectitudinibus
791 1631 918 1663 ecclesie
934 1631 1147 1674 persolvendis
1163 1630 1338 1662 secundum
1353 1630 1471 1663 affisam
1487 1631 1588 1674 Regis
1603 1631 1711 1663 David

206 1689 238 1715 et
253 1683 518 1715 consuetudinem
534 1682 732 1726 episcopatus
749 1683 861 1715 Sancti
877 1683 1018 1715 Andree.
1045 1685 1186 1714 1187-99
1210 1684 1244 1723 f
1261 1685 1311 1721 15,
1328 1685 1382 1715 37.

206 1739 236 1767 6.
260 1735 362 1767 Carta
377 1735 482 1777 Regia
498 1735 537 1767 de
553 1735 735 1778 episcopatu
751 1735 897 1767 Moravie
914 1735 989 1767 dato
1004 1734 1145 1766 Ricardo
1161 1734 1314 1778 episcopo.
1340 1737 1493 1766 1189-99.
1506 1737 1540 1776 fi
1556 1737 1608 1773 35,
1627 1738 1676 1766 13.

205 1791 235 1818 ’7.
260 1786 362 1818 Carta
377 1787 477 1828 Regis
494 1787 533 1818 de
549 1787 682 1818 decimis
698 1787 894 1825 reddituum,
906 1785 1099 1829 placitorum
1114 1791 1147 1817 et
1163 1797 1243 1818 cane
1259 1785 1298 1817 de
1311 1786 1459 1818 Moravia
1470 1786 1554 1818 datis
1569 1786 1711 1818 Ricardo

206 1838 362 1881 episcopo.
390 1841 545 1870 1189-99.
559 1840 592 1879 f.
608 1841 660 1869 37.

206 1893 235 1922 8.
259 1888 454 1921 Mandatum
470 1890 571 1932 Regis
588 1891 627 1921 de
642 1889 801 1921 solvendis
816 1889 959 1922 decimis.
982 1891 1135 1921 1189-99.
1150 1891 1184 1930 fi
1199 1891 1251 1921 37.

206 1945 237 1973 9.
262 1942 457 1973 Mandatum
473 1942 574 1983 Regis
595 1942 634 1973 de
656 1942 915 1980 rectitudinibus,
941 1952 1022 1973 cana
1045 1946 1078 1972 et
1101 1946 1256 1973 coneveta
1278 1953 1299 1972 a
1322 1942 1507 1974 tenentibus
1530 1942 1710 1974 reddendis.

210 1995 362 2025 1189-99.
377 1995 411 2033 f
427 1995 479 2024 38.

211 2047 260 2076 10.
285 2044 479 2076 Mandatum
501 2044 602 2086 Regis
627 2050 663 2076 ut
687 2050 893 2076 contumaces
920 2044 1189 2076 excommunicati
1212 2044 1447 2087 compellantur
1469 2045 1511 2077 ad
1535 2046 1711 2088 parendum

203 2096 282 2137 juri.
310 2098 461 2127 1189-99.
475 2098 508 2137 f
525 2098 576 2128 38.
1016 2136 1018 2138 Ι

211 2149 260 2178 11.
284 2147 357 2178 Rex
374 2148 521 2179 concedit
536 2147 693 2190 Episcopo
709 2147 852 2179 ecclefias
868 2148 908 2180 de
925 2147 1046 2189 Foreys
1066 2152 1099 2179 et
1113 2147 1201 2190 Dyk‚
1228 2153 1260 2179 et
1284 2148 1394 2180 decem
1418 2148 1516 2180 libras
1535 2148 1635 2180 donec
1660 2159 1711 2179 eas

209 2209 322 2230 vacare
338 2199 520 2241 contigerit.
548 2201 701 2231 1189-99.
715 2201 748 2240 fi
765 2202 817 2231 35.

213 2251 262 2280 12.
286 2251 382 2282 Carta
397 2250 501 2292 Regia
516 2252 555 2282 de
571 2251 687 2283 eisdem
702 2250 850 2282 ecclefiis.
877 2253 1018 2282 1189-99
1042 2251 1066 2283 f.
1083 2253 1136 2288 35,
1153 2250 1212 2282 bis.
1221 2252 1254 2291 fi
1274 2253 1323 2281 17.
