1912 2660
163 1015 236 1048 245

272 160 345 194 820
664 162 769 199 REG
778 163 982 201 ISTRUM
1011 163 1376 201 MORAVIENSE.

272 257 321 292 ita
339 258 436 305 quod
456 259 538 296 Rex
556 260 730 298 saifiverat
748 269 942 311 utrumque
960 262 1171 310 thanagium
1191 281 1199 290 ·
1228 266 1264 297 et
1277 261 1429 297 Thanus
1446 260 1572 296 videns
1589 261 1686 309 quod
1699 274 1774 298 non

271 316 390 363 potuit
415 330 626 367 recuperare
653 334 674 356 a
692 322 794 369 Rege
820 319 986 357 concessit
1010 321 1068 356 sex
1096 320 1243 355 dauatas
1260 319 1305 354 de
1324 318 1529 354 Conwauth
1550 318 1685 355 Comiti
1703 319 1775 355 Bu-

271 373 397 411 chanie
412 395 420 403 ·
439 382 480 412 ut
497 377 608 425 poffet
626 391 838 427 recuperare
856 379 954 414 aliud
969 378 1179 425 thanagium
1192 377 1236 412 de
1249 375 1486 411 Aberkerdor
1501 395 1509 404 ·
1529 382 1565 412 et
1579 377 1677 424 quod
1694 377 1773 413 fun-

271 431 373 468 daret
391 433 486 469 illam
506 436 677 484 capellam
696 437 740 472 de
759 442 912 484 quatuor
930 435 1057 470 marcis
1076 440 1112 470 et
1129 440 1225 469 terra
1235 434 1439 482 pertinente
1458 434 1503 469 ad
1518 434 1691 483 capellam
1705 448 1772 483 pro

269 502 343 526 uno
362 492 547 540 capellano
571 494 794 529 celebraturo
818 506 884 542 pro
909 492 1092 528 animabus
1112 492 1273 527 omnium
1295 491 1438 539 Regum
1458 491 1581 527 Scocie
1601 511 1609 520 ·
1633 498 1669 528 et
1687 492 1774 528 obli-

267 548 366 595 gavit
390 549 561 586 Natirdul
585 564 651 599 pro
677 551 760 586 ·xiii·
784 550 901 586 solidis
929 550 986 585 -iv·
1015 549 1169 585 denariis
1193 562 1262 597 que
1283 549 1359 598 jam
1385 549 1433 584 est
1458 549 1496 584 in
1522 550 1685 586 manibus
1711 550 1772 587 Ja-

269 606 347 642 cobi
374 608 585 644 mantaland
604 628 612 636 ·
641 614 677 644 et
704 607 911 657 Petyndrek
934 620 1000 655 pro
1026 607 1110 642 ·xiii·
1138 607 1256 642 solidis
1275 608 1333 643 ·iv·
1353 607 1508 643 denariis
1526 627 1535 635 ·
1564 621 1633 655 que
1660 607 1708 643 est
1734 609 1771 644 in

268 664 431 700 manibus
450 665 600 702 lValteri
619 666 714 702 Biset
731 666 871 701 ratione
890 665 1012 700 warde
1038 684 1046 692 ·
1075 670 1111 700 et
1136 665 1223 700 duas
1242 665 1418 713 Carnulsy
1441 678 1508 713 pro
1528 666 1635 701 -xxvi·
1655 666 1772 702 solidis

268 727 303 757 et
315 722 398 758 -viii-
411 723 568 759 denariis
581 743 589 752 ·
609 737 678 772 que
696 724 776 759 sunt
788 723 824 758 in
839 723 1002 758 manibus
1013 722 1037 760 J
1039 722 1140 758 acobi
1155 722 1185 758 F
1186 723 1279 759 raser
1293 723 1431 759 domini
1445 723 1489 760 de
1505 724 1746 760 Fertendrach
1762 744 1770 752 ·

266 894 444 932 Fundatio
463 896 570 932 unius
584 896 758 945 capellani
776 896 814 932 in
833 896 969 945 capella
987 896 1031 932 de
1053 896 1248 945 Kyncragy
1267 916 1276 925 ·

263 1014 442 1051 Omnibus
460 1014 528 1050 hoc
546 1013 712 1061 scriptum
731 1012 856 1048 visuris
875 1013 932 1048 vel
950 1013 1126 1050 audituris
1144 1013 1330 1051 Johannes
1348 1013 1393 1048 de
1414 1012 1520 1062 Haya
1538 1013 1705 1051 dominus
1724 1017 1768 1052 de

262 1072 529 1122 Tulybothvyle
548 1072 694 1107 salutem
714 1071 751 1106 in
771 1071 933 1107 Domino
951 1071 1202 1121 sempiternam
1231 1091 1240 1099 ·
1260 1071 1444 1107 Noveritis
1462 1084 1519 1107 me
1537 1071 1595 1120 pia
1616 1073 1766 1110 ductum

260 1132 452 1167 devotione
472 1150 479 1158 ·
500 1143 581 1165 cum
600 1129 769 1165 consensu
789 1134 825 1165 et
842 1129 1030 1166 voluntate
1049 1130 1179 1165 nobilis
1197 1130 1265 1165 viri
1284 1134 1320 1165 et
1339 1129 1476 1165 domini
1498 1129 1568 1165 mei
1586 1132 1765 1177 quondam

260 1189 429 1225 Willelmi
448 1188 587 1224 comitis
605 1188 650 1223 de
670 1187 759 1223 Ross
777 1201 818 1223 ac
831 1187 1007 1224 Johannis
1026 1189 1070 1224 de
1087 1188 1194 1237 Haya
1210 1187 1272 1237 filij
1294 1187 1363 1223 mei
1381 1192 1417 1223 et
1434 1187 1574 1223 heredis
1589 1188 1716 1225 habitis
1730 1196 1767 1226 et

257 1245 424 1283 conceffis
443 1266 451 1274 ·
471 1246 629 1282 fundass'e
647 1259 760 1281 unum
775 1246 1000 1295 capellanum
1018 1247 1056 1282 in
1079 1246 1216 1295 capella
1229 1246 1332 1282 beate
1351 1246 1465 1282 marie
1484 1245 1646 1294 Virginis
1670 1249 1765 1296 apud

259 1305 452 1353 Kyncragy
471 1324 479 1332 ·
499 1317 564 1353 pro
584 1304 703 1340 anima.
720 1317 820 1340 mea·
846 1304 1032 1340 animabus
1058 1304 1332 1353 progenitorum
1357 1309 1393 1339 et
1411 1303 1644 1339 success'orum
1669 1318 1765 1341 meo-

255 1376 334 1399 rum
348 1383 356 1391 ·
370 1369 405 1398 et
419 1362 603 1398 animabus
615 1362 777 1398 omnium
789 1362 950 1398 fidelium
966 1363 1223 1398 defunctorum
1239 1381 1248 1390 ·
1263 1362 1386 1397 divina
1396 1367 1571 1410 perpetuo
1586 1362 1623 1397 in
1637 1363 1761 1399 eadem

254 1421 389 1470 capella
403 1421 666 1457 celebraturum
686 1426 722 1457 et
740 1420 872 1457 ibidem
890 1419 1114 1457 refidentiam
1135 1421 1317 1456 facturum
1334 1439 1343 1448 ·
1364 1419 1438 1462 Qui
1457 1433 1543 1455 vero
1558 1420 1764 1468 capellanus

255 1480 292 1515 in
311 1479 434 1515 eadem
449 1479 584 1528 capella
602 1484 638 1515 et
655 1479 757 1515 nullo
776 1479 846 1515 alio
864 1479 945 1515 loco
963 1478 1027 1515 nifi
1045 1479 1089 1515 de
1107 1479 1252 1515 licentia
1266 1491 1345 1514 mea
1359 1483 1395 1514 et
1412 1478 1585 1513 heredum
1599 1491 1761 1515 meorum

255 1537 464 1572 ministrabit
482 1537 651 1573 decenter
670 1542 705 1573 et
718 1537 892 1573 deserviet
911 1556 919 1566 ο
939 1543 975 1573 et
989 1537 1174 1573 annuatim
1187 1542 1342 1585 quatuor
1355 1536 1463 1571 libras
1474 1536 1603 1571 usualis
1618 1542 1762 1573 monete

255 1595 401 1643 recipiet
420 1595 463 1630 de
481 1595 591 1630 firmis
618 1600 796 1631 terrarum
824 1608 984 1631 mearum
1010 1596 1055 1632 de
1083 1594 1259 1643 Lochlwy
1283 1594 1342 1630 ·xl·
1369 1594 1538 1630 videlieet
1563 1594 1692 1630 solidos
1716 1595 1760 1631 ad

254 1652 377 1688 festum
395 1652 644 1688 Pentechostes
666 1659 702 1688 et
720 1653 808 1689 alios
827 1653 886 1689 ·xl·
907 1653 1035 1689 solidos
1060 1654 1105 1689 ad
1122 1653 1246 1689 festum
1267 1653 1390 1689 Sancti
1408 1652 1558 1689 (Dartini
1576 1653 1612 1688 in
1630 1665 1733 1700 yeme
1749 1672 1758 1680 ·

254 1724 335 1746 cum
356 1711 492 1746 duabus
511 1711 599 1746 acris
618 1716 713 1747 terre
730 1716 766 1747 et
784 1710 964 1747 manfione
979 1712 1040 1747 sua
1057 1712 1094 1747 in
1112 1711 1198 1747 villa
1217 1711 1261 1746 de
1281 1710 1417 1746 Wester
1437 1710 1531 1746 Rate
1545 1723 1608 1758 per
1622 1723 1679 1746 me
1697 1708 1757 1745 fibi

253 1781 349 1804 nunc
367 1767 543 1816 aflignatis
563 1788 571 1796 ·
591 1774 627 1804 et
652 1782 733 1804 cum
752 1769 892 1818 pastura.
918 1770 956 1805 in
974 1770 1099 1806 eadem
1117 1769 1203 1805 villa
1220 1782 1285 1817 pro
1305 1768 1376 1803 ·xii·
1396 1768 1511 1804 vaccis
1529 1781 1609 1804 cum
1630 1773 1734 1803 tauro
1749 1787 1756 1796 ·

252 1826 433 1874 sexaginta
451 1826 575 1861 ovibus
595 1845 603 1854 ·
624 1832 658 1862 et
678 1827 817 1863 duobus
836 1828 934 1875 equis
953 1828 990 1863 in
1005 1827 1188 1863 communi
1207 1825 1348 1875 pastura
1365 1831 1401 1862 et
1419 1825 1508 1862 locis
1523 1825 1731 1861 decentibus
1747 1845 1755 1853 ·

254 1884 301 1919 Et
319 1883 343 1919 fi
361 1884 547 1931 contingat
565 1885 661 1931 quod
681 1885 778 1920 dieta
795 1886 958 1921 annualis
976 1885 1096 1935 penfio
1110 1886 1153 1921 de
1168 1884 1339 1934 predictis
1358 1884 1462 1919 terris
1475 1884 1563 1919 meis
1581 1884 1625 1919 de
1640 1883 1757 1919 Loch-

252 1942 312 1990 loy
339 1942 457 1989 aliquo
489 1942 643 1977 termino
681 1942 791 1978 levari
818 1957 891 1979 non
919 1945 1052 1993 poterit
1078 1943 1162 1980 volo
1181 1948 1217 1979 et
1234 1942 1394 1978 concedo
1412 1955 1478 1990 pro
1505 1955 1563 1977 me
1592 1947 1628 1977 et
1655 1941 1756 1976 here-

251 1999 353 2035 dibus
370 2000 458 2035 meis
477 2005 513 2035 et
535 1999 637 2035 nobis
655 2000 856 2036 succeffuris
874 2002 971 2049 quod
995 2015 1120 2038 omnes
1137 2001 1240 2037 firme
1258 2012 1554 2048 quarumcunque
1577 2004 1752 2035 terrarum

250 2071 411 2094 mearum
431 2057 523 2093 infra
541 2057 725 2093 baroniam
745 2059 789 2094 de
807 2059 911 2095 Narn
929 2060 974 2095 ad
994 2060 1144 2096 eandem
1172 2059 1386 2095 solutionem
1406 2058 1442 2093 in
1461 2062 1673 2106 perpetuum
1694 2056 1753 2092 ob-

249 2116 407 2165 ligentur
426 2135 435 2143 ·
456 2115 503 2151 Et
514 2113 539 2150 fi
553 2115 761 2164 contingat·
773 2118 869 2164 quod
884 2116 968 2153 abfit
980 2138 987 2146 ·
1003 2131 1060 2154 me
1074 2117 1224 2154 heredes
1236 2130 1335 2153 meos
1349 2121 1411 2152 aut
1424 2115 1526 2151 nobis
1544 2114 1751 2151 succeffores

249 2174 476 2222 quoscunque
503 2179 631 2210 contra
654 2174 746 2210 hanc
772 2175 1021 2212 fundationem
1048 2189 1164 2213 meam
1191 2177 1229 2212 in
1252 2174 1372 2223 aliquo
1390 2174 1514 2210 venire
1532 2174 1590 2210 vel
1613 2178 1753 2210 contra-
