1912 2660
194 856 242 888 ΞΟ

191 2056 235 2088 21

284 67 357 106 472
757 61 936 98 CARTE
963 61 1304 99 ORIGINALES.

285 161 380 197 wod
399 180 407 189 ·
426 160 631 198 ,Iohannem
648 161 740 197 orlet
758 180 766 189 ·
788 161 986 209 Hugonem
1004 161 1118 197 filium
1136 159 1309 196 willelmi
1327 177 1336 187 ο
1358 158 1560 194 Hem-icum
1588 178 1596 186 -
1626 178 1634 187 ·
1663 178 1672 187 ·
1700 179 1709 188 ·
1737 161 1780 197 de

285 219 516 268 Kildrummy
531 238 539 247 ·
572 218 690 255 Eliam
713 218 830 256 Juster
844 239 852 247 ·
888 219 1036 256 Juratos
1059 231 1191 265 magno
1210 217 1428 253 sacramento
1449 215 1718 253 Interveniente
1745 224 1781 254 et

282 276 473 324 diligenter
491 277 711 313 examinatos
730 296 738 305 ·
764 277 825 324 qui
846 290 970 312 omnes
986 276 1147 313 vnanimi
1165 274 1299 309 affensu
1317 274 1507 309 dixerunt·
1524 292 1533 301 ·

280 334 377 381 quod
389 353 398 362 ·
413 339 510 370 terra
527 335 571 370 de
591 334 765 370 Kilrauoc
783 347 864 370 cum
884 333 1049 370 omnibus
1071 331 1303 381 pertinenciis
1322 350 1330 359 ·
1349 330 1418 366 suis
1436 350 1445 358 ·
1464 330 1593 366 scilicet
1611 344 1692 367 cum
1707 345 1782 368 mo·

281 448 374 485 Item
401 449 569 485 dixerunt
594 449 691 497 quod
715 454 813 485 terra
838 448 882 484 de
910 447 1136 495 Estirgedeys
1157 466 1165 475 ·
1197 459 1280 482 cum
1308 446 1517 482 molendino
1544 451 1580 482 et
1604 446 1750 483 bracina
1770 466 1777 475 ·

278 507 374 542 valet
391 520 455 556 per
473 520 609 543 annum
629 526 637 535 ·
658 507 718 542 xii·
737 506 844 541 libras
863 525 872 533 ·

280 564 426 601 Summa
443 565 623 612 vtriusque
643 584 652 592 ·
671 564 790 600 xxxvi·
809 563 898 598 libre
918 582 926 591 ·

279 738 507 787 Thanagium
526 739 570 774 de
590 738 724 773 Caldor
740 755 749 764 ·

279 853 460 889 Robertus
478 853 550 888 Dei
568 852 683 899 gratia
702 851 783 886 Rex
799 851 1005 886 Scottorum
1021 851 1186 886 omnibus
1204 851 1323 899 probis
1336 851 1540 886 hominibus
1553 852 1663 886 totius
1682 856 1776 887 terre

276 911 334 946 sue
353 911 499 945 salutem
519 928 527 937 ·
559 908 683 944 Sciatis
697 921 763 944 nos
778 908 907 943 dediffe
926 906 1123 943 coneeffiffe
1143 914 1178 943 et
1196 908 1241 943 ad
1259 908 1495 944 seodifirmam
1514 907 1672 944 dimisisse
1691 908 1778 944 Wil-

275 968 383 1003 lelmo
402 967 532 1002 Thano
551 966 595 1001 de
614 965 750 1002 Caldor
768 970 886 1001 totum
904 964 1114 1012 thanagium
1133 965 1177 1000 de
1197 965 1332 1001 Caldor
1349 979 1430 1002 cum
1444 966 1673 1014 pertinenciis
1686 966 1778 1001 infra

275 1024 563 1061 vicecomitatum
583 1023 626 1059 de
643 1023 845 1059 Invernarn
863 1035 930 1070 pro
949 1022 1148 1058 duodecem
1167 1042 1350 1052 ·······
1369 1036 1525 1071 ngorum
1541 1024 1725 1059 annuatim
1740 1024 1777 1058 in

275 1083 465 1119 Cameram
484 1081 662 1117 soluendis
680 1099 1226 1109 ·····················
1252 1086 1360 1129 prout
1378 1081 1586 1117 consuetum
1604 1082 1672 1117 fuit
1689 1087 1777 1118 tem-

274 1154 360 1189 pore
378 1140 472 1175 bone
490 1139 663 1175 memorie
682 1138 818 1174 domini
833 1138 1035 1174 Alexandri
1051 1138 1162 1186 Regis
1178 1138 1383 1174 Scottorum
1397 1139 1648 1187 predecessoris
1666 1139 1775 1176 nostri

274 1198 400 1233 vltimo
415 1196 577 1233 defuncti
592 1216 600 1224 ·
622 1196 679 1232 Ita
692 1202 813 1232 tamen
827 1196 924 1243 quod
937 1201 1034 1232 terra
1047 1209 1153 1243 quam
1166 1195 1354 1244 Fergufius
1368 1197 1485 1232 dictus
1497 1196 1663 1233 Demster
1677 1203 1776 1234 tenet

274 1255 405 1291 ibidem
432 1254 643 1303 respondeat
667 1254 783 1290 eidem
801 1254 985 1290 Willelmo
1004 1254 1048 1289 de
1066 1254 1169 1289 firma
1187 1267 1293 1301 quam
1315 1254 1465 1291 reddere
1487 1255 1669 1291 consuevit
1687 1261 1776 1292 tem-

275 1326 362 1361 pore
374 1312 462 1348 dieti
475 1312 610 1347 domini
620 1312 730 1360 Regis
743 1311 944 1347 Alexandri
956 1331 965 1340 ·
986 1311 1198 1348 Tenendam
1211 1319 1247 1348 et
1258 1312 1457 1348 habendam
1470 1313 1585 1348 eidem
1592 1313 1774 1349 Willelmo

275 1376 311 1406 et
331 1370 521 1406 heredibus
542 1370 610 1405 suis
634 1370 678 1406 de
699 1370 802 1406 nobis
820 1375 856 1406 et
874 1369 1064 1406 heredibus
1087 1369 1214 1405 nostris
1234 1370 1448 1406 hereditarie
1470 1371 1515 1406 ad
1538 1371 1774 1407 feodifirmam

274 1428 383 1464 libere
402 1433 437 1463 et
455 1428 573 1475 quiete
591 1428 750 1476 plenarie
765 1433 801 1464 et
819 1428 1015 1464 honorifice
1034 1440 1116 1463 cum
1135 1428 1299 1464 omnibus
1313 1428 1535 1464 libertatibus
1553 1428 1774 1476 ayfiamentis

275 1491 310 1521 et
330 1485 431 1533 justis
456 1486 681 1533 pertinentiis
703 1505 711 1513 ·
733 1505 741 1514 ·
762 1506 770 1514 -
791 1505 800 1514 ·
826 1491 868 1521 ut
892 1486 1094 1534 predictum
1121 1485 1170 1521 est
1188 1505 1197 1514 ·
1224 1491 1260 1521 et
1286 1486 1449 1522 faciendo
1477 1487 1559 1522 inde
1583 1487 1685 1522 nobis
1707 1487 1773 1523 ser-

273 1543 407 1578 uicium
432 1542 589 1578 nostrum
616 1543 776 1579 debitum
795 1548 831 1579 et
849 1543 1058 1579 consuetum
1075 1549 1238 1592 tempore
1257 1543 1342 1579 dicti
1369 1543 1506 1579 domini
1532 1544 1642 1591 Regis
1661 1544 1773 1581 Alex-

275 1600 378 1635 andri
397 1620 404 1628 ·
434 1600 479 1635 In
499 1601 598 1636 cuius
616 1601 668 1636 rei
686 1600 926 1637 testimonium
944 1601 1099 1649 presenti
1117 1606 1213 1637 carte
1226 1601 1343 1637 nostre
1356 1600 1506 1649 figillum
1523 1601 1679 1637 nostrum
1693 1615 1772 1650 pre-

275 1658 431 1705 cepimus
449 1658 579 1706 apponi
598 1677 606 1686 ·
634 1658 796 1694 Testibus
814 1658 961 1695 domino
976 1659 1164 1695 Bernardo
1183 1659 1396 1695 cancellario
1415 1659 1533 1695 nostro
1549 1678 1557 1687 ·
1577 1659 1770 1696 malcolmo

276 1715 406 1751 comite
429 1715 473 1750 de
492 1715 663 1751 Leuenax
681 1735 689 1744 ·
716 1716 884 1753 ,Iohanne
903 1717 947 1752 de
967 1716 1157 1753 Meneteth
1178 1722 1214 1753 et
1235 1717 1381 1764 Nigello
1401 1716 1549 1752 Cambel
1572 1717 1741 1755 militibus
1760 1738 1769 1746 ·

274 1773 370 1820 apud
389 1772 579 1808 Lochbren
596 1774 742 1822 septimo
762 1774 819 1810 die
838 1774 992 1823 Augusti
1009 1788 1104 1811 anno
1122 1775 1225 1822 regni
1242 1774 1350 1810 nostri
1368 1779 1495 1822 quarto
1511 1792 1520 1802 ·

272 1943 381 1981 Carta
399 1945 443 1980 de
463 1945 652 1982 Badenach
671 1966 679 1974 ·

274 2060 455 2096 Robertus
470 2060 539 2097 Dei
559 2062 673 2109 gratia
688 2061 769 2098 Rex
783 2062 989 2099 Scottorum
1008 2065 1173 2101 omnibus
1190 2065 1309 2114 probis
1322 2065 1526 2101 hominibus
1543 2064 1654 2100 totius
1671 2068 1766 2099 terre

273 2118 332 2154 sue
350 2118 497 2155 salutem
512 2138 520 2148 ·
549 2119 672 2155 Sciatis
689 2133 755 2156 nos
773 2120 902 2157 dedisse
916 2121 1112 2159 concessifl'e
1131 2128 1167 2159 et
1181 2123 1245 2160 hae
1263 2122 1415 2172 presenti
1433 2127 1531 2159 carta
1548 2121 1665 2158 nostra
1683 2135 1767 2158 con-
