2066 2780
596 127 915 166 REGISTRUM
942 128 1303 166 MORAVIENSE.
1648 135 1693 174 27

197 230 265 267 suis
286 228 454 278 episcopis
475 227 637 265 (Dm-avie
659 240 725 276 per
745 227 862 263 rectas
889 227 1013 263 divisas
1038 227 1114 262 suas
1141 232 1176 263 et
1202 240 1283 263 cum
1310 228 1473 264 omnibus
1492 230 1592 278 justis
1618 243 1695 278 per-

197 287 347 324 tinencis
374 285 442 321 suis
473 304 482 314 ·
518 291 667 334 excepta
696 290 794 320 terra
823 285 868 321 de
899 285 1108 322 marchinch
1138 298 1244 332 quam
1276 285 1436 321 dedimus
1466 286 1693 334 burgensibus

197 344 321 381 nostris
343 344 387 379 de
407 343 584 391 Inuernys
611 361 621 372 ·
652 348 688 379 et
711 343 867 391 exceptis
890 342 1055 378 omnibus
1077 342 1175 377 tostis
1194 348 1229 378 et
1246 343 1349 378 terris
1368 356 1435 390 que
1454 344 1534 379 date
1551 345 1696 380 fuerunt

196 403 253 439 die
279 402 384 450 hujus
411 399 641 437 conceflionis
666 400 859 435 baronibus
883 400 941 436 vel
967 400 1138 436 militibus
1163 400 1220 436 vel
1247 399 1323 435 aliis
1349 400 1468 448 probis
1493 401 1694 437 hominibus

194 465 290 496 terre
318 459 435 495 nostre
463 459 555 494 infra
583 458 707 493 divisas
734 458 896 506 predicte
924 456 1142 506 prepositure
1166 458 1210 493 de
1235 457 1393 505 Kynmyl
1443 477 1451 485 ·
1479 463 1514 493 et
1542 459 1696 506 exceptis

195 517 359 553 omnibus
382 516 535 565 piscariis
559 515 684 551 nostris
707 521 828 563 preter
845 528 954 565 unam
973 529 1041 562 que
1060 516 1117 551 die
1134 515 1240 563 hujus
1259 471 1486 550 conffeffiyonis
1504 514 1613 563 pofita
1630 516 1699 551 fuit*

195 575 240 611 ad
265 574 404 609 firmam
430 587 496 622 pro
524 573 671 609 dimidia
696 585 815 608 marca
840 572 946 620 quam
973 572 1116 620 quidem
1147 572 1283 620 piscarii
1313 572 1459 607 firmarii
1486 572 1544 608 vel
1574 573 1695 620 thayni

194 631 302 667 nostri
326 632 422 666 dicte
445 629 663 679 prepofiture
686 629 817 665 habere
842 629 1103 665 consueverunt
1134 649 1143 658 ·
1176 629 1233 665 Ita
1253 635 1374 664 tamen
1392 630 1488 677 quod
1506 629 1695 677 burgenses

194 688 302 725 nostri
320 689 364 724 de
379 688 557 736 Inuernys
571 693 607 723 et
624 687 788 722 homines
806 692 991 723 manentes
1008 687 1045 722 in
1065 687 1163 722 tostis
1181 692 1217 722 et
1235 687 1338 722 terris
1355 687 1531 722 baronum
1543 687 1695 723 militum

194 753 229 783 et
258 747 409 782 aliorum
434 746 631 794 proborum
654 745 843 780 hominum
868 744 1071 780 nostrorum
1100 745 1161 792 qui
1188 744 1321 780 feodati
1348 744 1428 780 sunt
1455 744 1548 780 infra
1574 745 1697 780 divisas

194 805 355 853 predicte
378 802 597 852 prepositure
625 803 669 839 de
693 803 867 851 Kynmyli
892 802 1047 838 habeant
1073 801 1286 851 ayfiamenta
1309 802 1446 851 pasture
1473 816 1541 850 que
1567 803 1697 840 habere

193 862 456 898 consueverunt
474 862 510 897 in
529 861 654 897 eadem
671 859 892 909 prepositura
922 880 930 889 ·
969 860 1171 896 Reddendo
1193 860 1295 896 nobis
1314 866 1349 896 et
1366 861 1556 896 heredibus
1573 860 1698 897 nostris

194 920 379 955 annuatim
397 920 520 955 decem
538 919 646 954 libras
666 918 893 954 medietatem
913 917 1043 954 scilicet
1061 918 1105 953 ad
1124 918 1360 966 pentecostem
1383 924 1419 954 et
1439 918 1543 954 aliam
1568 919 1698 955 medie-

195 982 303 1013 tatem
323 978 368 1012 ad
386 977 509 1013 festum
525 977 647 1013 Sancti
661 976 809 1013 martini
822 976 860 1011 in
873 976 1001 1024 hyeme
1019 995 1028 1004 ·
1048 981 1084 1012 et
1101 976 1264 1012 faciendo
1282 976 1495 1012 forinsecum
1513 977 1698 1013 servicium

195 1035 232 1070 in
253 1035 393 1070 auxiliis
411 1040 447 1070 et
465 1034 677 1070 exercitibus
696 1039 731 1070 et
750 1034 827 1069 aliis
845 1047 913 1081 que
932 1034 977 1069 ad
994 1034 1194 1082 predictam
1212 1039 1343 1069 terram
1363 1034 1407 1070 de
1428 1034 1599 1083 Kynmyli
1622 1048 1699 1083 per-

195 1093 311 1128 tinent
339 1112 347 1120 ·
381 1093 502 1135 Quare
525 1092 693 1128 volumus
714 1097 756 1127 ut
778 1092 961 1140 predictus
986 1091 1048 1127 -Α-
1070 1092 1252 1140 episcopus
1271 1091 1500 1128 OEoravienfis
1518 1098 1554 1128 et
1571 1092 1697 1129 succes-

195 1150 287 1186 sores
309 1150 359 1185 sui
379 1150 530 1198 episcopi
548 1149 710 1186 moravie
733 1150 866 1184 dictam
891 1155 1023 1184 terram
1050 1148 1269 1197 prepofiture
1288 1150 1331 1185 de
1352 1150 1535 1198 Kynmyly
1553 1156 1698 1187 teneant

195 1209 232 1243 in
251 1213 463 1256 perpetuum
483 1208 532 1242 ita
549 1207 659 1242 libere
677 1212 713 1242 et
731 1207 849 1254 quiete
867 1205 953 1242 ficut
970 1207 1174 1254 predictum
1192 1206 1241 1242 est
1259 1226 1267 1234 ·
1288 1207 1400 1242 Salvis
1417 1207 1519 1243 nobis
1533 1209 1697 1245 omnibus

194 1265 332 1314 placitis
355 1271 391 1301 et
414 1265 567 1312 querelis
588 1278 657 1312 que
682 1265 725 1311 de
750 1264 847 1299 dicta
869 1269 965 1299 terra
988 1262 1206 1311 prepositure
1228 1264 1271 1299 de
1293 1264 1476 1313 Kynmyly
1494 1270 1529 1300 et
1546 1265 1697 1302 homini-

194 1323 260 1358 bus
283 1323 321 1357 in
344 1323 468 1358 eadem
492 1322 718 1358 manentibus
740 1321 925 1369 potuerint
947 1334 1129 1368 emergere
1150 1340 1158 1349 ·
1178 1326 1298 1369 preter
1316 1334 1357 1356 ea
1375 1335 1443 1369 que
1460 1322 1506 1358 ad
1525 1323 1697 1372 thaynum

194 1381 376 1429 pertinent
403 1399 411 1408 ·
441 1380 498 1416 Ita
524 1380 630 1415 etiam
657 1379 755 1426 quod
780 1378 943 1414 homines
969 1383 1154 1414 manentes
1179 1379 1217 1414 in
1240 1378 1337 1414 dieta
1361 1384 1458 1415 terra
1480 1380 1698 1429 prepositure

196 1438 240 1474 de
262 1438 435 1486 Kynmyli
453 1438 644 1485 sequantur
662 1437 909 1472 molendinum
928 1435 1086 1472 nostrum
1105 1436 1149 1471 de
1169 1435 1347 1485 Inuernys
1365 1455 1374 1465 ·
1399 1435 1477 1485 Ipse
1495 1451 1581 1473 vero
1601 1439 1697 1488 Epis.

197 1509 307 1544 copus
335 1501 370 1531 et
393 1495 599 1531 success'ores
622 1495 673 1530 sui
699 1494 850 1542 episcopi
877 1494 1038 1531 moravie
1061 1493 1171 1541 quieti
1198 1499 1303 1529 erunt
1326 1494 1370 1530 de
1396 1494 1555 1530 multura
1580 1496 1698 1533 danda

197 1553 242 1589 ad
261 1553 467 1588 molendina
483 1552 601 1588 nostra
625 1552 669 1588 de
692 1552 800 1587 domo
821 1552 882 1587 sua
904 1552 1115 1600 propria-de
1142 1551 1326 1600 Kynmyly
1352 1570 1361 1580 ·
1389 1551 1447 1589 Ita
1470 1552 1575 1588 etiam
1600 1555 1697 1601 quod

195 1611 300 1647 liceat
321 1611 452 1646 eisdem
470 1610 639 1658 episcopis
661 1609 823 1646 moravie
846 1609 991 1645 bladum
1019 1609 1115 1657 quod
1142 1609 1346 1657 expendent
1367 1609 1404 1644 in
1425 1611 1570 1658 propria
1587 1611 1695 1648 domo

195 1668 255 1704 sua
273 1668 317 1704 de
338 1668 521 1716 Kynmyly
539 1668 583 1703 ad
602 1668 699 1703 aliud
722 1667 969 1703 molendinum
993 1667 1128 1703 molere
1151 1665 1176 1701 fi
1199 1666 1381 1702 voluerint
1412 1686 1421 1695 ·
1454 1667 1696 1705 Conceflimus

195 1726 302 1762 etiam
329 1726 446 1761 eidem
473 1725 648 1774 Episcopo
675 1730 711 1761 et
732 1725 979 1761 succefl'oribus
1005 1725 1073 1760 suis
1099 1724 1267 1772 episcopis
1293 1725 1454 1761 (Doravie
1480 1730 1522 1761 ut
1548 1726 1592 1762 de
1618 1740 1696 1775 pre-

194 1783 300 1819 dietis
328 1783 451 1819 decem
477 1783 576 1818 libris
601 1796 710 1831 penes
736 1783 769 1818 se
796 1783 975 1819 retineant
999 1781 1143 1830 lingulis
1164 1782 1266 1817 annis
1287 1787 1441 1830 quatuor
1466 1796 1602 1819 marcas
1627 1798 1694 1833 pro

195 1841 340 1877 decimis
357 1854 426 1889 que
445 1854 505 1876 eos
524 1841 739 1888 contingunt
764 1840 808 1876 de
831 1840 1045 1876 molendinis
1064 1840 1107 1875 de
1126 1840 1246 1888 Elgyn
1265 1859 1273 1868 ·
1294 1845 1330 1876 et
1347 1840 1470 1876 decem
1488 1841 1616 1877 solidos
1634 1843 1694 1890 qui

195 1911 255 1934 eos
281 1899 497 1946 contingunt
523 1899 567 1934 de
593 1899 698 1934 terris
721 1898 764 1933 de
785 1898 947 1934 (Dunben
973 1902 1009 1933 et
1030 1898 1074 1933 de
1099 1897 1245 1946 Kelleys
1271 1917 1281 1926 ·
1303 1903 1338 1934 et
1363 1898 1537 1934 sexdecim
1565 1900 1694 1936 solidos

194 1956 255 2004 qui
281 1969 341 1992 eos
367 1957 584 2004 contingunt
610 1956 654 1992 de
685 1956 823 1992 decima
852 1955 1143 1991 molendinorum
1170 1955 1215 1991 de
1241 1955 1432 2004 Dulpotyn
1463 1976 1472 1984 ·
1504 1962 1539 1992 et
1566 1958 1693 2005 viginti

194 2013 321 2049 solidos
339 2014 399 2061 qui
418 2027 478 2049 eos
500 2014 716 2062 contingunt
738 2014 782 2049 de
809 2019 905 2049 terra
930 2013 975 2049 de
998 2013 1143 2049 Loueth
1171 2027 1239 2061 que
1263 2013 1312 2049 est
1337 2014 1512 2050 Johannis
1534 2014 1662 2063 Byseth
1682 2035 1689 2044 ·

194 2076 229 2107 et
258 2071 388 2119 viginti
419 2072 508 2107 duos
538 2072 667 2107 solidos
699 2077 734 2107 et
765 2071 849 2107 οὸὶο
881 2071 1045 2107 denarios
1071 2071 1132 2119 qui
1160 2071 1375 2119 contingunt
1403 2072 1691 2108 archidiaconum

194 2129 452 2165 moraviensem
470 2142 536 2175 pro
556 2129 693 2165 decima
716 2129 1005 2165 molendinorum
1025 2128 1298 2165 constitutorum
1316 2129 1408 2164 infra
1425 2130 1627 2177 parochiam
1647 2130 1690 2166 de

194 2185 327 2235 Forays
346 2205 354 2214 ·
375 2187 419 2222 de
437 2187 564 2234 quibus
581 2187 725 2235 quidem
740 2187 868 2235 viginti
886 2187 1025 2223 duobus
1039 2187 1157 2222 solidis
1175 2192 1211 2222 et
1229 2187 1313 2222 octo
1332 2187 1484 2223 denariis
1502 2187 1589 2222 dieti
1607 2187 1691 2235 epis-

194 2243 273 2291 copi
287 2244 448 2280 OEoravie
463 2258 548 2292 erga
562 2245 746 2280 dominum
762 2244 1051 2281 archidiaconum
1067 2244 1325 2281 moraviensem
1343 2257 1408 2280 nos
1421 2244 1667 2291 acquietabant
1680 2265 1687 2273 ·
