1912 2660
630 139 945 177 REGISTRUM
974 141 1333 178 MORAVIENSE.
1631 150 1702 186 299

212 246 422 288 perpetuum
458 251 524 287 pro
559 238 668 273 salute
704 239 821 273 anime
857 239 1036 286 magnifici
1071 239 1139 274 viri
1174 240 1312 274 domini
1347 240 1486 277 Thome
1520 243 1700 292 Ranulp'ni

211 297 391 345 quondam
421 295 560 331 comitis
591 296 753 332 moravie
784 295 902 330 mariti
933 295 1042 331 nostri
1074 301 1109 331 et
1139 309 1204 343 pro
1235 296 1344 331 salute
1374 298 1491 334 anime
1523 300 1636 336 nostre
1668 309 1703 336 et

211 355 409 390 animarum
426 353 699 401 progenitorum
727 352 930 388 nostrorum
957 353 1130 388 heredum
1157 352 1316 388 affinium
1335 359 1371 389 et
1394 355 1590 392 amicorum
1615 359 1702 394 cele-

212 413 393 448 braturum
407 411 444 446 in
463 409 606 446 ecclefia
617 410 833 447 moraviensi
848 430 856 438 ·
888 410 950 446 Ad
970 410 1072 458 cujus
1090 410 1264 458 capellani
1277 410 1562 448 sustentationem
1581 414 1704 450 damus

211 469 439 505 concedimus
474 474 510 504 et
544 467 755 515 aflignamus
790 473 936 503 centum
970 467 1099 503 solidos
1129 467 1376 515 sterlingorum
1407 469 1516 503 annui
1544 471 1704 507 redditus

210 527 389 575 perpetuis
415 525 635 575 temporibus
662 525 909 573 percipiendos
928 545 936 553 ·
964 525 1132 561 videlicet
1158 525 1290 573 septem
1318 538 1453 560 marcas
1472 526 1515 561 de
1534 526 1644 563 firmis
1668 535 1703 564 et

209 583 521 620 commoditatibus
535 584 735 619 medietatis
746 584 856 619 totius
873 588 968 618 terre
983 581 1123 618 ecclefie
1138 582 1182 618 de
1204 582 1468 630 Abirbrandely
1482 597 1586 631 quam
1601 585 1702 622 habe-

208 655 286 678 mus
304 655 348 678 ex
363 642 571 678 venditione
585 641 714 677 nobilis
731 641 799 677 viri
812 641 947 676 domini
962 641 1132 676 Duncani
1144 640 1283 675 comitis
1298 640 1342 675 de
1357 640 1454 688 Fyffe
1473 641 1574 677 nobis
1592 642 1683 678 facta
1694 663 1702 670 ·

208 713 313 748 quam
330 705 463 735 terram
485 699 603 735 dietus
622 699 753 735 Comes
778 699 817 734 in
844 698 951 734 feodo
979 703 1014 734 et
1041 698 1238 733 hereditate
1264 697 1381 733 tenuit
1406 698 1449 733 ab
1478 699 1647 747 episcopis
1669 706 1703 735 et

208 756 349 794 ecclefia
362 756 575 794 moravienfi
589 776 597 786 ·
618 757 787 793 consensu
806 762 842 792 et
859 756 991 792 affensu
1003 756 1249 804 predictorum
1266 756 1479 791 venerabilis
1506 758 1542 792 in
1563 757 1701 793 Christo

209 815 323 852 Patris
353 829 393 851 ac
421 815 558 851 domini
593 815 729 850 domini
756 815 933 852 Johannis
968 814 1041 850 Dei
1075 814 1190 862 gratia
1225 813 1378 862 episcopi
1406 814 1636 850 moraviensis
1663 829 1702 850 ac

212 874 441 910 dominorum
456 873 581 909 decani
599 878 635 908 et
653 872 800 921 capituli
820 872 974 921 ejusdem
994 872 1039 908 ad
1056 872 1125 907 hoc
1143 870 1393 907 accedentibus
1419 872 1615 919 specialiter
1640 873 1705 908 hac

208 933 251 968 de
270 931 372 967 causa
390 950 398 959 ·
425 944 491 979 pro
510 930 662 978 quadam
681 930 817 965 summa
834 930 985 978 pecunie
1003 943 1109 977 quam
1127 928 1243 965 eidem
1262 929 1409 964 domino
1430 929 1563 965 Comiti
1581 931 1626 966 ad
1652 944 1705 966 re-

208 989 450 1037 demptionem
468 988 541 1024 vite
559 988 618 1024 sue
636 988 681 1023 de
699 988 861 1023 manibus
881 987 1120 1035 Anglicorum
1139 1000 1213 1023 uno
1232 986 1290 1024 die
1313 987 1547 1036 persolvimus
1565 1007 1575 1016 ·
1603 988 1702 1023 dimi-

208 1048 303 1082 diam
321 1060 406 1082 vero
424 1059 580 1082 marcam
598 1045 771 1082 residuam
787 1045 830 1081 de
848 1045 1003 1093 quodam
1022 1058 1143 1080 annuo
1162 1045 1305 1081 redditu
1322 1045 1429 1081 unius
1448 1058 1565 1081 marce
1580 1046 1617 1081 in
1631 1059 1702 1093 quo

209 1105 329 1140 David
347 1105 391 1140 de
412 1103 574 1140 Neucob'
592 1123 601 1132 ·
621 1104 769 1139 heredes
787 1103 838 1138 sui
855 1103 913 1138 vel
930 1101 1090 1150 affignati
1108 1103 1146 1138 in
1163 1109 1374 1151 perpetuum
1401 1102 1504 1138 nobis
1530 1108 1704 1139 tenentur

208 1162 353 1210 obligati
371 1175 436 1210 pro
455 1161 591 1197 duabus
609 1161 788 1209 perticatis
805 1160 967 1208 burgagii
981 1160 1183 1209 jacentibus
1202 1174 1247 1196 ex
1264 1166 1364 1209 parte
1377 1160 1511 1196 boreali
1530 1160 1636 1208 burgi
1658 1161 1701 1196 de

208 1221 327 1268 Elgyn
344 1220 438 1255 inter
456 1225 588 1255 terram
606 1219 788 1266 quondam
805 1218 980 1255 Johannis
999 1218 1130 1266 Dryng
1148 1232 1191 1254 ex
1210 1224 1312 1266 parte
1330 1218 1496 1271 orientali
1514 1224 1550 1254 et
1567 1224 1699 1254 terram

208 1278 316 1313 Bricii
334 1277 465 1313 cifforis
483 1290 528 1312 ex
551 1282 652 1325 parte
679 1276 891 1312 occidentali
917 1289 999 1311 cuin
1026 1276 1147 1311 croftis
1170 1276 1364 1311 earundem
1391 1276 1424 1311 se
1443 1275 1487 1310 ad
1511 1289 1639 1322 aquam
1657 1276 1701 1311 de

207 1336 312 1383 Loss'y
330 1334 604 1371 extendentibus
622 1354 631 1362 ·
650 1347 725 1370 una
741 1347 823 1370 cum
841 1334 926 1369 οᾶὶο
944 1333 1034 1369 acris
1052 1334 1088 1368 in
1112 1332 1331 1381 prepositura
1348 1333 1392 1369 de
1412 1332 1552 1381 Elgyne
1570 1333 1697 1369 eisdem

205 1393 352 1429 annexis
367 1412 375 1421 ·
392 1393 466 1435 Qui
484 1392 626 1439 quidem
649 1392 853 1440 capellanus
876 1391 914 1426 in
938 1390 1079 1427 ecclesia
1097 1390 1311 1428 moraviensi
1333 1389 1421 1426 ficut
1443 1390 1502 1426 alii
1526 1390 1699 1439 capellani

205 1451 248 1486 ab
273 1451 419 1498 antiquo
438 1450 576 1485 fundati
593 1450 754 1485 habitum
778 1449 934 1497 portabit
952 1468 960 1477 ·
984 1454 1021 1484 et
1038 1449 1202 1484 omnibus
1219 1449 1317 1484 horis
1335 1448 1514 1484 canonicis
1538 1449 1699 1485 interess'e

204 1509 384 1544 tenebitur
411 1527 419 1535 ·
439 1513 475 1543 et
492 1508 537 1543 ad
555 1508 665 1543 altare
683 1507 777 1543 beati
796 1507 937 1542 Thome
956 1507 1125 1554 (Dartyris
1143 1506 1275 1543 miffam
1294 1506 1390 1541 suam
1409 1506 1579 1542 continue
1607 1507 1696 1542 cele-

204 1567 307 1601 brare
326 1586 334 1594 ·
365 1570 514 1613 excepto
532 1565 629 1612 quod
648 1565 813 1600 volumus
837 1570 872 1600 et
891 1564 1097 1599 ordinamus
1115 1564 1212 1611 quod
1229 1564 1324 1599 idem
1343 1563 1546 1611 capellanus
1563 1564 1601 1598 in
1619 1577 1701 1611 qua-

203 1624 290 1660 libet
307 1624 500 1672 septimana
515 1623 567 1658 bis
584 1623 622 1658 in
640 1622 775 1671 capella
792 1622 893 1657 beate
911 1622 1025 1658 marie
1043 1621 1204 1669 Virginis
1222 1622 1260 1656 in
1277 1620 1387 1657 castro
1405 1621 1451 1656 ad
1468 1621 1580 1656 altare
1605 1621 1699 1657 beati

202 1682 377 1719 ,Iohannis
389 1680 543 1729 Baptiste
555 1680 710 1716 celebret
723 1680 907 1715 annuatim
927 1699 934 1707 ·
955 1684 990 1714 et
1004 1679 1099 1726 quod
1114 1679 1260 1727 recipiat
1279 1678 1461 1714 dimidiam
1481 1691 1636 1714 marcam
1655 1679 1699 1714 de

202 1752 323 1775 annuo
341 1738 486 1774 redditu
504 1751 621 1773 marce
647 1737 847 1786 supradicte
868 1735 1041 1772 refiduam
1068 1736 1236 1772 videlicet
1253 1742 1326 1771 tres
1343 1735 1471 1771 solidos
1495 1741 1531 1771 et
1547 1742 1701 1783 quatuor

169 1829 172 1832 ,
202 1797 367 1833 denarios
380 1796 425 1832 ad
439 1796 695 1832 inveniendum
714 1808 831 1831 ceram
847 1814 855 1822 ·
874 1807 1002 1843 panem
1021 1799 1057 1830 et
1070 1794 1195 1829 vinum
1212 1807 1278 1842 pro
1297 1793 1399 1829 altari
1414 1793 1507 1828 beati
1524 1793 1698 1830 Johannis

203 1854 355 1904 Baptiste
374 1853 577 1902 supradidto
605 1873 613 1881 ·
642 1858 677 1889 et
695 1858 766 1889 tres
784 1852 912 1888 solidos
936 1857 972 1888 et
989 1856 1144 1899 quatuor
1162 1851 1328 1887 denarios
1351 1864 1417 1899 pro
1444 1851 1570 1886 ceteris
1596 1864 1698 1886 orna-

200 1913 329 1949 mentis
347 1911 502 1961 ejusdem
520 1911 640 1947 altaris
659 1930 667 1939 ·
697 1911 866 1946 Preterea
884 1910 1009 1945 damus
1027 1915 1063 1945 et
1081 1909 1312 1945 concedimus
1329 1922 1393 1957 per
1417 1908 1598 1956 presentes
1625 1922 1698 1944 om-

201 1970 304 2006 nibus
321 1969 501 2006 canonicis
526 1968 667 2005 ecclefie
685 1966 917 2005 (Doravienfis
935 1987 944 1996 ·
963 1967 1103 2015 vicarijs
1122 1986 1130 1995 ·
1150 1967 1341 2015 capellanis
1359 1972 1395 2002 et
1421 1966 1497 2001 aliis
1518 1966 1562 2001 de
1588 1966 1697 2002 choro

201 2028 354 2077 ejusdem
371 2027 592 2076 presentibus
610 2040 675 2075 pro
690 2025 928 2062 anniversario
946 2024 1065 2060 nostro
1083 2023 1226 2073 fingulis
1244 2024 1347 2059 annis
1364 2023 1590 2071 solempniter
1608 2023 1696 2059 cele-

200 2086 335 2121 brando
356 2105 363 2114 ·
392 2092 427 2121 et
445 2085 490 2120 ad
508 2084 764 2120 inveniendum
791 2096 919 2129 panem
946 2095 1062 2118 ceram
1085 2087 1121 2118 et
1138 2082 1261 2117 vinum
1286 2087 1322 2117 et
1345 2087 1463 2117 cetera
1487 2086 1695 2116 ornamenta

201 2144 245 2179 ad
272 2144 370 2179 usum
399 2142 573 2191 capellani
599 2141 708 2178 nostri
725 2141 918 2189 supradicti
944 2141 988 2175 ad
1007 2140 1248 2188 supradictum
1275 2140 1386 2175 altare
1412 2139 1504 2174 beati
1525 2139 1665 2173 Thome
1685 2158 1693 2165 ·
