2060 2660
341 172 410 203 108
740 166 1057 203 REGISTRUM
1087 163 1453 201 MORAVIENSE.

345 266 435 302 drali
462 279 568 314 quam
595 265 697 302 illum
721 267 781 314 qui
804 279 870 314 pro
894 271 1056 313 tempore
1084 264 1192 300 fuerit
1220 262 1412 299 canonicus
1439 261 1483 296 de
1509 260 1633 308 Croyn
1663 280 1671 289 ·
1704 261 1740 296 in
1771 262 1847 297 aliis

345 330 465 360 tamen
493 324 700 360 onerabitur
723 325 862 360 ratione
890 324 986 359 dicte
1012 322 1193 371 prebende
1217 320 1303 356 ficut
1320 319 1379 355 alii
1397 318 1568 366 fimpliees
1586 320 1747 355 canonici
1776 339 1784 348 ·
1812 326 1848 356 et

345 383 465 418 locum
484 382 625 418 habebit
643 382 826 430 predictus
844 381 1025 429 episcopus
1042 380 1078 414 in
1093 378 1249 426 capitulo
1265 382 1300 412 et
1314 376 1453 411 stallum
1468 376 1505 410 in
1519 376 1629 412 choro
1643 377 1847 414 immediate

347 440 423 488 post
449 440 687 476 subdecanum
716 459 724 468 ·
753 440 923 475 Decanus
953 450 1040 473 vero
1067 441 1102 472 et
1132 435 1328 483 capitulum
1359 453 1367 462 ·
1396 434 1454 469 vel
1482 434 1678 482 capitulum
1705 435 1847 471 absente

347 499 482 534 decano
500 498 557 534 vel
575 503 724 534 vacante
743 498 917 532 decanatu
936 515 944 523 ·
963 494 1065 529 nullo
1083 491 1248 540 requifito
1264 511 1272 520 ·
1291 492 1437 540 propria
1452 492 1668 528 auctoritate
1685 493 1847 541 predicte

345 556 525 604 prebende
544 555 707 604 sayfinam
727 554 899 602 recipient
917 565 997 588 cum
1017 550 1197 587 vacaverit
1216 569 1224 578 ·
1250 554 1285 585 et
1304 550 1466 584 omnium
1484 550 1634 585 aliarum
1651 550 1847 598 prebenda-

347 627 427 649 rum
446 614 649 649 vacantium
669 633 676 641 ·
697 612 852 660 exceptis
869 610 1057 659 prebendis
1075 622 1138 657 per
1157 607 1346 643 Andream
1365 608 1626 644 moraviensem
1644 608 1846 657 episcopum

347 671 544 707 constitutis
573 691 581 699 ·
613 683 762 719 quarum
794 668 923 717 sayfina
953 669 1118 715 quotiens
1148 666 1355 701 vacaverint
1385 665 1430 701 ad
1460 665 1661 714 episcopum
1693 667 1847 715 pertine-

346 729 397 764 bit
416 749 424 757 ·
444 729 501 764 vel
515 736 665 765 vacante
679 728 758 764 sede
772 726 958 776 episcopali
976 725 1021 760 ad
1039 724 1234 772 capitulum
1256 743 1264 751 ·
1295 723 1387 759 Item
1406 729 1590 773 receptum
1609 724 1657 760 est
1671 730 1706 760 et
1720 738 1847 774 appro-

346 787 467 822 batum
494 793 535 822 ut
562 787 598 822 in
625 785 766 822 ecclelia
789 784 981 820 cathedrali
1004 782 1260 831 perpetualiter
1277 781 1317 817 fit
1334 781 1554 818 subdecanus
1573 802 1582 811 ·
1602 787 1638 818 et
1655 783 1783 819 habeat
1801 784 1845 819 ad

346 844 440 880 suam
460 844 744 880 sustentationem
763 848 798 878 et
816 842 853 877 in
871 841 1088 890 prebendam
1111 839 1291 876 ecclesiam
1315 840 1360 876 de
1379 840 1517 888 Dolays
1539 841 1682 889 mychel
1713 860 1721 868 ·
1753 841 1847 877 salva

346 902 444 937 (1ίᾶὶο
464 902 637 950 Episcopo
664 901 809 936 dimidia
832 899 990 934 dauacha
1016 904 1111 933 terre
1138 898 1233 946 apud
1259 897 1396 946 Dolays
1420 898 1564 946 (Dychel
1593 917 1601 926 ·
1631 912 1700 946 que
1727 898 1775 934 est
1802 899 1846 934 de

346 960 464 995 mensa
483 959 645 1007 Episcopi
672 978 680 986 ·
708 964 743 993 et
771 957 870 992 salvis
889 956 1144 1005 episcopalibus
1162 956 1200 991 in
1218 956 1343 991 eadem
1362 954 1506 991 ecclefia
1533 975 1541 983 ·
1569 955 1712 992 habebit
1739 957 1845 993 etiam

347 1023 462 1052 totum
482 1017 691 1064 alteragium
711 1014 850 1051 ecclesie
865 1015 908 1050 de
924 1014 1024 1062 Eryn
1039 1034 1048 1042 ·
1064 1027 1146 1049 cum
1165 1014 1257 1049 tofto
1275 1019 1311 1049 et
1328 1014 1444 1049 crofto
1462 1014 1731 1050 subdiaconatui
1748 1013 1847 1063 aflig-

346 1075 436 1110 natis
459 1094 467 1102 ·
495 1074 594 1109 salvis
613 1074 815 1109 diaconatui
834 1073 870 1107 in
889 1077 1102 1121 perpetuum
1121 1071 1287 1108 omnibus
1306 1072 1451 1107 decimis
1468 1072 1659 1119 garbarum
1679 1073 1771 1108 infra
1788 1086 1846 1122 pa-

345 1132 501 1167 rochiam
520 1131 680 1179 predicte
699 1129 840 1166 eeclefie
858 1144 939 1169 cum
958 1130 1095 1179 capella
1113 1130 1158 1165 de
1178 1130 1427 1178 Inuernarryn
1445 1135 1481 1165 et
1498 1129 1602 1178 ipfius
1620 1130 1792 1178 alteragio
1811 1137 1846 1167 et

345 1189 508 1224 omnibus
526 1190 570 1224 ad
589 1189 738 1224 eandem
757 1188 928 1236 capellam
944 1188 1207 1236 pertinentibus
1226 1207 1234 1215 -
1254 1193 1290 1223 et
1304 1188 1405 1223 salvis
1419 1188 1535 1224 eidem
1551 1188 1755 1224 diaconatui
1769 1202 1846 1237 per-

344 1253 452 1295 petuo
470 1247 635 1282 omnibus
653 1247 757 1282 terris
775 1247 820 1282 ad
839 1245 1017 1282 ecclefiam
1037 1246 1081 1282 de
1100 1246 1199 1282 Eren
1217 1246 1478 1294 pertinentibus
1501 1265 1509 1274 ·
1534 1252 1682 1294 excepta
1700 1247 1847 1282 dimidia

343 1305 501 1340 ‹lauacha
530 1311 625 1340 terre
656 1305 751 1353 apud
784 1304 881 1340 Rath
912 1318 981 1352 que
1009 1304 1058 1340 est
1086 1304 1239 1353 episcopi
1265 1303 1497 1341 moravienfis
1523 1310 1559 1340 et
1581 1305 1627 1340 ad
1650 1305 1725 1354 ejus
1748 1318 1846 1341 men-

343 1364 410 1398 sam
426 1363 580 1411 pertinet
596 1383 604 1390 ·
638 1362 867 1398 Subdecanus
881 1376 968 1399 vero
987 1368 1023 1398 et
1040 1362 1249 1398 succefl'ores
1267 1361 1370 1411 ipfius
1388 1375 1513 1398 omnes
1530 1362 1750 1399 tenebuntur
1768 1376 1846 1412 pre-

344 1421 429 1456 stare
441 1421 687 1468 juramentum
707 1420 887 1456 fidelitatis
905 1420 1034 1470 majori
1055 1421 1191 1456 decano
1217 1426 1253 1456 et
1281 1420 1530 1456 succefforibus
1557 1420 1633 1469 ejus
1659 1421 1696 1456 in
1722 1434 1845 1470 perpe-

343 1485 444 1513 tuum
471 1499 479 1506 ·
507 1479 627 1514 nullus
650 1483 770 1514 autem
789 1479 944 1514 decanus
962 1479 1092 1515 habere
1111 1478 1292 1515 tenebitur
1316 1478 1426 1514 alium
1445 1478 1619 1514 vicarium
1641 1478 1679 1513 in
1704 1478 1846 1515 ecclefia

344 1536 535 1571 cathedrali
554 1550 658 1583 quam
678 1537 779 1572 suum
797 1537 1036 1573 subdecanum
1065 1557 1074 1565 ·
1101 1537 1162 1585 qui
1184 1537 1314 1572 scilicet
1333 1536 1552 1572 subdecanus
1570 1536 1751 1572 tenebitur
1768 1536 1846 1573 refi-

344 1594 499 1629 ‹lentiam
528 1594 643 1629 facere
670 1595 708 1629 in
736 1594 878 1630 ecclesia
905 1595 1100 1631 cathedrali
1123 1601 1159 1631 et
1181 1595 1343 1630 sacerdos
1367 1594 1434 1630 effe
1454 1614 1462 1622 ·
1490 1607 1557 1630 nec
1582 1594 1695 1630 abeffe
1713 1595 1845 1643 poterit

345 1650 404 1685 nili
424 1664 505 1686 cum
525 1652 668 1687 evidens
686 1652 821 1687 utilitas
839 1653 893 1688 vel
913 1651 1095 1689 necessitas
1113 1653 1265 1701 exigerit
1282 1653 1394 1701 petita
1418 1658 1454 1688 et
1479 1652 1626 1688 obtenta
1654 1653 1798 1688 licentia
1826 1668 1846 1688 a

345 1709 479 1744 decano
502 1710 558 1744 vel
582 1709 657 1757 ejus
679 1710 774 1745 vices
796 1717 943 1758 gerente
967 1712 1023 1747 vel
1048 1712 1098 1747 eis
1121 1711 1321 1747 absentibus
1345 1724 1367 1746 a
1389 1710 1556 1746 fratribus
1585 1709 1816 1746 relidentibus
1836 1731 1843 1738 ·

345 1767 436 1801 idem
456 1767 560 1802 etiam
581 1767 799 1803 subdecanus
817 1769 996 1805 tenebitur
1015 1770 1145 1806 habere
1164 1770 1201 1805 in
1220 1768 1363 1805 ecclefia
1387 1769 1581 1804 cathedrali
1600 1768 1707 1804 alium
1728 1782 1793 1817 pro
1812 1769 1845 1804 se

344 1824 515 1859 vicarium
544 1824 761 1860 sacerdotem
787 1826 854 1861 suis
881 1826 1059 1875 stipendiis
1082 1827 1322 1863 sustinendum
1340 1827 1522 1862 facturum
1541 1827 1749 1863 continuam
1767 1826 1845 1863 refi-

345 1882 501 1916 ‹lentiam
517 1882 552 1916 in
568 1883 690 1917 eadem
706 1882 847 1919 ecclelia
861 1903 869 1911 ·
882 1897 948 1920 nec
962 1886 1122 1933 presente
1134 1885 1191 1921 vel
1206 1885 1348 1921 absente
1363 1884 1563 1920 subdecano
1581 1885 1676 1920 idem
1692 1885 1845 1921 vicarius

346 1938 449 1987 ipsius
471 1939 582 1975 abess'e
604 1941 737 1987 poterit
758 1940 820 1976 nifi
844 1942 1023 1978 licentiam
1045 1949 1199 1991 urgente
1221 1941 1422 1979 neceffitate
1444 1943 1642 1991 optinuerit
1665 1956 1686 1978 a
1710 1943 1844 1992 majore

347 1997 481 2032 decano
500 1997 557 2032 vel
579 1997 655 2045 ejus
672 1998 767 2033 vices
789 2006 936 2046 gerente
955 2014 998 2036 eo
1017 2001 1157 2037 absente
1176 2001 1233 2037 vel
1252 2001 1301 2036 eis
1319 2000 1520 2036 absentibus
1537 2014 1559 2036 a
1575 2000 1743 2036 fratribus
1767 2000 1844 2037 reli-

345 2054 510 2090 dentibus
539 2074 547 2082 ·
577 2055 613 2090 in
638 2055 736 2091 brevi
764 2062 884 2092 tamen
910 2059 1104 2094 recefl'urus
1123 2078 1131 2086 ·
1161 2059 1254 2095 Item
1273 2063 1457 2107 receptum
1477 2057 1526 2094 est
1550 2063 1585 2094 et
1608 2058 1843 2106 approbatum

345 2112 583 2148 communiter
596 2118 637 2148 ut
651 2113 837 2149 succentor
855 2114 894 2150 fit
911 2115 949 2150 in
967 2116 1090 2152 eadem
1110 2116 1252 2152 ecclefia
1269 2116 1463 2152 cathedrali
1477 2116 1658 2164 perpetuis
1676 2117 1843 2164 tempori-

344 2170 409 2205 lms
428 2189 436 2198 ·
455 2175 491 2205 et
509 2170 636 2206 habeat
655 2171 699 2206 ad
718 2171 812 2206 suam
832 2172 1117 2209 sustentationem
1136 2174 1172 2209 in
1191 2174 1410 2223 prebendam
1435 2172 1613 2210 ecclesiam
1632 2174 1677 2209 de
1696 2174 1845 2210 Fother-

343 2241 428 2275 uays
447 2233 482 2263 et
501 2227 678 2264 ecclesiam
698 2229 742 2264 de
763 2229 973 2266 Ratheuede
1003 2250 1011 2258 ·
1037 2231 1138 2267 salvis
1155 2233 1359 2280 precentori
1378 2237 1414 2268 et
1432 2231 1681 2267 succefl'oribus
1705 2232 1782 2281 ejus
1808 2233 1844 2268 in

343 2291 556 2333 perpetuum
576 2291 730 2333 quatuor
749 2288 875 2323 marcis
893 2289 1021 2324 annuis
1039 2289 1214 2325 solvendis
1232 2290 1360 2326 eisdem
1380 2303 1444 2338 per
1461 2289 1704 2325 succentorem
1725 2295 1760 2325 et
1774 2290 1846 2326 suc-
