2066 2780
358 156 406 192 36
747 154 1060 192 REGISTRUM
1090 152 1453 191 MORAVIENSE.

359 253 529 289 cess'orum
555 253 756 290 nostrorum
776 274 784 282 -
812 252 991 290 ecclefiam
1009 253 1052 288 de
1073 251 1293 300 Kyncardyn
1312 251 1350 286 in
1369 248 1548 296 Strathspe
1574 261 1657 284 cum
1683 248 1849 286 omnibus

358 311 581 358 pertinentiis
598 312 665 347 suis
685 331 692 339 ·
721 317 868 360 excepta
886 324 958 346 una
976 310 1122 345 dimidia
1139 309 1298 344 dauacha
1315 313 1409 343 terre
1427 306 1530 341 nobis
1548 311 1584 341 et
1601 306 1848 343 successoribus

357 368 481 404 nostris
509 370 546 404 in
572 375 783 418 perpetuum
810 369 855 404 ad
883 368 1036 403 inensam
1064 365 1296 414 episcopalem
1322 364 1525 412 pertinente
1553 383 1562 391 ·
1594 364 1772 400 ecclesiam
1804 365 1848 400 de

359 426 564 475 Abyrnithy
590 440 669 462 cum
702 425 865 462 omnibus
895 424 1119 472 pertinentiis
1146 423 1213 458 suis
1241 441 1249 449 ·
1287 421 1380 456 salva
1409 421 1512 456 nobis
1537 426 1574 457 et
1599 421 1846 458 succefforibus

356 483 481 519 nostris
506 497 579 519 una
605 484 750 519 dimidia
776 483 934 518 dauacha
961 487 1055 516 terre
1083 480 1128 515 ad
1159 479 1313 515 mensam
1346 478 1579 527 episcopalem
1607 479 1810 527 pertinente
1838 499 1845 507 ·

357 540 533 576 ecclesiam
569 542 612 577 de
644 541 749 576 Altre
781 553 863 576 cum
894 538 1057 574 omnibus
1085 536 1187 585 justis
1216 536 1441 584 pertinentiis
1476 536 1544 571 suis
1575 556 1584 564 ·
1620 537 1713 572 salva
1746 538 1847 573 nobis

356 604 391 633 et
417 598 665 634 successoribus
693 597 817 633 nostris
844 597 880 631 in
905 601 1117 644 perpetuum
1146 607 1219 629 una
1249 594 1397 629 dimidia
1426 593 1587 630 dauacha
1616 594 1661 629 iid
1692 595 1846 631 mensam

356 654 585 704 episcopalem
612 655 814 703 pertinente
833 674 841 682 -
869 652 1046 689 ecclesiam
1066 652 1109 687 de
1129 651 1267 699 Ewayn
1287 671 1295 679 ·
1324 651 1479 699 exceptis
1503 652 1607 687 terris
1628 652 1721 687 infra
1745 666 1847 700 paro-

355 713 469 748 chiam
496 713 649 761 ejusdem
676 710 816 747 ecclelie
842 711 887 746 ad
913 710 1067 746 mensam
1094 709 1325 757 episcopalem
1350 708 1612 757 pertinentibus
1630 728 1639 738 ·
1668 709 1846 746 ecclesiam

355 771 399 805 (le
419 770 576 805 Breuath
595 783 674 805 cuin
693 770 760 805 suis
778 767 999 817 pertinentiis
1014 787 1022 795 ·
1042 765 1221 803 ecclesiam
1240 767 1284 802 de
1304 766 1465 802 Artildol
1484 779 1566 803 eum
1586 767 1751 803 omnibus
1769 781 1847 816 per-

354 828 511 862 tinentiis
533 828 598 862 suis
617 841 660 862 ex
679 827 775 862 dono
795 826 963 861 Willelmi
982 826 1026 860 de
1045 824 1209 861 moravia
1227 843 1235 851 ·
1264 829 1412 872 excepta
1435 824 1572 873 capella
1589 825 1633 861 de
1653 825 1843 861 Bucharini

354 897 433 920 cum
454 885 520 920 siiis
537 884 758 933 pertinentiis
777 903 785 911 ·
814 889 849 919 et
875 883 968 919 salva
990 882 1093 918 nobis
1111 887 1147 917 et
1165 882 1415 918 successoribus
1433 882 1559 918 nostris
1576 883 1613 917 in
1631 889 1845 931 perpetuum

354 956 424 977 una
442 943 586 978 dimidia
604 942 762 977 daiiaclia
782 947 876 977 terre
893 941 939 976 ad
956 940 1110 976 mensam
1130 940 1362 988 episcopalem
1382 940 1585 988 pertinente
1597 959 1605 968 ·
1633 940 1711 976 Has
1724 946 1845 978 autem

353 1013 475 1035 omnes
501 999 659 1036 ecclosias
686 1013 765 1035 cuni
794 998 958 1035 omnibus
982 998 1049 1033 suis
1076 998 1302 1046 pertinentiis
1328 1003 1436 1046 prout
1467 998 1570 1046 supra
1599 998 1767 1046 scriptum
1798 999 1845 1035 est

353 1057 475 1092 damus
506 1058 732 1093 concedimus
759 1062 794 1093 et
820 1055 1029 1104 assignanius
1055 1056 1092 1091 in
1119 1061 1334 1104 perpetuum
1365 1055 1536 1104 preditffis
1566 1055 1707 1092 ecclesie
1739 1070 1844 1093 cano-

352 1115 438 1150 nicis
465 1115 642 1150 habendas
668 1128 749 1150 cum
777 1114 951 1150 sruffibus
977 1126 1099 1149 earum
1127 1119 1163 1149 et
1188 1113 1421 1162 proventibus
1440 1133 1448 1142 ·
1467 1113 1514 1149 ad
1531 1126 1759 1150 communam
1776 1115 1844 1151 fra-

351 1180 444 1207 trum
476 1171 701 1207 residentium
733 1177 873 1207 tantum
906 1191 913 1199 ·
960 1171 1072 1207 Salvis
1106 1171 1244 1207 tenuris
1279 1184 1403 1207 eorum
1433 1171 1472 1206 in
1500 1171 1575 1207 vita
1605 1172 1665 1207 sua
1694 1172 1755 1219 qui
1786 1186 1843 1208 eas

350 1235 508 1276 tempore
537 1229 772 1264 confeGiionis
802 1228 907 1277 hujus
937 1228 1108 1276 scripture
1130 1228 1215 1277 jure
1242 1235 1418 1277 perpetuo
1446 1227 1665 1276 possidebant
1692 1248 1700 1257 ·
1743 1230 1844 1266 Reti-

349 1292 472 1321 iientes
493 1286 595 1321 nobis
613 1292 648 1322 et
667 1286 914 1322 succefforibus
932 1286 1057 1321 nostris
1076 1286 1241 1322 omnibus
1259 1300 1383 1322 omnes
1406 1292 1518 1322 terras
1539 1287 1786 1335 suprascriptas
1803 1289 1842 1323 in

348 1349 557 1391 perpetuum
577 1357 640 1391 per
658 1344 734 1379 suas
748 1344 863 1379 re&as
878 1344 1001 1380 divisas
1015 1350 1051 1380 et
1064 1357 1145 1380 cuni
1161 1344 1326 1380 omnibus
1340 1344 1565 1393 pertinentiis
1579 1344 1646 1380 suis
1658 1364 1666 1373 ·
1686 1346 1842 1394 exceptis

348 1401 443 1436 tostis
462 1407 497 1436 et
515 1401 635 1437 croftis
653 1402 824 1449 prediGtis
842 1401 993 1438 ecclefiis
1011 1401 1188 1450 assignatis
1202 1403 1258 1438 vel
1273 1401 1485 1450 affignandis
1500 1421 1508 1430 ι
1537 1403 1660 1445 Quare
1674 1403 1841 1439 volumus

349 1465 386 1493 ut
404 1459 565 1506 prodieta
582 1458 723 1494 ecelesia
741 1464 777 1494 et
795 1460 959 1495 canonici
978 1460 1109 1495 Sanete
1128 1460 1315 1496 Trinitatis
1335 1480 1342 1488 -
1370 1473 1439 1508 que
1463 1460 1675 1496 cathedralis
1699 1460 1841 1497 ecclefia

348 1516 465 1551 nostra
483 1516 530 1551 est
549 1535 556 1544 ·
582 1517 760 1563 medietas
784 1516 941 1552 ecclefias
963 1530 1086 1553 omnes
1107 1523 1144 1553 et
1165 1516 1318 1566 fingulas
1335 1523 1444 1566 prout
1460 1518 1618 1566 superius
1635 1518 1775 1567 plenius
1793 1518 1841 1555 est

350 1573 560 1620 descriptum
580 1579 614 1609 et
633 1573 835 1609 distin&um
854 1587 936 1610 cum
954 1575 1119 1611 omnibus
1136 1576 1360 1624 pertinentiis
1378 1576 1445 1611 suis
1462 1576 1501 1611 in
1517 1588 1645 1624 puram
1664 1582 1700 1612 et
1717 1590 1840 1625 perpe-

349 1637 444 1665 tuam
477 1629 697 1665 elemosinam
728 1631 879 1667 habeant
907 1638 942 1667 et
969 1634 1167 1681 percipiant
1195 1633 1285 1669 adeo
1313 1633 1423 1669 libere
1442 1652 1450 1661 ·
1478 1633 1596 1681 quiete
1615 1653 1624 1661 ·
1651 1634 1810 1681 plenarie
1829 1655 1837 1663 ·

349 1688 492 1735 pacifice
517 1693 552 1722 et
576 1688 770 1724 honorifice
792 1688 878 1724 sicut
901 1689 1017 1737 aliqua
1038 1689 1182 1727 ecclefia
1198 1691 1235 1726 in
1253 1689 1392 1739 dyocesi
1409 1690 1527 1726 nostra
1542 1690 1687 1727 liberius
1705 1711 1714 1720 ·
1741 1693 1839 1740 quie-

348 1745 417 1779 tius
439 1751 474 1780 et
496 1745 787 1780 honorificentius
806 1746 849 1781 ab
867 1746 984 1794 aliquo
1002 1748 1152 1784 habetur
1171 1754 1206 1785 et
1222 1747 1416 1797 poffidetur
1433 1767 1443 1777 ·
1470 1747 1576 1786 Salva
1592 1749 1695 1785 nobis
1713 1755 1749 1785 et
1765 1750 1838 1786 suc-

349 1802 536 1838 cefforibus
564 1802 688 1837 nostris
711 1802 959 1851 jurisdietione
985 1807 1157 1842 canonica
1182 1812 1218 1842 et
1244 1806 1497 1855 episcopalibus
1515 1825 1523 1835 ·
1555 1806 1718 1842 Testibus
1744 1806 1838 1844 Her-

348 1861 449 1895 berto
467 1860 592 1896 abbate
610 1860 654 1895 de
675 1860 813 1908 Kynlos
832 1881 841 1890 ·
869 1862 1049 1899 willelmo
1068 1864 1187 1912 priore
1205 1865 1250 1901 de
1271 1865 1467 1901 Hurchard
1489 1884 1498 1893 ·
1536 1865 1692 1914 Symone
1717 1866 1837 1914 priore

349 1918 392 1953 de
412 1917 626 1965 Pluseardyn
645 1937 653 1946 ·
682 1918 789 1954 fratre
808 1919 926 1955 Alano
946 1940 954 1948 ·
982 1921 1142 1958 Waltero
1160 1928 1198 1958 et
1214 1922 1480 1959 Archembaldo
1498 1927 1535 1958 et
1551 1923 1700 1959 Andrea
1721 1924 1837 1972 capel-

348 1975 436 2010 lanis
464 1974 590 2010 nostris
616 1995 624 2003 ·
656 1975 817 2023 magistro
849 1977 1008 2013 Waltero
1039 1979 1083 2015 de
1114 1980 1294 2016 Crauford
1319 2000 1327 2008 ·
1363 1980 1525 2016 Henrico
1555 1980 1600 2016 de
1630 1980 1770 2029 Duglas
1801 1987 1836 2017 et

350 2032 498 2067 Matheo
516 2032 652 2067 clericis
669 2032 794 2068 nostris
808 2052 817 2062 ·
836 2039 872 2069 et
890 2034 966 2070 aliis
980 2055 988 2063 ·
1015 2035 1060 2071 In
1076 2038 1322 2084 premissorum
1340 2050 1427 2073 vero
1445 2037 1589 2073 firmum
1607 2042 1643 2073 et
1660 2038 1836 2074 indubita-

348 2089 416 2124 bile
434 2088 671 2125 testimonium
691 2090 886 2138 presentem
904 2092 1069 2139 paginam
1087 2095 1256 2131 consensu
1269 2100 1305 2131 et
1318 2094 1568 2143 subscriptione
1582 2095 1735 2143 prediffl
1749 2095 1834 2132 cleri

347 2146 452 2182 nostri
470 2159 542 2182 una
559 2160 639 2182 cum
659 2146 873 2195 appositione
890 2147 990 2196 figssli
1009 2150 1115 2186 nostri
1133 2152 1281 2188 fecimus
1297 2152 1513 2188 communiri
1539 2171 1547 2180 ·
1582 2152 1720 2188 Aetum
1738 2165 1834 2189 anno

345 2205 458 2251 gratie
477 2205 750 2241 ·co⁰·cc⁰·xxxix⁰·
769 2205 885 2242 mense
905 2206 1095 2243 Decembri
1114 2210 1313 2256 penult-imo
1332 2210 1389 2246 die
1407 2209 1560 2258 ejusdem
1581 2208 1705 2245 mensis
1725 2230 1732 2238 ·
