2060 2660
261 946 308 979 83

336 157 384 195 5>ss
735 154 1050 191 REGISTRUM
1081 153 1197 190 MOR
1206 152 1445 189 AVIENSE.

338 255 417 302 Ego
438 254 638 290 willelmus
664 254 897 290 cancellarius
921 251 1151 291 moraviensis
1180 272 1188 279 ·
1228 252 1307 299 Ego
1328 250 1543 297 Ranulphus
1569 250 1841 288 archidiaconus

337 310 567 348 moraviensis
592 331 600 339 ·
628 311 709 359 Ego
728 312 905 347 Griffinus
923 309 1153 348 moraviensis
1177 307 1318 344 ecclesie
1344 307 1538 343 canonicus
1565 327 1573 335 -
1607 308 1686 356 Ego
1706 309 1842 346 Willel-

337 382 416 405 mus
435 369 565 417 Agnus
583 370 776 405 canonicus
794 367 1024 406 moraviensis
1047 387 1055 395 ·
1090 368 1168 414 Ego
1188 366 1242 401 ·L·
1263 366 1448 400 succentor
1467 365 1698 402 moraviensis
1724 387 1731 395 -
1760 368 1840 416 Ego

338 427 535 475 Gylbertus
562 427 754 463 canonicus
782 424 1011 463 moraviensis
1035 444 1043 453 ·
1072 425 1151 471 Ego
1179 423 1359 458 Walterus
1387 422 1607 458 subdecanus
1626 443 1634 451 ·
1663 424 1742 472 Ego
1767 425 1841 462 Ro-

338 485 459 521 bertus
477 486 670 521 canonicus
689 486 733 521 de
749 484 898 533 Duppol
913 503 921 511 ·
945 483 1024 530 Ego
1045 482 1212 517 Andreas
1230 481 1382 515 vicarius
1400 481 1444 516 de
1467 480 1642 529 Inuernys
1655 502 1663 510 ·
1685 483 1764 531 Ego
1779 484 1839 519 .R.

337 543 490 579 vicarius
509 543 553 578 de
570 543 683 591 l'etyn
699 562 707 570 ·
729 543 808 590 Ego
830 540 1041 588 Radulphus
1059 539 1211 575 vicarius
1231 538 1274 573 de
1288 537 1395 586 Dyke
1411 557 1419 565 ·
1440 538 1519 586 Ego
1539 539 1674 587 Symon
1688 541 1840 577 vicarius

337 601 395 636 del
418 602 506 648 moy
524 620 532 628 ·
562 600 641 647 Ego
663 600 884 647 Reginaldus
901 598 1053 633 vicarius
1073 597 1116 632 de
1137 595 1333 631 Abirlouer
1353 615 1361 623 ·
1392 595 1470 644 Ego
1491 596 1671 633 Walterus
1689 598 1841 635 vicarius

337 657 479 695 ecclesie
498 658 542 694 de
563 658 738 706 Kynedor
756 656 930 693 subscribo
951 675 959 683 ·

338 830 555 880 Compositio
575 831 620 866 de
638 836 734 866 terra
752 828 892 865 ecclefie
911 829 955 864 de
977 826 1171 863 Hurchard
1191 846 1199 853 ·

335 946 514 984 Omnibus
532 947 595 982 has
613 946 732 981 literas
750 945 874 980 visuris
887 944 944 979 vel
964 943 1139 978 audituris
1159 941 1326 977 Andreas
1344 941 1569 990 permissione
1584 943 1705 979 divina
1723 946 1841 981 (Dora-

335 1003 460 1041 vienfis
487 1005 668 1053 episcopus
692 1009 852 1039 eternam
879 1002 915 1036 in
943 1001 1106 1036 Domino
1133 1000 1281 1035 salutem
1308 1019 1316 1027 ·
1344 999 1529 1036 Noveritis
1561 1000 1713 1037 universi
1739 1003 1840 1038 nobis

334 1062 572 1098 mediantibus
596 1060 827 1097 amicabiliter
851 1059 949 1095 fuiffe
976 1057 1210 1106 compositum
1238 1058 1275 1093 in
1302 1058 1404 1093 causa
1430 1072 1499 1106 que
1520 1059 1727 1095 vertebatur
1747 1060 1841 1097 inter

334 1120 528 1168 capitulum
557 1119 715 1154 nostrum
744 1132 788 1153 ex
818 1131 891 1153 una
921 1122 1022 1165 parte
1057 1122 1093 1152 et
1123 1116 1281 1152 nobilem
1311 1116 1431 1151 virum
1462 1117 1648 1152 dominum
1678 1117 1839 1154 Alanum

337 1177 554 1213 Hostiarium
573 1190 617 1212 ex
635 1177 747 1212 altera
766 1195 774 1204 ·
794 1176 896 1224 super
919 1188 993 1210 una
1019 1174 1166 1210 dimidia
1192 1174 1353 1210 dauacha
1378 1179 1474 1210 terre
1501 1187 1608 1222 quam
1635 1175 1839 1223 predifimm

333 1235 527 1283 capitulum
557 1234 695 1269 dicebat
722 1234 902 1282 pertinere
929 1233 974 1268 ad
1001 1231 1180 1268 ecclesiam
1208 1233 1252 1268 de
1275 1232 1442 1268 Urchard
1469 1252 1477 1260 ·
1505 1246 1574 1280 que
1596 1232 1644 1268 est
1664 1246 1745 1281 pars
1762 1247 1841 1282 pre-

334 1292 447 1328 bende
466 1292 677 1340 pertinentis
695 1292 740 1327 ad
758 1291 1008 1327 cancellariam
1027 1289 1169 1326 ecclesie
1188 1290 1320 1327 Sancte
1339 1290 1528 1326 Trinitatis
1547 1291 1591 1326 de
1611 1290 1731 1339 Elgyn
1750 1311 1758 1320 ·
1778 1292 1839 1327 sub

332 1350 397 1385 hac
415 1350 530 1385 forma
555 1369 562 1377 ·
592 1350 722 1385 scilicet
740 1349 836 1397 quod
854 1349 1058 1397 predictum
1074 1349 1271 1397 capitulum
1289 1354 1325 1385 et
1344 1348 1546 1385 WVillelmus
1564 1354 1652 1385 tunc
1670 1350 1840 1398 temporis

333 1407 563 1443 cancellarius
587 1408 750 1456 p1·edi&e
768 1405 910 1443 ecclesie
930 1407 1062 1443 δειῐιᾶὶθ
1081 1406 1271 1443 Trinitatis
1295 1407 1456 1454 quietum
1483 1407 1649 1443 clamavit
1675 1408 1839 1455 prediGto

333 1465 444 1500 nobili
462 1466 540 1500 viro
560 1465 707 1501 domino
727 1465 849 1501 Alano
870 1465 1052 1501 Hostiario
1080 1465 1248 1501 clamium
1275 1465 1376 1501 suum
1404 1470 1440 1501 et
1465 1470 1583 1501 totum
1604 1466 1665 1513 jus
1688 1466 1785 1513 quod
1807 1466 1839 1501 se

336 1522 475 1558 dicebat
494 1523 623 1558 habere
643 1523 678 1558 in
698 1524 860 1571 predicta
878 1529 975 1559 terra
993 1543 1001 1551 ·
1030 1523 1219 1559 Preditffffis
1237 1536 1324 1559 vero
1344 1523 1486 1559 Alanus
1503 1523 1650 1559 nomine
1669 1523 1764 1571 pacis
1782 1523 1840 1559 de-

336 1580 388 1615 dit
407 1579 548 1616 ecclesie
567 1581 610 1616 de
630 1580 796 1616 Urchard
817 1581 1046 1617 medietatem
1073 1586 1169 1617 terre
1196 1581 1306 1629 petite
1333 1581 1463 1617 scilicet
1489 1580 1671 1616 dimidiam
1694 1581 1839 1617 dimidie

335 1637 493 1673 dauache
508 1651 577 1685 que
596 1639 796 1686 appellatur
823 1639 970 1674 dimidia
996 1639 1157 1675 dauacha
1183 1637 1325 1675 ecclesie
1351 1638 1513 1687 predffite
1539 1639 1577 1674 in
1602 1651 1729 1687 puram
1755 1639 1840 1675 libe-

335 1707 410 1730 ram
430 1700 465 1730 et
482 1701 690 1743 perpetuam
707 1695 930 1732 elemosinam
948 1717 955 1725 ·
976 1697 1025 1732 ita
1043 1703 1164 1733 tamen
1183 1697 1279 1744 quod
1298 1697 1358 1732 ille
1377 1702 1412 1732 et
1430 1696 1579 1732 heredes
1593 1697 1643 1732 sui
1658 1696 1839 1733 habebunt

335 1752 432 1787 illam
451 1753 633 1788 dimidiam
653 1760 790 1802 partem
810 1754 904 1790 illius
923 1756 1068 1791 dimidie
1088 1755 1247 1791 dauache
1271 1755 1316 1790 ad
1339 1754 1576 1790 seodifirmam
1600 1759 1810 1802 perpetuam
1830 1774 1838 1782 ·

335 1810 520 1846 reddendo
552 1811 634 1846 inde
666 1811 807 1847 ecclesie
838 1813 882 1848 de
912 1813 1078 1849 Urchard
1108 1812 1252 1861 singulis
1290 1812 1392 1848 annis
1428 1825 1473 1847 ·x·
1510 1812 1640 1847 solidos
1669 1831 1677 1840 ·
1710 1812 1841 1848 scilicet

335 1867 491 1915 quinque
518 1868 646 1904 solidos
670 1870 714 1904 ad
735 1870 966 1906 Pentecosten
990 1876 1026 1906 et
1052 1871 1209 1919 quinque
1235 1871 1364 1906 solidos
1390 1870 1435 1905 ad
1459 1869 1584 1905 festum
1603 1870 1727 1905 Saneti
1745 1872 1840 1907 (Dar-

335 1925 401 1960 tini
420 1925 457 1960 in
475 1926 601 1974 hyeme
620 1928 781 1975 proxime
800 1928 946 1975 sequens
965 1948 973 1957 ·
1005 1929 1162 1965 Habebit
1180 1934 1300 1964 autem
1318 1928 1482 1977 predi6ta
1500 1926 1643 1963 ecclesia
1661 1928 1705 1963 de
1725 1928 1840 1964 Urch-

336 1983 401 2018 ard
428 1996 541 2019 unum
568 1985 721 2019 crustum
748 1985 946 2033 plenarium
971 1992 1006 2022 et
1032 2000 1146 2022 unum
1168 1987 1299 2022 toftum
1323 1992 1478 2034 quatuor
1504 1999 1668 2021 acrarum
1695 1984 1840 2034 affigna-

336 2047 413 2077 tum
445 2041 560 2076 eidem
590 2041 730 2078 ecclesie
761 2056 872 2091 prope
895 2057 973 2080 eam
1000 2045 1036 2080 in
1063 2045 1143 2081 loco
1172 2058 1335 2092 congruo
1363 2049 1399 2080 et
1425 2043 1643 2092 competenti
1669 2056 1713 2079 ex
1742 2044 1839 2079 dono

337 2099 490 2147 predicffl
509 2099 637 2134 nobilis
655 2100 722 2135 viri
740 2101 776 2136 in
795 2101 941 2137 liberam
961 2115 1086 2149 puram
1112 2108 1147 2138 et
1171 2108 1381 2151 perpetuam
1406 2100 1631 2138 elemosinam
1657 2121 1665 2129 ·
1695 2101 1739 2137 In
1763 2115 1841 2149 pre-

338 2157 517 2192 missorum
539 2163 659 2193 autem
686 2160 828 2194 firmum
857 2165 893 2194 et
919 2160 1152 2196 indubitabile
1175 2160 1416 2196 testimonium
1435 2158 1485 2195 illi
1504 2159 1596 2207 parti
1614 2158 1720 2207 hujus
1738 2159 1841 2208 serip-

338 2220 418 2251 ture
442 2215 480 2250 in
503 2216 650 2251 modum
676 2217 886 2265 cyrographi
913 2218 1076 2253 confecte
1098 2232 1166 2266 que
1185 2224 1347 2254 remanet
1364 2231 1473 2267 penes
1491 2217 1687 2265 capitulum
1705 2217 1841 2265 predic-

338 2278 415 2308 tum
442 2272 637 2321 appositum
666 2273 714 2310 est
739 2272 889 2322 sigillum
914 2276 1067 2323 predicti
1092 2276 1220 2312 nobilis
1239 2277 1306 2313 viri
1326 2275 1462 2312 domini
1482 2274 1592 2311 Alani
1613 2274 1784 2311 Hostiarii
1806 2279 1842 2311 et
