2060 2660
604 152 920 191 REGISTRUM
948 151 1312 188 MORAVIENSE.
1656 152 1702 192 69

211 262 288 292 tero
303 256 347 291 de
366 254 528 292 moravia
557 272 566 280 ·
598 251 809 288 Alexandro
826 249 1036 286 vicecomite
1054 249 1098 284 de
1117 248 1237 296 Elgyn
1260 267 1268 276 ·
1295 248 1456 284 Henrico
1474 249 1584 286 fratre
1602 250 1676 298 ejus
1696 270 1703 278 ·

210 312 370 361 magistro
382 311 533 347 Andrea
546 311 590 346 de
602 309 721 357 Elgyn
740 327 748 336 ·
768 304 814 343 T·
829 307 972 343 rectore
990 304 1131 342 ecclefie
1149 306 1195 341 de
1212 305 1452 340 Lamanbride
1465 324 1473 333 ·
1490 306 1651 342 Roberto
1670 313 1706 343 et

211 369 390 405 Willelmo
409 368 552 404 decanis
569 367 614 403 de
634 367 812 413 Inuernys
830 369 866 401 et
884 364 927 400 de
947 362 1202 411 Strathbolgyn
1227 382 1235 390 ·
1265 362 1458 410 Radulpho
1484 363 1625 399 re6tore
1651 378 1705 399 ec-

208 425 306 462 clefie
325 426 369 461 de
387 425 539 461 Elechin
557 444 566 453 ·
585 429 621 461 et
639 423 760 459 multis
778 423 854 458 aliis
872 441 881 450 ·
905 422 984 469 Ego
1001 421 1168 457 Andreas
1186 417 1416 457 moravienfis
1434 419 1613 467 episcopus
1631 421 1705 456 sub-

207 483 319 519 scribo
334 502 342 511 ·
364 483 443 531 Ego
463 482 640 518 Ricardus
658 485 847 529 precentor
866 476 1096 516 moraviensis
1113 476 1288 513 subscribo
1307 496 1315 504 ·
1336 476 1416 524 Ego
1434 475 1614 512 Henricus
1631 478 1705 513 the-

206 540 379 576 saurarius
397 538 627 577 moravienfis
644 538 818 574 subscribo
838 557 846 565 ·
867 537 946 584 Ego
967 536 1081 583 Hugo
1098 535 1369 571 archidiaconus
1383 532 1613 570 moravienfis
1630 534 1705 569 sub-

206 597 317 633 scribo
336 616 345 625 ·
365 597 446 645 Ego
462 596 582 633 Adam
600 596 819 632 subdecanus
837 592 1067 631 moraviensis
1085 592 1259 629 subscribo
1279 611 1287 620 ·
1308 592 1387 639 Ego
1403 590 1616 626 Lambertus
1634 591 1706 626 suc-

206 660 330 690 centor
354 653 585 691 moraviensis
610 653 785 689 subscribo
805 672 813 680 ·
842 652 921 700 Ego
944 650 1145 687 Willelmus
1168 650 1360 686 canonicus
1382 647 1611 686 moraviensis
1632 648 1706 684 sub-

206 712 317 748 scribo
330 731 338 739 ·
360 711 440 759 Ego
459 711 660 748 Edwardus
678 710 871 746 canonieus
889 706 1121 746 moravienfis
1139 707 1315 743 subscribo
1335 726 1343 734 ·
1363 707 1443 754 Ego
1463 706 1644 742 Robertus
1663 706 1705 741 de

206 769 336 804 Duffus
363 769 555 805 canonicus
578 766 809 806 moravienfis
830 766 1004 802 subscribo
1025 785 1033 794 ·
1062 766 1142 814 Ego
1168 765 1351 801 Robertus
1376 764 1568 800 canonicus
1589 766 1706 800 <Dora—

148 855 153 859 .
206 825 329 862 vienfis
346 826 521 862 subscribo
537 845 545 854 ·

132 1175 179 1209 (53

208 998 368 1033 Donatio
404 997 587 1034 malcolmi
622 997 761 1033 comitis
797 997 841 1032 de
878 996 959 1044 Fyff
989 996 1091 1044 super
1124 996 1208 1044 jure
1243 999 1452 1043 patronatus
1487 992 1627 1029 ecclefie
1663 994 1706 1028 de

208 1054 383 1090 Cromdol
403 1074 411 1082 ·

207 1169 384 1205 Omnibus
410 1169 530 1204 sanGte
556 1168 679 1203 matris
705 1166 847 1204 ecclefie
872 1168 953 1203 filiis
975 1167 1189 1205 malcolmus
1211 1180 1330 1203 comes
1353 1167 1396 1202 de
1419 1165 1481 1201 Fif
1502 1165 1648 1201 salutem
1670 1165 1707 1200 in

207 1226 368 1261 Domino
395 1231 556 1262 eternam
584 1244 592 1253 ·
625 1223 856 1262 Univerfitati
873 1224 985 1261 vestre
1005 1224 1162 1273 fignifico
1181 1238 1238 1260 me
1257 1224 1386 1260 dedisse
1415 1242 1422 1252 ·
1451 1221 1647 1259 conceffiffe
1671 1228 1706 1257 et

205 1284 270 1319 hac
297 1283 451 1331 presenti
479 1288 578 1319 carta
607 1295 687 1318 mea
715 1283 934 1318 confirmasse
960 1283 1043 1318 Deo
1070 1288 1106 1318 et
1133 1282 1301 1330 episcopis
1327 1281 1490 1318 moravie
1516 1281 1554 1315 in
1579 1293 1705 1328 puram

205 1346 240 1375 et
267 1345 476 1388 perpetuam
505 1339 730 1376 elemofinam
753 1340 813 1388 jus
840 1345 1049 1388 patronatus
1077 1338 1218 1375 ecclesie
1241 1339 1285 1374 de
1308 1338 1483 1374 Cromdol
1510 1351 1591 1373 cum
1613 1337 1705 1373 tofto

205 1402 240 1433 et
258 1398 373 1433 crofto
391 1398 480 1434 adeo
498 1397 609 1434 libere
629 1417 637 1426 ·
656 1398 775 1445 quiete
794 1417 802 1425 ·
821 1398 980 1446 plenarie
999 1402 1034 1433 et
1051 1396 1247 1432 honorifice
1265 1394 1352 1432 ficut
1369 1396 1494 1443 aliquis
1511 1395 1572 1443 jus
1589 1400 1707 1443 patro-

205 1460 309 1490 natus
335 1455 373 1490 in
397 1460 474 1491 toto
498 1467 612 1502 regno
640 1455 758 1491 Scotie
782 1455 927 1491 liberius
946 1474 954 1483 ·
977 1454 1130 1502 quietius
1153 1474 1161 1482 ·
1187 1453 1327 1502 plenius
1352 1458 1387 1489 et
1413 1452 1707 1488 honorificentius

205 1511 248 1546 ab
266 1512 385 1558 aliquo
404 1517 548 1547 tenetur
567 1517 602 1547 et
619 1510 812 1559 poffidetur
828 1532 836 1540 ·
856 1511 1019 1547 Testibus
1033 1512 1175 1547 Thoma
1188 1512 1308 1559 priore
1321 1511 1365 1546 de
1379 1510 1546 1547 Urchard
1561 1529 1568 1538 ·
1585 1509 1706 1545 David

205 1568 279 1603 filio
294 1569 434 1604 comitis
449 1588 457 1596 ·
478 1569 621 1604 Thoma
635 1569 679 1604 de
692 1569 798 1604 Blare
813 1589 821 1597 ·
838 1569 919 1605 Elia
933 1570 977 1605 de
993 1569 1252 1617 Kyninemund
1264 1588 1272 1596 ·
1288 1568 1449 1604 Waltero
1464 1568 1508 1603 de
1522 1567 1685 1604 moravia
1697 1586 1704 1594 ·

207 1625 418 1661 Alexandro
437 1626 647 1662 vicecomite
667 1626 711 1662 de
730 1626 850 1675 Elgyn
869 1647 877 1654 ·
899 1626 1061 1662 Henrico
1079 1627 1188 1662 fratre
1207 1626 1282 1675 ejus
1301 1646 1309 1654 ·
1330 1626 1481 1661 Andrea
1498 1625 1543 1660 de
1558 1624 1676 1673 Elgyn
1698 1644 1704 1651 -

208 1683 350 1718 Thoma
367 1684 510 1718 rectore
528 1682 669 1719 ecclefie
688 1684 732 1719 de
750 1683 990 1720 Lamanbride
1017 1704 1026 1712 ·
1055 1684 1217 1720 Roberto
1236 1689 1272 1720 et
1290 1683 1473 1719 Willelmo
1496 1682 1638 1718 decanis
1662 1683 1705 1717 de

207 1740 384 1788 Inuernys
399 1746 434 1776 et
449 1740 493 1776 de
507 1740 778 1789 Strathbolgyn.
794 1741 986 1789 Radulpho
1001 1741 1185 1790 capellano
1199 1741 1341 1777 refiwre
1357 1739 1497 1777 ecclefie
1510 1740 1554 1775 de
1562 1740 1679 1788 Elg'yn
1696 1760 1703 1766 ·

204 1804 239 1833 et
257 1798 378 1833 multis
395 1798 471 1833 aliis
486 1818 493 1825 ·

207 1969 391 2006 Conceffio
410 1969 551 2006 ecclefie
571 1971 615 2006 de
634 1970 794 2006 Artildol
814 1991 821 1998 ·

1219 2053 1239 2061 κ

132 2091 178 2127 64.
206 2082 466 2120 Omnibushoc
481 2085 648 2133 scriptum
664 2085 787 2120 visuris
802 2085 859 2121 vel
876 2078 1051 2121 audituris
1065 2084 1232 2121 Andreas
1249 2084 1473 2134 permistione
1491 2087 1612 2123 divina
1625 2090 1702 2123 (Ὼο-

207 2141 371 2177 ravienfis
390 2143 571 2190 episcopus
589 2148 749 2178 eternam
767 2143 805 2178 in
819 2142 981 2178 Domino
994 2142 1141 2178 salutem
1160 2162 1168 2171 ·
1196 2143 1380 2180 Noveritis
1393 2157 1459 2179 nos
1472 2144 1701 2180 donationem

205 2197 301 2233 illam
327 2212 433 2246 quam
457 2200 659 2235 Willelmus
684 2200 778 2235 filius
801 2199 972 2236 Willelmi
998 2200 1062 2236 fflii
1087 2200 1258 2249 Freskyni
1283 2201 1367 2237 fecit
1389 2201 1471 2237 Deo
1499 2207 1534 2237 et
1560 2200 1699 2237 ecclefie

207 2254 336 2291 Sancte
343 2257 530 2293 Trinitatis
543 2258 587 2293 de
595 2258 715 2305 Spyny
722 2262 757 2293 et
767 2257 962 2305 [collegio]
973 2258 1227 2294 canonicorum
1235 2258 1317 2294 Deo
1329 2259 1459 2295 ibidem
1473 2259 1696 2295 servientium
