2060 2660
136 1076 244 1112 Carta
262 1074 410 1111 Ricardi
427 1074 579 1123 episcopi
597 1073 827 1111 moravienfis
849 1075 953 1123 super
976 1075 1218 1111 infeodatione
1242 1080 1418 1111 terrarum
1443 1076 1487 1111 de
1506 1075 1609 1124 Logy
1625 1096 1632 1103 ·

134 1139 169 1168 et
187 1134 220 1169 le
239 1133 367 1180 Ermyt
385 1131 498 1181 dykys
517 1151 525 1160 ·
544 1132 637 1167 infra
653 1132 837 1168 baroniam
858 1133 902 1168 de
921 1132 1053 1168 Duffus
1072 1152 1080 1160 ·

41 1251 105 1286 119
134 1247 309 1283 Ricardus
328 1247 400 1283 Dei
417 1247 533 1295 gratia
550 1247 732 1296 episcopus
746 1246 978 1283 moraviensis
992 1247 1157 1282 omnibus
1171 1248 1291 1295 probis
1305 1248 1507 1284 hominibus
1521 1250 1631 1285 totius

132 1305 350 1354 episcopatus
368 1305 419 1341 sui
437 1305 573 1341 clericis
592 1310 628 1340 et
646 1305 743 1340 laicis
760 1304 906 1340 salutem
922 1310 958 1340 et
973 1305 1262 1340 benedictionem
1281 1325 1289 1333 ·
1320 1305 1440 1341 Sciant
1453 1307 1630 1354 presentes

130 1368 165 1398 et
182 1363 294 1398 futuri
312 1376 378 1398 nos
396 1361 593 1398 conceffiss'e
611 1368 648 1398 et
665 1363 731 1397 hae
748 1367 846 1398 carta
863 1362 981 1398 nostra
998 1362 1217 1398 confirmasse
1236 1362 1417 1398 Willelmo
1439 1364 1513 1399 filio
1532 1364 1629 1400 Fres-

128 1419 214 1468 kyni
237 1426 273 1456 et
296 1420 486 1456 heredibus
503 1420 571 1455 suis
590 1419 848 1467 Logynauedal
871 1425 907 1455 et
930 1420 963 1456 le
985 1419 1219 1468 Logyndykis
1237 1433 1318 1456 cum
1338 1421 1503 1457 omnibus
1526 1422 1629 1457 terris

128 1491 196 1525 que
215 1477 304 1526 [ad]
323 1478 504 1526 predictos
521 1477 620 1513 locos
631 1476 724 1526 juste
741 1478 923 1525 pertinent
942 1497 950 1505 ·
969 1478 1141 1513 tenendas
1158 1477 1219 1513 fibi
1237 1483 1273 1513 et
1290 1477 1479 1514 heredibus
1496 1479 1564 1514 suis
1582 1480 1627 1514 de

128 1535 230 1570 nobis
252 1541 288 1570 et
311 1535 559 1571 successoribus
577 1534 702 1570 nostris
720 1535 830 1570 libere
849 1540 884 1571 et
901 1535 1020 1582 quiete
1038 1535 1082 1570 ab
1100 1536 1199 1570 omni
1216 1535 1358 1571 servitio
1384 1541 1420 1571 et
1443 1536 1627 1572 consuetu-

128 1593 211 1628 dine
230 1605 299 1639 que
317 1592 362 1627 ad
380 1605 446 1627 nos
464 1592 646 1640 pertinent
664 1611 673 1620 ·
701 1592 885 1628 reddendo
904 1593 1088 1628 annuatim
1106 1592 1209 1628 nobis
1228 1598 1264 1628 et
1285 1592 1533 1629 successoribus
1551 1594 1627 1629 nos-

127 1650 190 1684 tris
206 1662 315 1685 unam
333 1655 471 1698 petram
490 1663 571 1686 cere
589 1650 635 1685 ad
652 1649 775 1685 festum
796 1650 919 1686 Sancti
938 1650 1082 1685 Patricii
1101 1669 1109 1678 ·
1139 1650 1263 1686 Preter
1281 1650 1346 1686 hec
1364 1651 1469 1686 etiam
1489 1652 1626 1687 conces-

126 1705 230 1742 fimus
256 1713 293 1742 et
320 1707 385 1742 hac
410 1707 535 1743 eadem
558 1713 657 1743 carta
679 1707 969 1743 confirmavimus
1000 1708 1083 1743 Deo
1107 1713 1144 1743 et
1167 1706 1308 1743 ecclesie
1338 1707 1432 1743 beati
1459 1708 1556 1744 Petri
1581 1709 1624 1744 de

128 1763 287 1800 Duffhus
312 1769 349 1800 et
374 1764 524 1800 Andree
550 1764 699 1813 persone
725 1765 855 1800 clerico
881 1764 1001 1801 nostro
1029 1771 1065 1801 et
1087 1765 1163 1801 filio
1185 1765 1247 1801 suo
1269 1765 1444 1814 plenarias
1471 1766 1624 1802 decimas

122 1821 280 1870 ejusdem
297 1827 394 1858 terre
411 1822 449 1857 in
467 1828 676 1871 perpetuam
694 1823 850 1858 caritatis
868 1821 1094 1858 elemosinam
1116 1842 1125 1851 ·
1151 1821 1238 1858 ficut
1259 1828 1357 1859 carta
1373 1823 1624 1871 predecessoris

127 1878 234 1914 nostri
261 1879 426 1928 Symonis
454 1879 600 1915 testatur
618 1899 627 1908 ·
655 1879 818 1916 Testibus
843 1879 1008 1928 magistro
1036 1880 1096 1916 ·R·
1121 1880 1372 1916 archidiacono
1391 1900 1399 1908 ·
1427 1880 1621 1917 Lamberto

127 1937 308 1985 capellano
327 1957 335 1965 ·
355 1937 475 1973 Bricio
494 1937 630 1973 decano
649 1957 658 1965 ·
681 1937 841 1986 Hugone
860 1957 868 1965 -
890 1937 1052 1974 Henrico
1071 1938 1208 1974 clericis
1227 1958 1236 1966 ·
1261 1938 1409 1986 Rogero
1432 1938 1476 1974 de
1495 1938 1621 1975 Inuer-

126 2006 188 2041 nys
206 2014 214 2022 ·
235 1994 416 2031 Willelmo
435 1995 509 2031 filio
528 1995 697 2043 VVysman
716 2015 724 2022 ·
746 1995 948 2043 Augustino
967 1996 1011 2032 de
1030 1995 1150 2044 Elgyn
1163 2015 1172 2023 ·
