1980 2758
216 523 238 542 0

220 544 237 553 α,

272 199 294 229 4
670 186 983 226 REGISTRUM
1012 181 1374 222 MORAVIENSE.

278 407 335 442 De
354 406 498 441 decimis
516 404 733 453 episcopatus
754 423 760 430 ·

275 521 343 555 ·W·
371 521 451 556 Rex
476 520 680 556 Scottorum
707 517 874 565 episcopis
899 534 907 542 ·
932 512 1115 549 abbatibus
1140 530 1148 538 ·
1173 509 1362 546 comitibus
1387 528 1395 536 ·
1420 508 1613 544 baronibus
1638 527 1646 536 ·
1665 509 1764 558 justi-

274 578 389 626 ciarijs
401 598 409 605 ·
423 576 688 613 vicecomitibus
701 594 707 602 ·
724 580 759 609 et
773 573 936 609 omnibus
948 571 1067 620 probis
1077 568 1280 605 hominibus
1291 566 1405 603 tocius
1418 571 1512 602 terre
1524 566 1583 602 sue
1594 566 1742 603 salutem
1756 588 1764 595 ·

275 636 394 671 Sciant
415 635 590 683 presentes
617 639 651 669 et
677 631 787 667 futuri
811 644 867 666 me
890 629 1017 665 dedisse
1041 633 1076 663 et
1100 624 1296 662 conceffiffe
1321 629 1357 660 et
1379 624 1445 660 hac
1469 630 1568 660 carta
1588 638 1668 661 mea
1685 638 1768 661 con-

273 693 420 728 firmasse
448 693 529 728 Deo
556 698 590 727 et
616 688 756 726 ecclesie
779 689 905 724 Sancte
924 685 1111 722 Trinitatis
1134 684 1177 720 de
1199 683 1401 731 episcopatu
1420 681 1634 719 moravienfi
1652 688 1688 719 et
1707 683 1768 718 do-

274 750 370 785 mino
392 750 527 785 Simoni
552 749 711 797 episcopo
738 746 902 781 Moravie
927 750 962 780 et
985 741 1233 779 successoribus
1257 741 1325 776 suis
1346 740 1384 775 in
1407 739 1556 776 liberam
1582 746 1618 776 et
1644 754 1767 790 perpe-

273 814 370 843 tuam
386 806 606 843 elemosinam
624 825 632 833 ·
648 819 712 854 pro
726 803 908 839 animabus
926 801 1182 837 antecessorum
1201 811 1365 834 meorum
1383 803 1419 834 et
1435 811 1501 846 pro
1520 798 1630 834 salute
1648 800 1766 835 anime

273 878 350 900 mee
378 884 386 892 ·
415 865 587 900 decimam
614 876 727 898 meam
755 862 798 897 de
822 859 1017 896 redditibus
1042 858 1129 893 meis
1149 858 1188 892 in
1207 856 1376 892 Moravia
1398 861 1434 891 et
1456 856 1500 891 de
1521 856 1659 904 placitis
1680 859 1767 893 meis

272 936 335 970 per
353 927 468 957 totum
487 922 721 969 episcopatum
743 917 1003 954 Moraviensem
1032 935 1040 944 ·
1069 916 1113 951 de
1135 914 1331 951 redditibus
1349 914 1437 950 meis
1454 913 1585 950 scilicet
1608 914 1651 950 de
1676 928 1766 951 cano

272 993 352 1015 meo
380 999 387 1007 ·
417 980 460 1015 de
479 979 592 1014 vaccis
610 984 645 1014 et
663 977 778 1026 porcis
806 996 813 1003 ·
847 976 890 1011 de
908 975 1089 1010 frumento
1109 979 1144 1009 et
1161 972 1283 1008 braseo
1310 992 1318 1000 ·
1351 977 1387 1007 et
1412 971 1595 1020 prebenda
1622 991 1630 1000 ·
1663 979 1698 1008 et
1723 973 1767 1008 de

272 1037 368 1072 caseo
396 1042 431 1072 et
456 1037 574 1072 butiro
602 1056 609 1063 ·
638 1035 733 1083 quod
759 1033 989 1069 anteeeffores
1015 1031 1085 1067 mei
1111 1044 1187 1066 non
1213 1030 1392 1066 dederunt
1412 1043 1480 1065 nec
1503 1028 1767 1078 assignaverunt

271 1095 314 1130 ad
340 1093 498 1130 ecclesias
521 1094 605 1129 alias
640 1113 648 1121 ·
686 1093 807 1135 Quare
831 1090 987 1139 precipio
1005 1089 1155 1125 firmiter
1178 1088 1317 1124 ballivis
1335 1087 1423 1124 meis
1441 1087 1485 1123 de
1506 1086 1673 1124 Moravia
1692 1108 1699 1116 ·
1726 1095 1765 1124 ut

273 1151 331 1200 ipsi
356 1151 426 1188 sine
451 1151 701 1187 disturbatione
725 1149 855 1185 faciant
876 1148 1022 1184 domino
1042 1146 1178 1182 Simoni
1197 1146 1359 1194 episcopo
1378 1151 1414 1181 et
1430 1145 1680 1181 successoribus
1698 1146 1766 1182 suis

271 1208 413 1257 singulis
430 1209 531 1244 annis
549 1208 705 1257 plenarie
721 1213 755 1242 et
774 1207 911 1254 integre
925 1206 1055 1241 habere
1073 1204 1271 1253 predictam
1285 1204 1459 1240 decimam
1475 1223 1482 1230 ·
1503 1202 1588 1239 ficut
1606 1204 1765 1252 superius

268 1268 302 1301 in
326 1272 422 1302 carta
439 1266 500 1302 ista
518 1266 791 1302 determinatum
817 1263 864 1299 est
898 1284 906 1292 ·
943 1262 1106 1299 Testibus
1126 1261 1293 1298 Mattheo
1313 1261 1476 1310 episcopo
1496 1261 1539 1297 de
1560 1261 1735 1298 Aberdon
1755 1282 1762 1290 ·

269 1325 417 1359 Andrea
434 1324 594 1372 episcopo
614 1324 657 1358 de
679 1322 836 1358 Katenes
851 1341 859 1349 ·
875 1321 1042 1357 samsone
1056 1320 1218 1369 episcopo
1238 1320 1282 1355 de
1298 1319 1454 1356 Brechin
1469 1339 1477 1347 ·
1493 1319 1623 1355 comite
1638 1320 1763 1356 Dune-

267 1395 354 1417 cano
370 1402 377 1409 -
400 1382 554 1417 Ricardo
574 1381 706 1417 Cumin
722 1400 729 1408 ·
752 1380 913 1415 Roberto
932 1379 976 1415 de
996 1378 1156 1414 Lundon
1170 1398 1178 1406 ·
1200 1377 1370 1414 Radulffo
1384 1377 1474 1414 Veir
1489 1397 1496 1405 ·
1518 1377 1700 1413 Willelmo
1719 1378 1763 1413 de

270 1439 428 1475 Lindesei
449 1459 456 1466 ·
478 1439 634 1475 Waltero
654 1439 697 1474 de
713 1437 896 1474 Berchelai
913 1457 920 1465 ·
943 1437 1104 1484 Hugone
1119 1436 1249 1473 clerico
1265 1456 1272 1463 ·
1295 1435 1453 1471 Ricardo
1472 1436 1602 1472 clerico
1622 1455 1629 1463 ·
1652 1436 1763 1486 Apud

269 1497 422 1532 Munros
441 1516 448 1524 ·

272 1670 340 1705 Pro
359 1669 523 1706 Johanne
542 1670 688 1705 eremita
700 1689 708 1696 ·

270 1784 338 1819 ·W·
366 1784 446 1820 Rex
467 1784 671 1820 Scottorum
696 1785 863 1833 episcopis
890 1804 897 1812 ·
921 1783 1104 1820 abbatibus
1131 1803 1139 1811 ·
1168 1781 1358 1820 comitibus
1385 1802 1393 1810 ·
1420 1783 1613 1819 baronibus
1636 1803 1643 1811 ·
1666 1784 1763 1832 justi-

270 1841 385 1890 ciarijs
397 1861 405 1869 ·
420 1842 685 1878 vicecomitibus
697 1862 705 1870 ·
721 1848 756 1878 et
768 1842 931 1878 omnibus
945 1842 1064 1890 probis
1075 1841 1279 1877 hominibus
1289 1841 1405 1877 tocius
1416 1847 1511 1877 terre
1523 1841 1582 1877 sue
1593 1841 1740 1877 salutem
1754 1861 1762 1870 ·

272 1900 395 1936 Sciatis
413 1912 469 1935 me
487 1898 682 1936 conceffiffe
701 1906 736 1935 et
754 1900 819 1935 hac
838 1905 934 1935 carta
952 1913 1030 1936 mea
1048 1899 1267 1935 confirmass'e
1285 1899 1444 1936 Johanni
1462 1899 1636 1935 heremite
1654 1900 1763 1935 dona-

271 1958 403 1993 tionem
431 1970 535 2004 quam
566 1957 688 1993 Simon
715 1958 895 2006 episcopus
921 1956 1150 1994 moraviensis
1176 1958 1209 1993 ei
1235 1963 1365 2006 rogatu
1388 1971 1469 1993 meo
1494 1957 1578 1993 fecit
1601 1976 1609 1985 ·
1633 1957 1763 1993 scilicet

272 2014 418 2050 insulam
436 2028 504 2062 que
518 2015 567 2051 est
583 2015 620 2050 in
638 2015 716 2051 lacu
736 2016 779 2051 de
798 2015 945 2051 Lunnin
959 2029 1001 2052 ex
1021 2021 1121 2064 parte
1139 2015 1305 2052 orientali
1324 2035 1332 2044 ·
1352 2020 1389 2052 et
1407 2015 1589 2051 dimidiam
1603 2028 1763 2051 carruca-

272 2078 343 2107 tam
368 2078 462 2108 terre
484 2073 521 2108 in
544 2073 758 2108 Duldauach
795 2093 803 2101 ·
836 2074 958 2116 Quare
984 2074 1067 2109 volo
1094 2079 1129 2110 et
1155 2074 1306 2110 firmiter
1331 2074 1489 2122 precipio
1513 2078 1554 2109 ut
1579 2073 1763 2122 predifflms

271 2129 454 2166 Johannes
471 2144 577 2178 quam
595 2131 656 2166 diu
675 2131 803 2166 vixerit
834 2151 842 2159 ·
874 2131 922 2167 ita
945 2131 1054 2167 libere
1078 2138 1113 2167 et
1133 2132 1253 2180 quiete
1275 2137 1311 2168 et
1337 2130 1408 2167 fine
1430 2131 1620 2167 vexatione
1643 2136 1763 2167 teneat

272 2187 469 2234 predictam
487 2194 618 2224 terram
637 2187 722 2224 sicut
739 2195 837 2224 carta
851 2187 952 2237 ipsius
969 2189 1130 2238 Episcopi
1148 2190 1293 2226 testatur
1312 2195 1348 2226 et
1365 2189 1554 2226 confirmat
1572 2207 1580 2216 ·
1601 2188 1764 2224 Testibus

273 2244 438 2281 Mattheo
462 2246 622 2294 episcopo
647 2246 691 2282 de
716 2246 891 2282 Aberdon
910 2266 917 2274 ·
943 2246 1093 2283 Andrea
1118 2248 1280 2297 episcopo
1304 2248 1348 2284 de
1375 2247 1533 2283 Katenes
1552 2266 1560 2275 ·
1581 2246 1763 2295 Gregorio

273 2302 432 2351 episcopo
452 2303 495 2339 de
511 2303 586 2340 Ros
601 2323 609 2332 ·
624 2304 754 2340 comite
770 2304 945 2341 Waldeuo
961 2324 969 2332 ·
984 2306 1113 2341 comite
1128 2306 1309 2342 Duncano
1325 2326 1333 2334 ·
1355 2305 1513 2341 Ricardo
1532 2305 1576 2341 de
1593 2304 1762 2342 moreuill
