1912 2660
85 100 256 124 mamm-H.
783 84 1159 121 MORAVIENSIS.
1638 92 1708 124 441

225 185 500 216 INNERLOCHTHE
517 190 634 212 MAJOR
650 180 755 221 solvefi
768 181 803 212 in
814 192 899 212 anno
911 181 968 212 xiii
979 181 1034 212 lib.
1050 181 1084 212 vi
1096 184 1120 212 ἒ.
1138 181 1195 212 viii
1206 182 1236 212 d.
1253 182 1354 220 firme,
1368 193 1465 213 unam
1475 188 1622 221 martam,
1633 195 1711 226 qua-

226 241 298 266 tuor
309 238 466 269 mutones,
477 231 534 262 viii
546 242 655 272 agnOS,
668 231 724 262 viii
736 243 842 268 aucas,
856 237 928 262 octo
940 232 1103 262 duodenas
1117 242 1284 273 caponum,
1298 244 1412 263 novem
1424 233 1523 264 bollas
1538 245 1710 265 avenarum

225 297 298 316 cum
314 283 439 326 pabulo,
461 288 493 313 et
508 282 553 312 xii
569 282 669 313 bollas
687 283 776 313 ordei
794 283 828 313 in
849 283 939 313 arida
954 282 1113 318 multura;
1133 282 1172 313 de
1187 283 1302 323 quibus
1318 283 1423 313 solvefi
1439 294 1495 324 per
1510 284 1708 325 capellanum

224 336 263 367 de
279 333 505 366 Innerlochthe
523 333 584 363 due
601 333 683 363 bolle
699 338 731 363 et
749 344 812 363 una
827 333 951 369 firlota3
976 344 1049 363 cum
1064 332 1230 373 greffuma,
1248 338 1279 364 et
1293 332 1434 373 servicijs
1449 333 1613 365 consuetis.

349 384 489 415 Jacobus
506 383 683 414 Runfiman
728 388 843 425 quarta
858 395 931 425 pars
947 389 979 414 et
994 384 1082 414 xxxii
1098 394 1171 426 pars

348 434 477 465 Relicta
492 434 606 465 Jacobi
623 434 759 475 Trowpe
803 434 860 465 viii
875 446 948 476 pars

350 485 493 516 Joannes
507 485 634 516 Junkin
646 484 759 526 junior
802 485 859 516 viii
874 497 947 527 pars

350 536 494 567 Iffobella
510 535 628 566 Jowall
672 536 717 566 xii
732 547 806 577 pars

349 586 533 617 Willelmus
549 586 726 617 Runfiman
771 586 817 617 xii
832 597 906 628 pars

348 637 513 668 Johannes
528 637 664 679 Junkyn
681 637 783 668 senior
827 637 872 667 xii
887 647 960 678 pars

347 687 476 718 Relicta
491 688 656 719 Wilhelmi
672 688 748 729 Hay
792 687 848 718 viii
864 699 937 729 pars

348 738 532 769 Willelmus
550 739 646 780 Wyat
690 739 745 769 xvi
760 750 833 780 pars

216 840 466 871 MOLENDmUM
483 850 641 872 EJUSDEM
658 851 732 871 cum
747 839 928 871 owtsukkin
942 839 1049 870 solvefi
1066 839 1099 870 in
1117 850 1202 870 anno
1217 839 1274 870 xiii
1290 842 1315 869 ἔ.
1335 837 1381 880 iiij
1399 838 1429 869 d.
1452 838 1543 869 firme
1559 842 1590 869 et
1606 849 1705 869 unum

216 901 329 933 aprum
345 890 470 933 pastum
486 902 560 921 cum
576 891 799 922 sustentatione
815 890 990 921 molendini
1005 890 1039 921 iu
1055 890 1195 931 fingulis.

345 942 487 973 Jacobus
504 942 680 972 Runfiman
725 947 790 973 tres
806 947 911 984 partes

345 993 487 1023 Joannes
502 993 523 1024 J
528 993 639 1034 unkyn
651 993 763 1034 junior
807 997 920 1034 quarta
935 1003 1009 1034 pars

215 1093 493 1124 INNEnLOCHTflE
510 1104 627 1125 Minon
643 1094 749 1124 solvefi
761 1094 794 1124 in
806 1105 891 1124 anno
906 1093 939 1124 vi
950 1094 1005 1125 lib.
1021 1093 1078 1124 xiii
1092 1096 1117 1124 Ξ.
1133 1093 1178 1135 iiij
1193 1093 1223 1124 d.
1239 1092 1340 1130 firme,
1355 1103 1452 1123 unam
1464 1096 1610 1128 martam,
1624 1091 1702 1122 duos

214 1149 371 1182 mutones,
386 1145 465 1175 duos
477 1156 587 1185 agnos,
601 1150 665 1175 tres
679 1145 841 1175 duodenas
857 1155 1027 1186 caponum,
1045 1149 1181 1186 quatuor
1196 1155 1301 1181 aucas,
1312 1143 1391 1174 duas
1403 1142 1504 1174 bollas
1515 1153 1700 1179 avenarum,

212 1194 264 1226 sex
279 1195 381 1227 bollas
396 1195 485 1226 ordei
501 1196 534 1225 in
550 1195 640 1226 arida
656 1196 808 1233 multura,
825 1196 983 1237 greffuma
997 1201 1135 1233 tantum,
1152 1206 1226 1226 cum
1241 1194 1390 1235 servicijs.

343 1246 478 1287 Egidius
496 1246 572 1277 Scot
616 1247 673 1277 viii
689 1258 761 1288 pars

344 1297 527 1327 Willelmus
545 1297 715 1338 Schiphird
758 1297 814 1328 viii
831 1302 862 1328 et
876 1298 931 1329 xvi
946 1302 1051 1338 partes

341 1348 469 1378 Relicta
484 1348 597 1378 Jacobi
613 1348 687 1378 Mill
734 1348 789 1379 viii
805 1360 888 1390 pars.
933 1349 951 1379 J
957 1349 1099 1379 ohannes
1113 1348 1133 1379 J
1137 1347 1249 1389 unkyn
1261 1347 1372 1389 junior
1388 1347 1457 1388 ejus
1472 1347 1687 1377 cautionarius

340 1398 505 1429 Johannes
521 1398 657 1439 Junkyn
669 1398 781 1440 junior
825 1400 880 1430 xvi
896 1411 967 1441 pars

341 1449 489 1479 Andreas
506 1450 681 1480 Murdocht
726 1450 782 1480 viii
798 1461 871 1491 pars

340 1500 526 1530 Anthonius
543 1500 648 1531 Nicoll
693 1500 749 1530 viii
765 1512 838 1542 pars

338 1550 479 1581 Jacobus
495 1551 581 1581 Cant
625 1550 682 1581 viii
697 1562 771 1593 pars

338 1601 480 1632 Jacobus
497 1601 671 1643 Schiphird
714 1602 772 1633 viii
786 1613 859 1644 pars

208 1703 458 1733 MoLENDINUM
481 1708 705 1744 nuncupatum
721 1705 770 1735 the
789 1704 943 1734 Walkmz'll
962 1702 1069 1734 solves]
1085 1702 1119 1733 in
1135 1713 1219 1733 anno
1235 1702 1282 1732 liii
1295 1705 1318 1732 ἕ.
1335 1701 1380 1743 iiij
1395 1701 1425 1732 d.
1450 1711 1523 1732 cum
1545 1699 1696 1731 sustenta-

204 1753 291 1784 tione
306 1753 484 1784 molendini
499 1754 533 1784 in
549 1754 691 1795 singulis.

205 1854 320 1885 ESTER
331 1854 582 1885 TULLEBARDIN
600 1855 706 1886 solvefi
722 1855 754 1885 in
772 1866 856 1886 anno
871 1855 906 1885 iii
918 1855 972 1886 lib.
992 1855 1024 1886 vi
1037 1858 1062 1885 ἓ.
1075 1855 1133 1886 viii
1144 1855 1175 1886 d.
1187 1854 1290 1892 firme,
1301 1855 1380 1885 duas
1392 1854 1568 1897 quarterias
1581 1860 1691 1890 marte,
1726 1857 1747 1878 ii·
1762 1856 1835 1887 idm*

202 1905 282 1935 duos
297 1910 454 1941 mutones,
472 1905 551 1935 duos
567 1906 674 1943 hedos,
692 1906 770 1936 duas
787 1906 949 1937 duodenas
965 1917 1134 1947 caponum,
1151 1905 1230 1936 duas
1245 1916 1350 1943 aucas,
1368 1905 1447 1936 duas
1464 1905 1562 1936 bollas
1577 1916 1691 1936 avena-

201 1966 274 1987 rum
290 1961 322 1987 et
338 1961 402 1986 tres
418 1956 518 1986 bonas
534 1957 622 1987 ordei
638 1957 670 1987 in
686 1957 776 1987 arida
791 1957 943 1995 multura,
961 1956 1127 1998 greffuma,
1145 1968 1219 1988 cum
1234 1956 1383 1999 servicijs.

332 2006 472 2036 Thomas
488 2007 629 2048 Talyour
673 2008 768 2038 tertia
783 2019 855 2049 pars

332 2057 472 2087 Jacobus
488 2057 630 2098 Talyour
675 2060 760 2089 sexta
775 2070 848 2100 pars

331 2108 473 2138 Joannes
489 2109 646 2139 Duncane
692 2114 806 2150 quarta
821 2120 894 2151 pars

332 2158 473 2189 Joannes
491 2160 563 2190 Rob
607 2160 663 2190 viii
678 2171 752 2201 pars

332 2210 500 2241 Donaldus
519 2210 751 2242 Gillemichaell
796 2211 851 2242 viii
868 2222 941 2253 pars

924 2265 990 2297 31<
