2060 2660
33 1853 101 1886 ‘218

524 196 839 232 REGISTRUM
865 197 1225 234 MORAVIENSE.
1542 205 1612 243 ⁶279

128 297 223 345 quod
241 300 337 331 carta
354 294 507 344 predicti
526 294 687 342 Fryskini
705 294 788 330 inde
806 294 967 330 confecta
984 295 1122 343 plenius
1140 295 1285 330 testatur
1299 315 1307 323 ·
1334 296 1493 332 Concessi
1508 299 1611 334 etiam

128 355 241 390 eidem
261 351 401 389 ecclesie
423 356 458 387 et
481 351 650 400 episcopis
668 350 947 388 moravienfibus
965 357 1001 387 et
1019 352 1138 387 divine
1156 352 1309 387 caritatis
1333 353 1462 389 intuitu
1482 355 1561 390 dedi
1581 362 1614 390 et

127 412 281 459 quietam
296 409 445 445 clamavi
465 409 508 444 de
527 422 583 444 me
602 414 638 445 et
655 409 844 445 heredibus
858 410 945 444 meis
963 409 1000 444 in
1018 409 1195 457 posterum
1213 422 1373 445 annuum
1392 412 1613 458 [redditum]

127 469 232 504 unius
256 467 345 502 libre
369 467 500 515 piperis
527 467 633 503 michi
658 472 693 502 et
719 466 908 502 heredibus
934 467 1022 502 meis
1053 467 1097 502 de
1124 466 1284 515 predicta
1310 472 1405 502 terra
1430 468 1587 504 debitum
1606 488 1613 496 ·

128 526 206 573 Ego
223 538 310 560 vero
329 530 364 560 et
382 524 531 560 heredes
549 524 618 560 mei
637 524 818 560 servitium
845 524 981 560 domini
1005 524 1114 572 Regis
1137 524 1348 559 forinsecum
1374 531 1546 571 quantum
1572 527 1616 561 ad

125 582 319 631 predictam
338 588 471 618 terram
490 582 534 617 de
554 581 649 617 Clon
670 582 826 630 pertinet
847 595 913 630 pro
940 582 1108 629 predictis
1133 580 1274 617 ecclefia
1300 587 1336 617 et
1362 582 1528 630 episcopis
1548 583 1619 630 ple-

125 640 223 676 narie
250 645 286 675 et
312 640 451 687 integre
469 639 507 674 in
523 639 701 687 posterum
725 639 894 674 faciemus
912 644 948 674 et
965 639 1161 687 predictam
1180 637 1357 674 ecclesiam
1381 644 1417 674 et
1440 640 1617 688 episcopos

126 698 170 733 de
188 697 352 733 omnibus
370 696 615 733 exactionibus
640 696 776 732 servicii
802 696 1117 732 consuetudinibus
1142 696 1281 732 auxiliis
1307 701 1343 732 et
1369 697 1551 732 demandis
1572 697 1619 733 se-

126 754 303 790 cularibus
330 754 525 803 predictam
553 759 686 790 terram
715 754 759 789 de
787 753 882 790 Clon
909 753 1199 801 contingentibus
1224 767 1291 801 ego
1318 759 1354 789 et
1379 754 1525 790 heredes
1551 755 1619 791 mei

126 825 249 848 omnes
270 813 307 847 in
331 817 545 860 perpetuum
563 811 740 847 immunes
758 812 896 859 quietos
914 811 1198 847 conservabimus
1215 816 1252 847 et
1269 811 1477 859 indempnes
1496 831 1504 839 ·
1532 812 1579 847 Et
1596 811 1619 846 fi

126 871 311 918 contingat
329 884 386 906 me
404 871 461 906 vel
485 870 634 906 heredes
659 883 757 906 meos
781 876 907 906 contra
934 871 1026 906 hanc
1052 868 1309 906 coneeffionem
1336 870 1565 906 donationem
1587 877 1621 906 et

126 928 434 963 confirmationem
466 941 581 963 meam
612 928 730 975 aliquo
759 933 920 976 tempore
948 928 1045 975 quod
1074 926 1159 963 absit
1185 928 1308 963 venire
1338 928 1469 963 subicio
1501 941 1557 964 me
1585 934 1619 964 et

127 985 275 1021 heredes
302 998 400 1020 meos
422 985 663 1033 jurisdictioni
687 986 838 1033 episcopi
867 984 1098 1022 moravienfis
1121 985 1181 1032 qui
1209 998 1274 1033 pro
1301 991 1461 1033 tempore
1487 986 1593 1021 fuerit
1613 1005 1620 1013 ·

127 1043 223 1090 quod
246 1041 349 1091 possit
370 1055 427 1078 me
451 1047 487 1078 et
510 1043 660 1078 heredes
678 1056 777 1078 meos
795 1043 893 1078 omni
916 1043 1062 1078 censura
1087 1041 1311 1078 ecclefiastica
1328 1041 1399 1079 fine
1417 1042 1561 1091 strepitu
1578 1043 1622 1078 ad

128 1100 409 1135 observationem
437 1100 599 1135 omnium
626 1100 871 1148 premissorum
897 1100 1084 1135 districtius
1110 1100 1324 1148 compellere
1348 1106 1384 1135 et
1410 1100 1594 1136 cohartare
1614 1119 1621 1127 ·

129 1157 267 1192 Datum
285 1157 379 1205 apud
403 1157 620 1206 Invirnaryn
639 1158 696 1193 die
713 1158 853 1193 veneris
870 1158 1034 1205 proximo
1057 1157 1133 1205 post
1150 1157 1274 1193 festum
1293 1157 1420 1193 Sancte
1439 1157 1622 1193 Scolastice

128 1214 289 1262 Virginis
314 1227 409 1250 anno
434 1214 548 1262 gratie
572 1214 756 1250 millesimo
782 1213 1020 1250 ducentesimo
1042 1213 1251 1262 sexagefimo
1270 1215 1399 1250 octavo
1419 1233 1427 1242 ·
1463 1214 1624 1250 Testibus

129 1272 310 1307 willelmo
342 1272 385 1307 de
418 1271 509 1307 Dun
540 1271 675 1307 decano
706 1270 920 1308 moravienfi
938 1290 947 1300 ο
982 1271 1163 1307 Willelmo
1195 1272 1239 1307 de
1266 1271 1403 1307 Bathev
1431 1272 1549 1319 priore
1580 1272 1623 1307 de

131 1329 326 1364 Hurchard
346 1349 353 1357 ·
383 1328 614 1364 Archebaldo
641 1329 790 1364 Heroch
815 1329 1065 1364 archidiacono
1092 1327 1305 1365 moraviensi
1324 1347 1332 1356 ·
1361 1328 1542 1364 Willelmo
1567 1342 1623 1365 co-

129 1387 214 1422 mite
231 1386 439 1422 Suthirland
453 1405 462 1414 ·
491 1386 637 1421 domino
653 1386 835 1422 willelmo
854 1387 898 1422 de
913 1388 1039 1423 (Donte
1057 1386 1130 1421 alto
1149 1405 1158 1414 ·
1186 1386 1332 1421 domino
1353 1385 1562 1421 Alexandro
1581 1386 1624 1422 de

129 1444 292 1480 (Doravia
308 1463 317 1472 ·
345 1444 491 1479 domino
509 1443 675 1480 Johanne
695 1444 805 1479 Prath
825 1462 832 1472 ·
860 1443 1042 1479 willelmo
1062 1443 1229 1491 Wysman
1247 1462 1256 1470 ·
1284 1442 1450 1479 Galfrido
1470 1443 1600 1490 Surays
1614 1462 1622 1470 ·

130 1508 164 1536 et
189 1501 265 1536 aliis
290 1501 410 1537 multis
430 1521 438 1529 ·
469 1500 514 1536 In
536 1501 642 1550 hujus
665 1501 716 1537 rei
742 1501 979 1537 testimonium
1006 1501 1158 1549 presenti
1181 1500 1309 1547 scripto
1330 1499 1480 1547 sigillum
1505 1512 1622 1536 meum

130 1559 275 1606 apposui
294 1578 302 1586 ·

131 1729 309 1765 Fundatio
327 1729 434 1765 unius
451 1729 624 1778 capellani
643 1729 745 1777 super
763 1730 875 1776 ripam
895 1730 938 1765 de
958 1729 1122 1765 Dowern
1141 1729 1184 1765 de
1203 1735 1357 1776 quatuor
1374 1730 1500 1765 marcis
1520 1750 1527 1758 ·

130 1843 308 1880 Omnibus
339 1843 458 1879 san&e
488 1843 611 1878 matris
642 1842 783 1878 ecclesie
814 1843 894 1877 filiis
925 1843 992 1878 hoc
1020 1843 1186 1891 scriptum
1218 1843 1339 1879 visuris
1367 1844 1423 1879 vel
1452 1845 1625 1881 audituris

130 1901 265 1950 Symon
290 1901 420 1936 thanus
449 1901 492 1936 de
520 1900 754 1936 Aberkerdor
781 1900 927 1935 salutem
954 1906 1114 1935 eternam
1146 1901 1182 1935 in
1209 1900 1370 1936 Domino
1398 1921 1407 1929 ·
1443 1902 1624 1938 Noveritis

128 1957 283 1993 univerfi
314 1971 371 1994 me
401 1972 467 2006 pro
498 1958 607 1993 salute
638 1958 755 1993 anime
787 1958 987 1993 Alexandri
1017 1957 1111 1993 bone
1142 1958 1313 1993 memorie
1343 1958 1483 1994 illustris
1515 1960 1624 2008 Regis

130 2016 252 2051 Scocie
278 2021 314 2051 et
340 2014 443 2063 ipfius
469 2015 643 2050 heredum
669 2028 710 2050 ac
736 2015 853 2050 anime
880 2015 988 2063 patris
1014 2015 1085 2050 mei
1108 2021 1144 2051 et
1166 2028 1244 2051 mee
1270 2028 1337 2051 nec
1363 2029 1437 2051 non
1463 2018 1621 2053 omnium

131 2072 411 2108 Christianorum
442 2072 570 2108 dedifl'e
601 2070 797 2108 conceflifl'e
830 2078 865 2108 et
895 2073 960 2107 hac
990 2072 1143 2120 presenti
1173 2078 1271 2108 carta
1300 2086 1379 2109 mea
1406 2074 1622 2110 confirmasse

131 2130 213 2165 Deo
237 2135 273 2165 et
296 2130 398 2166 beate
423 2130 537 2167 marie
556 2129 700 2177 Virgini
722 2135 758 2165 et
784 2130 930 2165 domino
958 2129 1110 2166 Cristino
1137 2130 1320 2178 capellano
1343 2131 1475 2179 capelle
1502 2132 1622 2167 Saneti

131 2187 292 2223 OEenimii
321 2187 523 2223 confessoris
551 2187 653 2235 super
682 2187 793 2235 ripam
823 2187 867 2222 de
896 2187 1079 2223 Duffhern
1105 2186 1167 2223 fite
1195 2188 1359 2223 servienti
1387 2194 1423 2224 et
1450 2195 1621 2236 perpetuo

130 2244 312 2292 capellano
331 2246 390 2292 qui
408 2258 474 2293 pro
493 2250 654 2292 tempore
672 2244 779 2280 fuerit
797 2245 927 2280 ibidem
947 2245 1140 2280 serviturus
1158 2250 1311 2292 quatuor
1328 2258 1462 2280 marcas
1483 2246 1619 2293 argenti

127 2302 173 2338 de
194 2302 400 2338 molendino
428 2302 471 2338 de
496 2302 754 2338 Carnoufl'exth
778 2301 921 2349 singulis
947 2303 1048 2337 annis
1075 2302 1319 2350 percipiendas
1338 2321 1346 2330 ·
1374 2307 1409 2337 et
1435 2302 1468 2337 Ie
1494 2302 1617 2350 haylch
