<?xml version="1.0" encoding="UTF-8"?>
<!DOCTYPE html PUBLIC "-//W3C//DTD XHTML 1.0 Transitional//EN"
    "http://www.w3.org/TR/xhtml1/DTD/xhtml1-transitional.dtd">
<html xmlns="http://www.w3.org/1999/xhtml" xml:lang="en" lang="en">
 <head>
  <title>
</title>
<meta http-equiv="Content-Type" content="text/html;charset=utf-8" />
  <meta name='ocr-system' content='tesseract 3.04.00' />
  <meta name='ocr-capabilities' content='ocr_page ocr_carea ocr_par ocr_line ocrx_word'/>
</head>
<body>
  <div class='ocr_page' id='page_1' title='image "./registrumepisc5800morauoft_0236.png"; bbox 0 0 2060 2660; ppageno 0'>
   <div class='ocr_carea' id='block_1_1' title="bbox 249 1206 318 1242">
    <p class='ocr_par' dir='ltr' id='par_1_1' title="bbox 249 1206 318 1242">
     <span class='ocr_line' id='line_1_1' title="bbox 249 1206 318 1242; baseline 0 0"><span class='ocrx_word' id='word_1_1' title='bbox 249 1206 318 1242; x_wconf 83' lang='lat'>116</span> 
     </span>
    </p>
   </div>
   <div class='ocr_carea' id='block_1_2' title="bbox 346 184 1442 222">
    <p class='ocr_par' dir='ltr' id='par_1_2' title="bbox 346 184 1442 222">
     <span class='ocr_line' id='line_1_2' title="bbox 346 184 1442 222; baseline -0.001 0"><span class='ocrx_word' id='word_1_2' title='bbox 346 190 414 222; x_wconf 66' lang='lat'>128</span> <span class='ocrx_word' id='word_1_3' title='bbox 734 184 1050 222; x_wconf 87' lang='lat' dir='ltr'>REGISTRUM</span> <span class='ocrx_word' id='word_1_4' title='bbox 1079 184 1442 222; x_wconf 85' lang='lat' dir='ltr'><strong>MORAVIENSE.</strong></span> 
     </span>
    </p>
   </div>
   <div class='ocr_carea' id='block_1_3' title="bbox 344 282 1844 621">
    <p class='ocr_par' dir='ltr' id='par_1_3' title="bbox 344 282 1844 621">
     <span class='ocr_line' id='line_1_3' title="bbox 344 282 1842 333; baseline -0.001 -13"><span class='ocrx_word' id='word_1_5' title='bbox 344 291 448 320; x_wconf 87' lang='lat' dir='ltr'>natus</span> <span class='ocrx_word' id='word_1_6' title='bbox 463 285 605 321; x_wconf 89' lang='lat' dir='ltr'>Domus</span> <span class='ocrx_word' id='word_1_7' title='bbox 619 284 735 333; x_wconf 86' lang='lat' dir='ltr'>[Dei]</span> <span class='ocrx_word' id='word_1_8' title='bbox 751 285 795 320; x_wconf 92' lang='lat' dir='ltr'>de</span> <span class='ocrx_word' id='word_1_9' title='bbox 811 285 929 332; x_wconf 84' lang='lat' dir='ltr'>Elgyn</span> <span class='ocrx_word' id='word_1_10' title='bbox 944 297 1058 333; x_wconf 89' lang='lat' dir='ltr'>nuper</span> <span class='ocrx_word' id='word_1_11' title='bbox 1072 283 1111 318; x_wconf 89' lang='lat' dir='ltr'>sit</span> <span class='ocrx_word' id='word_1_12' title='bbox 1125 290 1205 318; x_wconf 90' lang='lat' dir='ltr'>orta</span> <span class='ocrx_word' id='word_1_13' title='bbox 1218 283 1366 318; x_wconf 86' lang='lat' dir='ltr'>materia</span> <span class='ocrx_word' id='word_1_14' title='bbox 1378 282 1568 329; x_wconf 90' lang='lat' dir='ltr'>questionis</span> <span class='ocrx_word' id='word_1_15' title='bbox 1586 301 1594 310; x_wconf 90' lang='lat'><strong>·</strong></span> <span class='ocrx_word' id='word_1_16' title='bbox 1610 295 1675 317; x_wconf 91' lang='lat' dir='ltr'>nos</span> <span class='ocrx_word' id='word_1_17' title='bbox 1690 282 1734 318; x_wconf 89' lang='lat' dir='ltr'>de</span> <span class='ocrx_word' id='word_1_18' title='bbox 1748 282 1842 331; x_wconf 86' lang='lat' dir='ltr'>lega-</span> 
     </span>
     <span class='ocr_line' id='line_1_4' title="bbox 345 339 1842 390; baseline -0.001 -13"><span class='ocrx_word' id='word_1_19' title='bbox 345 343 443 378; x_wconf 84' lang='lat' dir='ltr'>litate</span> <span class='ocrx_word' id='word_1_20' title='bbox 461 343 574 379; x_wconf 89' lang='lat' dir='ltr'>vestra</span> <span class='ocrx_word' id='word_1_21' title='bbox 600 349 635 378; x_wconf 91' lang='lat' dir='ltr'>et</span> <span class='ocrx_word' id='word_1_22' title='bbox 662 343 978 390; x_wconf 63' lang='lat' dir='ltr'>circumspectione</span> <span class='ocrx_word' id='word_1_23' title='bbox 1001 342 1106 390; x_wconf 85' lang='lat' dir='ltr'>plene</span> <span class='ocrx_word' id='word_1_24' title='bbox 1128 340 1348 376; x_wconf 90' lang='lat' dir='ltr'>confidentes</span> <span class='ocrx_word' id='word_1_25' title='bbox 1365 339 1465 375; x_wconf 88' lang='lat' dir='ltr'>vobis</span> <span class='ocrx_word' id='word_1_26' title='bbox 1484 345 1610 375; x_wconf 90' lang='lat' dir='ltr'>tenore</span> <span class='ocrx_word' id='word_1_27' title='bbox 1628 340 1842 387; x_wconf 87' lang='lat' dir='ltr'>presentium</span> 
     </span>
     <span class='ocr_line' id='line_1_5' title="bbox 344 396 1844 446; baseline -0.001 -10"><span class='ocrx_word' id='word_1_28' title='bbox 344 401 599 436; x_wconf 85' lang='lat' dir='ltr'>committimus</span> <span class='ocrx_word' id='word_1_29' title='bbox 626 406 661 436; x_wconf 89' lang='lat' dir='ltr'>et</span> <span class='ocrx_word' id='word_1_30' title='bbox 687 400 896 435; x_wconf 84' lang='lat' dir='ltr'>mandamus</span> <span class='ocrx_word' id='word_1_31' title='bbox 923 405 1098 446; x_wconf 90' lang='lat' dir='ltr'>quatenus</span> <span class='ocrx_word' id='word_1_32' title='bbox 1124 398 1227 433; x_wconf 86' lang='lat' dir='ltr'>citius</span> <span class='ocrx_word' id='word_1_33' title='bbox 1253 410 1324 444; x_wconf 92' lang='lat' dir='ltr'>quo</span> <span class='ocrx_word' id='word_1_34' title='bbox 1350 396 1513 444; x_wconf 89' lang='lat' dir='ltr'>poteritis</span> <span class='ocrx_word' id='word_1_35' title='bbox 1537 410 1600 444; x_wconf 93' lang='lat' dir='ltr'>per</span> <span class='ocrx_word' id='word_1_36' title='bbox 1625 397 1790 434; x_wconf 85' lang='lat' dir='ltr'>meliores</span> <span class='ocrx_word' id='word_1_37' title='bbox 1809 405 1844 434; x_wconf 90' lang='lat' dir='ltr'>et</span> 
     </span>
     <span class='ocr_line' id='line_1_6' title="bbox 345 453 1843 506; baseline -0.001 -12"><span class='ocrx_word' id='word_1_38' title='bbox 345 458 598 506; x_wconf 85' lang='lat' dir='ltr'>fidedigniores</span> <span class='ocrx_word' id='word_1_39' title='bbox 616 464 688 493; x_wconf 90' lang='lat' dir='ltr'>tam</span> <span class='ocrx_word' id='word_1_40' title='bbox 708 458 855 493; x_wconf 87' lang='lat' dir='ltr'>clericos</span> <span class='ocrx_word' id='word_1_41' title='bbox 873 470 978 504; x_wconf 83' lang='lat' dir='ltr'>quam</span> <span class='ocrx_word' id='word_1_42' title='bbox 997 456 1116 504; x_wconf 84' lang='lat' dir='ltr'>laycos</span> <span class='ocrx_word' id='word_1_43' title='bbox 1140 455 1302 490; x_wconf 91' lang='lat' dir='ltr'>homines</span> <span class='ocrx_word' id='word_1_44' title='bbox 1325 454 1440 502; x_wconf 90' lang='lat' dir='ltr'>patrie</span> <span class='ocrx_word' id='word_1_45' title='bbox 1459 454 1496 489; x_wconf 92' lang='lat' dir='ltr'>in</span> <span class='ocrx_word' id='word_1_46' title='bbox 1514 468 1584 502; x_wconf 90' lang='lat' dir='ltr'>qua</span> <span class='ocrx_word' id='word_1_47' title='bbox 1601 453 1726 491; x_wconf 89' lang='lat' dir='ltr'>situata</span> <span class='ocrx_word' id='word_1_48' title='bbox 1743 455 1791 492; x_wconf 91' lang='lat' dir='ltr'>est</span> <span class='ocrx_word' id='word_1_49' title='bbox 1809 463 1843 492; x_wconf 91' lang='lat' dir='ltr'>et</span> 
     </span>
     <span class='ocr_line' id='line_1_7' title="bbox 345 511 1842 564; baseline -0.001 -13"><span class='ocrx_word' id='word_1_50' title='bbox 345 529 407 564; x_wconf 91' lang='lat' dir='ltr'>per</span> <span class='ocrx_word' id='word_1_51' title='bbox 425 530 513 564; x_wconf 87' lang='lat' dir='ltr'>quos</span> <span class='ocrx_word' id='word_1_52' title='bbox 531 517 582 552; x_wconf 88' lang='lat' dir='ltr'>rei</span> <span class='ocrx_word' id='word_1_53' title='bbox 601 516 730 551; x_wconf 85' lang='lat' dir='ltr'>veritas</span> <span class='ocrx_word' id='word_1_54' title='bbox 749 515 874 549; x_wconf 91' lang='lat' dir='ltr'>melius</span> <span class='ocrx_word' id='word_1_55' title='bbox 897 514 972 548; x_wconf 89' lang='lat' dir='ltr'>sciri</span> <span class='ocrx_word' id='word_1_56' title='bbox 996 513 1128 561; x_wconf 84' lang='lat' dir='ltr'>poterit</span> <span class='ocrx_word' id='word_1_57' title='bbox 1147 532 1155 540; x_wconf 91' lang='lat'><strong>·</strong></span> <span class='ocrx_word' id='word_1_58' title='bbox 1178 525 1309 559; x_wconf 79' lang='lat' dir='ltr'>magno</span> <span class='ocrx_word' id='word_1_59' title='bbox 1325 511 1535 559; x_wconf 84' lang='lat' dir='ltr'>juramento</span> <span class='ocrx_word' id='word_1_60' title='bbox 1557 512 1818 549; x_wconf 89' lang='lat' dir='ltr'>interveniente</span> <span class='ocrx_word' id='word_1_61' title='bbox 1835 534 1842 541; x_wconf 93' lang='lat'><strong>·</strong></span> 
     </span>
     <span class='ocr_line' id='line_1_8' title="bbox 345 569 1844 621; baseline -0.001 -12"><span class='ocrx_word' id='word_1_62' title='bbox 345 574 485 609; x_wconf 87' lang='lat' dir='ltr'>fidelem</span> <span class='ocrx_word' id='word_1_63' title='bbox 510 572 769 621; x_wconf 77' lang='lat' dir='ltr'>inquisitionem</span> <span class='ocrx_word' id='word_1_64' title='bbox 793 572 868 607; x_wconf 87' lang='lat' dir='ltr'>fieri</span> <span class='ocrx_word' id='word_1_65' title='bbox 891 571 1024 606; x_wconf 81' lang='lat' dir='ltr'>faciatis</span> <span class='ocrx_word' id='word_1_66' title='bbox 1049 571 1094 606; x_wconf 86' lang='lat' dir='ltr'>ad</span> <span class='ocrx_word' id='word_1_67' title='bbox 1117 570 1319 605; x_wconf 86' lang='lat' dir='ltr'>rimandum</span> <span class='ocrx_word' id='word_1_68' title='bbox 1342 569 1496 605; x_wconf 84' lang='lat' dir='ltr'>fideliter</span> <span class='ocrx_word' id='word_1_69' title='bbox 1519 570 1596 617; x_wconf 91' lang='lat' dir='ltr'>quis</span> <span class='ocrx_word' id='word_1_70' title='bbox 1618 570 1777 606; x_wconf 89' lang='lat' dir='ltr'>nostrum</span> <span class='ocrx_word' id='word_1_71' title='bbox 1800 571 1844 607; x_wconf 90' lang='lat' dir='ltr'>de</span> 
     </span>
    </p>
   </div>
   <div class='ocr_carea' id='block_1_4' title="bbox 339 627 1842 679">
    <p class='ocr_par' dir='ltr' id='par_1_4' title="bbox 339 627 1842 679">
     <span class='ocr_line' id='line_1_9' title="bbox 339 627 1842 679; baseline -0.002 -12"><span class='ocrx_word' id='word_1_72' title='bbox 339 632 423 679; x_wconf 88' lang='lat' dir='ltr'>jure</span> <span class='ocrx_word' id='word_1_73' title='bbox 454 638 515 667; x_wconf 88' lang='lat' dir='ltr'>aut</span> <span class='ocrx_word' id='word_1_74' title='bbox 546 631 691 678; x_wconf 89' lang='lat' dir='ltr'>antiqua</span> <span class='ocrx_word' id='word_1_75' title='bbox 719 629 975 665; x_wconf 88' lang='lat' dir='ltr'>consuetudine</span> <span class='ocrx_word' id='word_1_76' title='bbox 998 627 1038 663; x_wconf 85' lang='lat' dir='ltr'>fit</span> <span class='ocrx_word' id='word_1_77' title='bbox 1061 641 1166 663; x_wconf 90' lang='lat' dir='ltr'>verus</span> <span class='ocrx_word' id='word_1_78' title='bbox 1189 633 1362 675; x_wconf 86' lang='lat' dir='ltr'>patronus</span> <span class='ocrx_word' id='word_1_79' title='bbox 1388 627 1544 675; x_wconf 89' lang='lat' dir='ltr'>ejusdem</span> <span class='ocrx_word' id='word_1_80' title='bbox 1568 647 1576 656; x_wconf 92' lang='lat'><strong>·</strong></span> <span class='ocrx_word' id='word_1_81' title='bbox 1605 633 1641 664; x_wconf 91' lang='lat' dir='ltr'>et</span> <span class='ocrx_word' id='word_1_82' title='bbox 1667 629 1712 664; x_wconf 87' lang='lat' dir='ltr'>ad</span> <span class='ocrx_word' id='word_1_83' title='bbox 1738 642 1842 676; x_wconf 90' lang='lat' dir='ltr'>quem</span> 
     </span>
    </p>
   </div>
   <div class='ocr_carea' id='block_1_5' title="bbox 346 684 1845 795">
    <p class='ocr_par' dir='ltr' id='par_1_5' title="bbox 346 684 1845 795">
     <span class='ocr_line' id='line_1_10' title="bbox 346 684 1845 738; baseline -0.001 -15"><span class='ocrx_word' id='word_1_84' title='bbox 346 689 421 737; x_wconf 81' lang='lat' dir='ltr'>ejus</span> <span class='ocrx_word' id='word_1_85' title='bbox 449 687 605 738; x_wconf 76' lang='lat' dir='ltr'>possessio</span> <span class='ocrx_word' id='word_1_86' title='bbox 633 688 787 737; x_wconf 84' lang='lat' dir='ltr'>pertinet</span> <span class='ocrx_word' id='word_1_87' title='bbox 806 706 814 715; x_wconf 88' lang='lat'><strong>·</strong></span> <span class='ocrx_word' id='word_1_88' title='bbox 843 692 877 722; x_wconf 91' lang='lat' dir='ltr'>et</span> <span class='ocrx_word' id='word_1_89' title='bbox 901 687 978 734; x_wconf 91' lang='lat' dir='ltr'>quis</span> <span class='ocrx_word' id='word_1_90' title='bbox 996 686 1123 721; x_wconf 90' lang='lat' dir='ltr'>ultimo</span> <span class='ocrx_word' id='word_1_91' title='bbox 1136 684 1228 733; x_wconf 89' lang='lat' dir='ltr'>juste</span> <span class='ocrx_word' id='word_1_92' title='bbox 1246 685 1409 733; x_wconf 81' lang='lat' dir='ltr'>possessus</span> <span class='ocrx_word' id='word_1_93' title='bbox 1427 685 1543 720; x_wconf 82' lang='lat' dir='ltr'>suerat</span> <span class='ocrx_word' id='word_1_94' title='bbox 1561 686 1605 721; x_wconf 92' lang='lat' dir='ltr'>de</span> <span class='ocrx_word' id='word_1_95' title='bbox 1624 686 1748 722; x_wconf 82' lang='lat' dir='ltr'>eadem</span> <span class='ocrx_word' id='word_1_96' title='bbox 1773 706 1781 714; x_wconf 95' lang='lat'><strong>·</strong></span> <span class='ocrx_word' id='word_1_97' title='bbox 1810 693 1845 722; x_wconf 89' lang='lat' dir='ltr'>et</span> 
     </span>
     <span class='ocr_line' id='line_1_11' title="bbox 347 742 1845 795; baseline -0.001 -13"><span class='ocrx_word' id='word_1_98' title='bbox 347 745 368 781; x_wconf 88' lang='lat' dir='ltr'>si</span> <span class='ocrx_word' id='word_1_99' title='bbox 387 747 471 794; x_wconf 88' lang='lat' dir='ltr'>quid</span> <span class='ocrx_word' id='word_1_100' title='bbox 490 760 553 795; x_wconf 88' lang='lat' dir='ltr'>per</span> <span class='ocrx_word' id='word_1_101' title='bbox 571 747 751 795; x_wconf 69' lang='lat' dir='ltr'>predictos</span> <span class='ocrx_word' id='word_1_102' title='bbox 771 745 892 780; x_wconf 88' lang='lat' dir='ltr'>fideles</span> <span class='ocrx_word' id='word_1_103' title='bbox 910 744 1066 792; x_wconf 88' lang='lat' dir='ltr'>reperire</span> <span class='ocrx_word' id='word_1_104' title='bbox 1088 742 1250 791; x_wconf 89' lang='lat' dir='ltr'>poteritis</span> <span class='ocrx_word' id='word_1_105' title='bbox 1272 742 1407 778; x_wconf 81' lang='lat' dir='ltr'>faciatis</span> <span class='ocrx_word' id='word_1_106' title='bbox 1428 743 1587 791; x_wconf 87' lang='lat' dir='ltr'>partibus</span> <span class='ocrx_word' id='word_1_107' title='bbox 1609 744 1687 780; x_wconf 91' lang='lat' dir='ltr'>fieri</span> <span class='ocrx_word' id='word_1_108' title='bbox 1706 744 1845 792; x_wconf 87' lang='lat' dir='ltr'>justicie</span> 
     </span>
    </p>
   </div>
   <div class='ocr_carea' id='block_1_6' title="bbox 346 800 1903 853">
    <p class='ocr_par' dir='ltr' id='par_1_6' title="bbox 346 800 1903 853">
     <span class='ocr_line' id='line_1_12' title="bbox 346 800 1903 853; baseline -0.002 -13"><span class='ocrx_word' id='word_1_109' title='bbox 346 805 647 853; x_wconf 84' lang='lat' dir='ltr'>complementum</span> <span class='ocrx_word' id='word_1_110' title='bbox 667 809 730 838; x_wconf 90' lang='lat' dir='ltr'>··et</span> <span class='ocrx_word' id='word_1_111' title='bbox 748 803 838 851; x_wconf 88' lang='lat' dir='ltr'>parti</span> <span class='ocrx_word' id='word_1_112' title='bbox 858 802 1015 837; x_wconf 86' lang='lat' dir='ltr'>vincenti</span> <span class='ocrx_word' id='word_1_113' title='bbox 1033 801 1176 849; x_wconf 86' lang='lat' dir='ltr'>plenam</span> <span class='ocrx_word' id='word_1_114' title='bbox 1194 800 1453 836; x_wconf 87' lang='lat' dir='ltr'>restitutionem</span> <span class='ocrx_word' id='word_1_115' title='bbox 1470 820 1478 829; x_wconf 93' lang='lat'><strong>·</strong></span> <span class='ocrx_word' id='word_1_116' title='bbox 1508 801 1552 836; x_wconf 92' lang='lat' dir='ltr'>In</span> <span class='ocrx_word' id='word_1_117' title='bbox 1567 802 1668 850; x_wconf 92' lang='lat' dir='ltr'>cujus</span> <span class='ocrx_word' id='word_1_118' title='bbox 1686 803 1737 837; x_wconf 90' lang='lat' dir='ltr'>rei</span> <span class='ocrx_word' id='word_1_119' title='bbox 1755 802 1846 838; x_wconf 88' lang='lat' dir='ltr'>testi·</span> <span class='ocrx_word' id='word_1_120' title='bbox 1897 838 1903 843; x_wconf 69' lang='grc'><strong>,</strong></span> 
     </span>
    </p>
   </div>
   <div class='ocr_carea' id='block_1_7' title="bbox 346 858 1845 968">
    <p class='ocr_par' dir='ltr' id='par_1_7' title="bbox 346 858 1845 968">
     <span class='ocr_line' id='line_1_13' title="bbox 346 858 1845 909; baseline -0.001 -12"><span class='ocrx_word' id='word_1_121' title='bbox 346 863 505 897; x_wconf 88' lang='lat' dir='ltr'>monium</span> <span class='ocrx_word' id='word_1_122' title='bbox 525 861 673 909; x_wconf 84' lang='lat' dir='ltr'>sigillum</span> <span class='ocrx_word' id='word_1_123' title='bbox 693 860 849 896; x_wconf 87' lang='lat' dir='ltr'>nostrum</span> <span class='ocrx_word' id='word_1_124' title='bbox 869 860 1041 895; x_wconf 89' lang='lat' dir='ltr'>secretum</span> <span class='ocrx_word' id='word_1_125' title='bbox 1058 858 1278 907; x_wconf 85' lang='lat' dir='ltr'>presentibus</span> <span class='ocrx_word' id='word_1_126' title='bbox 1293 858 1341 894; x_wconf 90' lang='lat' dir='ltr'>est</span> <span class='ocrx_word' id='word_1_127' title='bbox 1354 859 1545 907; x_wconf 90' lang='lat' dir='ltr'>appensum</span> <span class='ocrx_word' id='word_1_128' title='bbox 1561 879 1569 887; x_wconf 95' lang='lat'><strong>·</strong></span> <span class='ocrx_word' id='word_1_129' title='bbox 1599 860 1737 895; x_wconf 91' lang='lat' dir='ltr'>Datum</span> <span class='ocrx_word' id='word_1_130' title='bbox 1750 861 1845 908; x_wconf 86' lang='lat' dir='ltr'>apud</span> 
     </span>
     <span class='ocr_line' id='line_1_14' title="bbox 347 916 1629 968; baseline -0.002 -13"><span class='ocrx_word' id='word_1_131' title='bbox 347 921 466 968; x_wconf 78' lang='lat' dir='ltr'>Spyny</span> <span class='ocrx_word' id='word_1_132' title='bbox 485 920 630 967; x_wconf 89' lang='lat' dir='ltr'>septimo</span> <span class='ocrx_word' id='word_1_133' title='bbox 650 919 706 954; x_wconf 92' lang='lat' dir='ltr'>die</span> <span class='ocrx_word' id='word_1_134' title='bbox 725 916 848 953; x_wconf 88' lang='lat' dir='ltr'>mensis</span> <span class='ocrx_word' id='word_1_135' title='bbox 867 917 1039 953; x_wconf 67' lang='lat' dir='ltr'>O&amp;obris</span> <span class='ocrx_word' id='word_1_136' title='bbox 1058 936 1066 944; x_wconf 95' lang='lat'><strong>·</strong></span> <span class='ocrx_word' id='word_1_137' title='bbox 1085 929 1181 952; x_wconf 85' lang='lat' dir='ltr'>anno</span> <span class='ocrx_word' id='word_1_138' title='bbox 1201 917 1303 964; x_wconf 86' lang='lat' dir='ltr'>regni</span> <span class='ocrx_word' id='word_1_139' title='bbox 1322 916 1431 952; x_wconf 87' lang='lat' dir='ltr'>nostri</span> <span class='ocrx_word' id='word_1_140' title='bbox 1448 916 1602 953; x_wconf 92' lang='lat' dir='ltr'>secundo</span> <span class='ocrx_word' id='word_1_141' title='bbox 1622 937 1629 945; x_wconf 93' lang='lat'>·</span> 
     </span>
    </p>
   </div>
   <div class='ocr_carea' id='block_1_8' title="bbox 348 1091 1107 1128">
    <p class='ocr_par' dir='ltr' id='par_1_8' title="bbox 348 1091 1107 1128">
     <span class='ocr_line' id='line_1_15' title="bbox 348 1091 1107 1128; baseline -0.001 -2"><span class='ocrx_word' id='word_1_142' title='bbox 348 1092 536 1127; x_wconf 69' lang='lat' dir='ltr'>Attostatio</span> <span class='ocrx_word' id='word_1_143' title='bbox 556 1092 599 1127; x_wconf 90' lang='lat' dir='ltr'>de</span> <span class='ocrx_word' id='word_1_144' title='bbox 618 1092 827 1128; x_wconf 78' lang='lat' dir='ltr'>fundatione</span> <span class='ocrx_word' id='word_1_145' title='bbox 845 1092 987 1127; x_wconf 89' lang='lat' dir='ltr'>Domus</span> <span class='ocrx_word' id='word_1_146' title='bbox 1006 1091 1079 1126; x_wconf 94' lang='lat' dir='ltr'>Dei</span> <span class='ocrx_word' id='word_1_147' title='bbox 1099 1110 1107 1118; x_wconf 91' lang='lat'><strong>·</strong></span> 
     </span>
    </p>
   </div>
   <div class='ocr_carea' id='block_1_9' title="bbox 345 1205 1851 2353">
    <p class='ocr_par' dir='ltr' id='par_1_9' title="bbox 345 1205 1851 2353">
     <span class='ocr_line' id='line_1_16' title="bbox 348 1205 1848 1255; baseline 0.001 -14"><span class='ocrx_word' id='word_1_148' title='bbox 348 1206 525 1242; x_wconf 81' lang='lat' dir='ltr'>Universis</span> <span class='ocrx_word' id='word_1_149' title='bbox 545 1208 723 1255; x_wconf 80' lang='lat' dir='ltr'>presentes</span> <span class='ocrx_word' id='word_1_150' title='bbox 742 1208 860 1243; x_wconf 83' lang='lat' dir='ltr'>literas</span> <span class='ocrx_word' id='word_1_151' title='bbox 879 1207 1090 1254; x_wconf 59' lang='lat' dir='ltr'>inspeGmris</span> <span class='ocrx_word' id='word_1_152' title='bbox 1104 1205 1306 1242; x_wconf 73' lang='lat' dir='ltr'>VVillelmus</span> <span class='ocrx_word' id='word_1_153' title='bbox 1321 1206 1365 1242; x_wconf 94' lang='lat' dir='ltr'>de</span> <span class='ocrx_word' id='word_1_154' title='bbox 1381 1206 1503 1255; x_wconf 87' lang='lat' dir='ltr'>Spyny</span> <span class='ocrx_word' id='word_1_155' title='bbox 1516 1212 1707 1254; x_wconf 89' lang='lat' dir='ltr'>precentor</span> <span class='ocrx_word' id='word_1_156' title='bbox 1721 1226 1730 1234; x_wconf 91' lang='lat'><strong>·</strong></span> <span class='ocrx_word' id='word_1_157' title='bbox 1749 1206 1848 1243; x_wconf 91' lang='lat' dir='ltr'>Hen-</span> 
     </span>
     <span class='ocr_line' id='line_1_17' title="bbox 346 1263 1848 1314; baseline 0.001 -15"><span class='ocrx_word' id='word_1_158' title='bbox 346 1265 438 1299; x_wconf 83' lang='lat' dir='ltr'>ricus</span> <span class='ocrx_word' id='word_1_159' title='bbox 463 1265 505 1299; x_wconf 81' lang='lat' dir='ltr'>(le</span> <span class='ocrx_word' id='word_1_160' title='bbox 528 1265 718 1314; x_wconf 79' lang='lat' dir='ltr'>l&#39;luscardy</span> <span class='ocrx_word' id='word_1_161' title='bbox 737 1265 968 1301; x_wconf 86' lang='lat' dir='ltr'>cancellarius</span> <span class='ocrx_word' id='word_1_162' title='bbox 995 1270 1031 1300; x_wconf 91' lang='lat' dir='ltr'>et</span> <span class='ocrx_word' id='word_1_163' title='bbox 1049 1264 1251 1300; x_wconf 53' lang='lat' dir='ltr'>lVillelmus</span> <span class='ocrx_word' id='word_1_164' title='bbox 1271 1263 1435 1300; x_wconf 87' lang='lat' dir='ltr'>Gerland</span> <span class='ocrx_word' id='word_1_165' title='bbox 1461 1264 1680 1300; x_wconf 87' lang='lat' dir='ltr'>subdecanus</span> <span class='ocrx_word' id='word_1_166' title='bbox 1707 1263 1848 1301; x_wconf 89' lang='lat' dir='ltr'>ecclesie</span> 
     </span>
     <span class='ocr_line' id='line_1_18' title="bbox 345 1321 1847 1371; baseline 0 -13"><span class='ocrx_word' id='word_1_167' title='bbox 345 1321 575 1358; x_wconf 67' lang='lat' dir='ltr'>moraviensis</span> <span class='ocrx_word' id='word_1_168' title='bbox 591 1342 598 1350; x_wconf 93' lang='lat'><strong>·</strong></span> <span class='ocrx_word' id='word_1_169' title='bbox 614 1328 761 1371; x_wconf 91' lang='lat' dir='ltr'>propter</span> <span class='ocrx_word' id='word_1_170' title='bbox 780 1323 914 1358; x_wconf 85' lang='lat' dir='ltr'>malum</span> <span class='ocrx_word' id='word_1_171' title='bbox 933 1323 1094 1370; x_wconf 78' lang='lat' dir='ltr'>regimen</span> <span class='ocrx_word' id='word_1_172' title='bbox 1113 1322 1276 1359; x_wconf 88' lang='lat' dir='ltr'>moravie</span> <span class='ocrx_word' id='word_1_173' title='bbox 1294 1322 1332 1357; x_wconf 93' lang='lat' dir='ltr'>in</span> <span class='ocrx_word' id='word_1_174' title='bbox 1351 1322 1497 1358; x_wconf 90' lang='lat' dir='ltr'>remotis</span> <span class='ocrx_word' id='word_1_175' title='bbox 1515 1328 1662 1370; x_wconf 84' lang='lat' dir='ltr'>agentes</span> <span class='ocrx_word' id='word_1_176' title='bbox 1677 1342 1685 1350; x_wconf 91' lang='lat'>·</span> <span class='ocrx_word' id='word_1_177' title='bbox 1701 1322 1847 1358; x_wconf 90' lang='lat' dir='ltr'>salutem</span> 
     </span>
     <span class='ocr_line' id='line_1_19' title="bbox 346 1378 1846 1428; baseline 0 -14"><span class='ocrx_word' id='word_1_178' title='bbox 346 1385 380 1415; x_wconf 87' lang='lat' dir='ltr'>et</span> <span class='ocrx_word' id='word_1_179' title='bbox 392 1380 587 1428; x_wconf 78' lang='lat' dir='ltr'>subscriptis</span> <span class='ocrx_word' id='word_1_180' title='bbox 599 1380 706 1416; x_wconf 87' lang='lat' dir='ltr'>fidem</span> <span class='ocrx_word' id='word_1_181' title='bbox 719 1381 903 1416; x_wconf 86' lang='lat' dir='ltr'>indubiam</span> <span class='ocrx_word' id='word_1_182' title='bbox 918 1380 1087 1416; x_wconf 85' lang='lat' dir='ltr'>adhibere</span> <span class='ocrx_word' id='word_1_183' title='bbox 1100 1400 1107 1408; x_wconf 94' lang='lat'><strong>·</strong></span> <span class='ocrx_word' id='word_1_184' title='bbox 1124 1378 1355 1416; x_wconf 89' lang='lat' dir='ltr'>Univerfitati</span> <span class='ocrx_word' id='word_1_185' title='bbox 1368 1379 1479 1415; x_wconf 87' lang='lat' dir='ltr'>vestre</span> <span class='ocrx_word' id='word_1_186' title='bbox 1491 1380 1597 1416; x_wconf 91' lang='lat' dir='ltr'>fidele</span> <span class='ocrx_word' id='word_1_187' title='bbox 1609 1379 1846 1416; x_wconf 89' lang='lat' dir='ltr'>testimonium</span> 
     </span>
     <span class='ocr_line' id='line_1_20' title="bbox 345 1437 1848 1487; baseline 0.001 -15"><span class='ocrx_word' id='word_1_188' title='bbox 345 1437 569 1486; x_wconf 87' lang='lat' dir='ltr'>perhibemus</span> <span class='ocrx_word' id='word_1_189' title='bbox 588 1458 596 1466; x_wconf 91' lang='lat'><strong>·</strong></span> <span class='ocrx_word' id='word_1_190' title='bbox 616 1452 656 1474; x_wconf 89' lang='lat' dir='ltr'>ac</span> <span class='ocrx_word' id='word_1_191' title='bbox 674 1439 712 1473; x_wconf 92' lang='lat' dir='ltr'>in</span> <span class='ocrx_word' id='word_1_192' title='bbox 730 1439 928 1474; x_wconf 79' lang='lat' dir='ltr'>animarum</span> <span class='ocrx_word' id='word_1_193' title='bbox 948 1438 1147 1474; x_wconf 85' lang='lat' dir='ltr'>nostrarum</span> <span class='ocrx_word' id='word_1_194' title='bbox 1167 1438 1364 1487; x_wconf 89' lang='lat' dir='ltr'>periculum</span> <span class='ocrx_word' id='word_1_195' title='bbox 1385 1438 1536 1473; x_wconf 88' lang='lat' dir='ltr'>scienter</span> <span class='ocrx_word' id='word_1_196' title='bbox 1554 1437 1765 1486; x_wconf 84' lang='lat' dir='ltr'>suscepimus</span> <span class='ocrx_word' id='word_1_197' title='bbox 1784 1458 1792 1466; x_wconf 90' lang='lat'><strong>·</strong></span> <span class='ocrx_word' id='word_1_198' title='bbox 1813 1443 1848 1473; x_wconf 89' lang='lat' dir='ltr'>et</span> 
     </span>
     <span class='ocr_line' id='line_1_21' title="bbox 346 1495 1848 1545; baseline 0.001 -15"><span class='ocrx_word' id='word_1_199' title='bbox 346 1495 390 1530; x_wconf 86' lang='lat' dir='ltr'>ad</span> <span class='ocrx_word' id='word_1_200' title='bbox 410 1502 616 1543; x_wconf 87' lang='lat' dir='ltr'>perpetuam</span> <span class='ocrx_word' id='word_1_201' title='bbox 631 1496 682 1532; x_wconf 88' lang='lat' dir='ltr'>rei</span> <span class='ocrx_word' id='word_1_202' title='bbox 701 1497 909 1532; x_wconf 90' lang='lat' dir='ltr'>memoriam</span> <span class='ocrx_word' id='word_1_203' title='bbox 926 1516 934 1524; x_wconf 91' lang='lat'><strong>·</strong></span> <span class='ocrx_word' id='word_1_204' title='bbox 953 1510 1028 1532; x_wconf 92' lang='lat' dir='ltr'>non</span> <span class='ocrx_word' id='word_1_205' title='bbox 1046 1497 1205 1545; x_wconf 91' lang='lat' dir='ltr'>corrupti</span> <span class='ocrx_word' id='word_1_206' title='bbox 1224 1509 1329 1544; x_wconf 84' lang='lat' dir='ltr'>prece</span> <span class='ocrx_word' id='word_1_207' title='bbox 1343 1495 1400 1531; x_wconf 91' lang='lat' dir='ltr'>vel</span> <span class='ocrx_word' id='word_1_208' title='bbox 1419 1496 1534 1544; x_wconf 91' lang='lat' dir='ltr'>pretio</span> <span class='ocrx_word' id='word_1_209' title='bbox 1553 1509 1675 1531; x_wconf 90' lang='lat' dir='ltr'>amore</span> <span class='ocrx_word' id='word_1_210' title='bbox 1689 1495 1747 1531; x_wconf 92' lang='lat' dir='ltr'>vel</span> <span class='ocrx_word' id='word_1_211' title='bbox 1766 1496 1848 1531; x_wconf 86' lang='lat' dir='ltr'>odio</span> 
     </span>
     <span class='ocr_line' id='line_1_22' title="bbox 349 1551 1849 1603; baseline 0.001 -16"><span class='ocrx_word' id='word_1_212' title='bbox 349 1551 573 1600; x_wconf 89' lang='lat' dir='ltr'>promislione</span> <span class='ocrx_word' id='word_1_213' title='bbox 592 1560 653 1589; x_wconf 90' lang='lat' dir='ltr'>aut</span> <span class='ocrx_word' id='word_1_214' title='bbox 671 1554 727 1603; x_wconf 90' lang='lat' dir='ltr'>spe</span> <span class='ocrx_word' id='word_1_215' title='bbox 746 1554 863 1602; x_wconf 86' lang='lat' dir='ltr'>aliqua</span> <span class='ocrx_word' id='word_1_216' title='bbox 881 1574 889 1582; x_wconf 92' lang='lat'><strong>·</strong></span> <span class='ocrx_word' id='word_1_217' title='bbox 913 1555 971 1590; x_wconf 90' lang='lat' dir='ltr'>sed</span> <span class='ocrx_word' id='word_1_218' title='bbox 989 1555 1072 1602; x_wconf 88' lang='lat' dir='ltr'>quia</span> <span class='ocrx_word' id='word_1_219' title='bbox 1089 1555 1220 1590; x_wconf 82' lang='lat' dir='ltr'>veritas</span> <span class='ocrx_word' id='word_1_220' title='bbox 1238 1555 1287 1589; x_wconf 88' lang='lat' dir='ltr'>ita</span> <span class='ocrx_word' id='word_1_221' title='bbox 1306 1553 1338 1590; x_wconf 93' lang='lat' dir='ltr'>se</span> <span class='ocrx_word' id='word_1_222' title='bbox 1355 1553 1480 1589; x_wconf 86' lang='lat' dir='ltr'>habuit</span> <span class='ocrx_word' id='word_1_223' title='bbox 1498 1559 1534 1589; x_wconf 86' lang='lat' dir='ltr'>et</span> <span class='ocrx_word' id='word_1_224' title='bbox 1551 1553 1658 1589; x_wconf 84' lang='lat' dir='ltr'>habet</span> <span class='ocrx_word' id='word_1_225' title='bbox 1676 1573 1685 1581; x_wconf 92' lang='lat'><strong>·</strong></span> <span class='ocrx_word' id='word_1_226' title='bbox 1705 1553 1849 1602; x_wconf 92' lang='lat' dir='ltr'>deponi-</span> 
     </span>
     <span class='ocr_line' id='line_1_23' title="bbox 349 1611 1850 1661; baseline 0.001 -16"><span class='ocrx_word' id='word_1_227' title='bbox 349 1623 428 1645; x_wconf 90' lang='lat' dir='ltr'>mus</span> <span class='ocrx_word' id='word_1_228' title='bbox 446 1616 480 1645; x_wconf 91' lang='lat' dir='ltr'>et</span> <span class='ocrx_word' id='word_1_229' title='bbox 499 1612 676 1647; x_wconf 84' lang='lat' dir='ltr'>afferimus</span> <span class='ocrx_word' id='word_1_230' title='bbox 693 1625 759 1647; x_wconf 90' lang='lat' dir='ltr'>nos</span> <span class='ocrx_word' id='word_1_231' title='bbox 777 1613 897 1648; x_wconf 80' lang='lat' dir='ltr'>vidisse</span> <span class='ocrx_word' id='word_1_232' title='bbox 916 1618 952 1648; x_wconf 90' lang='lat' dir='ltr'>et</span> <span class='ocrx_word' id='word_1_233' title='bbox 970 1612 1151 1661; x_wconf 80' lang='lat' dir='ltr'>inspexisse</span> <span class='ocrx_word' id='word_1_234' title='bbox 1170 1612 1361 1659; x_wconf 84' lang='lat' dir='ltr'>diligenter</span> <span class='ocrx_word' id='word_1_235' title='bbox 1378 1611 1557 1659; x_wconf 84' lang='lat' dir='ltr'>quandam</span> <span class='ocrx_word' id='word_1_236' title='bbox 1571 1611 1711 1648; x_wconf 84' lang='lat' dir='ltr'>literam</span> <span class='ocrx_word' id='word_1_237' title='bbox 1729 1616 1850 1659; x_wconf 85' lang='lat' dir='ltr'>paten-</span> 
     </span>
     <span class='ocr_line' id='line_1_24' title="bbox 349 1667 1849 1718; baseline 0.001 -16"><span class='ocrx_word' id='word_1_238' title='bbox 349 1673 421 1703; x_wconf 93' lang='lat' dir='ltr'>tem</span> <span class='ocrx_word' id='word_1_239' title='bbox 440 1668 531 1703; x_wconf 91' lang='lat' dir='ltr'>bone</span> <span class='ocrx_word' id='word_1_240' title='bbox 550 1670 721 1704; x_wconf 88' lang='lat' dir='ltr'>memorie</span> <span class='ocrx_word' id='word_1_241' title='bbox 740 1670 919 1717; x_wconf 88' lang='lat' dir='ltr'>quondam</span> <span class='ocrx_word' id='word_1_242' title='bbox 935 1670 1069 1706; x_wconf 88' lang='lat' dir='ltr'>domini</span> <span class='ocrx_word' id='word_1_243' title='bbox 1088 1670 1236 1706; x_wconf 86' lang='lat' dir='ltr'>Andree</span> <span class='ocrx_word' id='word_1_244' title='bbox 1251 1670 1402 1718; x_wconf 90' lang='lat' dir='ltr'>episcopi</span> <span class='ocrx_word' id='word_1_245' title='bbox 1418 1667 1650 1706; x_wconf 69' lang='lat' dir='ltr'>moraviensis</span> <span class='ocrx_word' id='word_1_246' title='bbox 1662 1667 1774 1716; x_wconf 84' lang='lat' dir='ltr'>figillo</span> <span class='ocrx_word' id='word_1_247' title='bbox 1788 1669 1849 1704; x_wconf 88' lang='lat' dir='ltr'>suo</span> 
     </span>
     <span class='ocr_line' id='line_1_25' title="bbox 351 1726 1850 1775; baseline 0.001 -15"><span class='ocrx_word' id='word_1_248' title='bbox 351 1726 387 1760; x_wconf 89' lang='lat' dir='ltr'>in</span> <span class='ocrx_word' id='word_1_249' title='bbox 405 1739 486 1761; x_wconf 91' lang='lat' dir='ltr'>cera</span> <span class='ocrx_word' id='word_1_250' title='bbox 503 1726 607 1762; x_wconf 88' lang='lat' dir='ltr'>viridi</span> <span class='ocrx_word' id='word_1_251' title='bbox 626 1727 846 1775; x_wconf 90' lang='lat' dir='ltr'>impendenti</span> <span class='ocrx_word' id='word_1_252' title='bbox 863 1727 1046 1775; x_wconf 78' lang='lat' dir='ltr'>sigillatam</span> <span class='ocrx_word' id='word_1_253' title='bbox 1074 1748 1082 1756; x_wconf 94' lang='lat'><strong>·</strong></span> <span class='ocrx_word' id='word_1_254' title='bbox 1110 1728 1228 1764; x_wconf 89' lang='lat' dir='ltr'>sanam</span> <span class='ocrx_word' id='word_1_255' title='bbox 1253 1734 1288 1764; x_wconf 90' lang='lat' dir='ltr'>et</span> <span class='ocrx_word' id='word_1_256' title='bbox 1312 1728 1489 1775; x_wconf 87' lang='lat' dir='ltr'>integram</span> <span class='ocrx_word' id='word_1_257' title='bbox 1514 1740 1554 1763; x_wconf 87' lang='lat' dir='ltr'>ac</span> <span class='ocrx_word' id='word_1_258' title='bbox 1579 1727 1678 1762; x_wconf 93' lang='lat' dir='ltr'>omni</span> <span class='ocrx_word' id='word_1_259' title='bbox 1699 1726 1788 1762; x_wconf 88' lang='lat' dir='ltr'>vitio</span> <span class='ocrx_word' id='word_1_260' title='bbox 1815 1731 1850 1762; x_wconf 90' lang='lat' dir='ltr'>et</span> 
     </span>
     <span class='ocr_line' id='line_1_26' title="bbox 351 1783 1850 1835; baseline 0.001 -17"><span class='ocrx_word' id='word_1_261' title='bbox 351 1783 542 1832; x_wconf 89' lang='lat' dir='ltr'>suspicione</span> <span class='ocrx_word' id='word_1_262' title='bbox 569 1790 746 1820; x_wconf 89' lang='lat' dir='ltr'>carentem</span> <span class='ocrx_word' id='word_1_263' title='bbox 774 1791 816 1820; x_wconf 92' lang='lat' dir='ltr'>ut</span> <span class='ocrx_word' id='word_1_264' title='bbox 841 1786 956 1833; x_wconf 87' lang='lat' dir='ltr'>prima</span> <span class='ocrx_word' id='word_1_265' title='bbox 981 1786 1069 1822; x_wconf 86' lang='lat' dir='ltr'>facie</span> <span class='ocrx_word' id='word_1_266' title='bbox 1096 1786 1288 1835; x_wconf 87' lang='lat' dir='ltr'>apparebat</span> <span class='ocrx_word' id='word_1_267' title='bbox 1307 1805 1315 1814; x_wconf 94' lang='lat'><strong>·</strong></span> <span class='ocrx_word' id='word_1_268' title='bbox 1340 1786 1379 1821; x_wconf 90' lang='lat' dir='ltr'>in</span> <span class='ocrx_word' id='word_1_269' title='bbox 1396 1799 1467 1833; x_wconf 87' lang='lat' dir='ltr'>qua</span> <span class='ocrx_word' id='word_1_270' title='bbox 1484 1785 1676 1821; x_wconf 85' lang='lat' dir='ltr'>cavebatur</span> <span class='ocrx_word' id='word_1_271' title='bbox 1694 1784 1850 1833; x_wconf 79' lang='lat' dir='ltr'>expresse</span> 
     </span>
     <span class='ocr_line' id='line_1_27' title="bbox 353 1841 1850 1892; baseline 0.001 -16"><span class='ocrx_word' id='word_1_272' title='bbox 353 1841 463 1890; x_wconf 89' lang='lat' dir='ltr'>ipsum</span> <span class='ocrx_word' id='word_1_273' title='bbox 482 1842 667 1877; x_wconf 90' lang='lat' dir='ltr'>dominum</span> <span class='ocrx_word' id='word_1_274' title='bbox 685 1842 896 1891; x_wconf 90' lang='lat' dir='ltr'>Episcopum</span> <span class='ocrx_word' id='word_1_275' title='bbox 916 1844 1072 1880; x_wconf 79' lang='lat' dir='ltr'>fundasse</span> <span class='ocrx_word' id='word_1_276' title='bbox 1087 1845 1249 1880; x_wconf 89' lang='lat' dir='ltr'>Domum</span> <span class='ocrx_word' id='word_1_277' title='bbox 1263 1844 1334 1880; x_wconf 90' lang='lat' dir='ltr'>Dei</span> <span class='ocrx_word' id='word_1_278' title='bbox 1347 1843 1455 1892; x_wconf 88' lang='lat' dir='ltr'>juxta</span> <span class='ocrx_word' id='word_1_279' title='bbox 1466 1843 1575 1891; x_wconf 86' lang='lat' dir='ltr'>Elgin</span> <span class='ocrx_word' id='word_1_280' title='bbox 1594 1862 1603 1870; x_wconf 93' lang='lat'><strong>·</strong></span> <span class='ocrx_word' id='word_1_281' title='bbox 1623 1848 1659 1878; x_wconf 88' lang='lat' dir='ltr'>et</span> <span class='ocrx_word' id='word_1_282' title='bbox 1676 1842 1850 1890; x_wconf 85' lang='lat' dir='ltr'>aliquibus</span> 
     </span>
     <span class='ocr_line' id='line_1_28' title="bbox 353 1899 1850 1948; baseline 0 -13"><span class='ocrx_word' id='word_1_283' title='bbox 353 1900 457 1935; x_wconf 90' lang='lat' dir='ltr'>certis</span> <span class='ocrx_word' id='word_1_284' title='bbox 471 1899 666 1935; x_wconf 86' lang='lat' dir='ltr'>redditibus</span> <span class='ocrx_word' id='word_1_285' title='bbox 684 1913 772 1947; x_wconf 91' lang='lat' dir='ltr'>quos</span> <span class='ocrx_word' id='word_1_286' title='bbox 786 1901 991 1936; x_wconf 89' lang='lat' dir='ltr'>memoriter</span> <span class='ocrx_word' id='word_1_287' title='bbox 1005 1915 1079 1937; x_wconf 92' lang='lat' dir='ltr'>non</span> <span class='ocrx_word' id='word_1_288' title='bbox 1093 1908 1257 1938; x_wconf 90' lang='lat' dir='ltr'>tenemus</span> <span class='ocrx_word' id='word_1_289' title='bbox 1271 1901 1403 1937; x_wconf 83' lang='lat' dir='ltr'>dotaffe</span> <span class='ocrx_word' id='word_1_290' title='bbox 1419 1901 1569 1937; x_wconf 85' lang='lat' dir='ltr'>eandem</span> <span class='ocrx_word' id='word_1_291' title='bbox 1583 1920 1591 1929; x_wconf 92' lang='lat'><strong>·</strong></span> <span class='ocrx_word' id='word_1_292' title='bbox 1607 1906 1643 1936; x_wconf 91' lang='lat' dir='ltr'>et</span> <span class='ocrx_word' id='word_1_293' title='bbox 1656 1900 1753 1948; x_wconf 93' lang='lat' dir='ltr'>quod</span> <span class='ocrx_word' id='word_1_294' title='bbox 1766 1899 1850 1936; x_wconf 88' lang='lat' dir='ltr'>totis</span> 
     </span>
     <span class='ocr_line' id='line_1_29' title="bbox 351 1957 1851 2006; baseline 0.001 -15"><span class='ocrx_word' id='word_1_295' title='bbox 351 1957 571 2005; x_wconf 84' lang='lat' dir='ltr'>temporibus</span> <span class='ocrx_word' id='word_1_296' title='bbox 591 1957 716 1993; x_wconf 89' lang='lat' dir='ltr'>nostris</span> <span class='ocrx_word' id='word_1_297' title='bbox 740 1958 890 2006; x_wconf 90' lang='lat' dir='ltr'>episcopi</span> <span class='ocrx_word' id='word_1_298' title='bbox 912 1960 1152 1996; x_wconf 69' lang='lat' dir='ltr'>moravienses</span> <span class='ocrx_word' id='word_1_299' title='bbox 1170 1960 1231 1995; x_wconf 85' lang='lat' dir='ltr'>soli</span> <span class='ocrx_word' id='word_1_300' title='bbox 1252 1965 1287 1995; x_wconf 90' lang='lat' dir='ltr'>et</span> <span class='ocrx_word' id='word_1_301' title='bbox 1304 1960 1341 1994; x_wconf 91' lang='lat' dir='ltr'>in</span> <span class='ocrx_word' id='word_1_302' title='bbox 1360 1959 1511 1995; x_wconf 92' lang='lat' dir='ltr'>solidum</span> <span class='ocrx_word' id='word_1_303' title='bbox 1530 1958 1763 1994; x_wconf 89' lang='lat' dir='ltr'>contulerunt</span> <span class='ocrx_word' id='word_1_304' title='bbox 1780 1958 1851 1993; x_wconf 91' lang='lat' dir='ltr'>dic-</span> 
     </span>
     <span class='ocr_line' id='line_1_30' title="bbox 351 2015 1849 2065; baseline 0.001 -16"><span class='ocrx_word' id='word_1_305' title='bbox 351 2021 423 2050; x_wconf 90' lang='lat' dir='ltr'>tam</span> <span class='ocrx_word' id='word_1_306' title='bbox 443 2015 605 2050; x_wconf 92' lang='lat' dir='ltr'>Domum</span> <span class='ocrx_word' id='word_1_307' title='bbox 624 2015 695 2050; x_wconf 90' lang='lat' dir='ltr'>Dei</span> <span class='ocrx_word' id='word_1_308' title='bbox 722 2016 885 2063; x_wconf 89' lang='lat' dir='ltr'>quotiens</span> <span class='ocrx_word' id='word_1_309' title='bbox 911 2018 1050 2052; x_wconf 87' lang='lat' dir='ltr'>vacavit</span> <span class='ocrx_word' id='word_1_310' title='bbox 1077 2016 1219 2053; x_wconf 88' lang='lat' dir='ltr'>diversis</span> <span class='ocrx_word' id='word_1_311' title='bbox 1244 2016 1415 2065; x_wconf 86' lang='lat' dir='ltr'>magistris</span> <span class='ocrx_word' id='word_1_312' title='bbox 1441 2016 1568 2064; x_wconf 85' lang='lat' dir='ltr'>absque</span> <span class='ocrx_word' id='word_1_313' title='bbox 1591 2016 1849 2064; x_wconf 89' lang='lat' dir='ltr'>impedimento</span> 
     </span>
     <span class='ocr_line' id='line_1_31' title="bbox 351 2072 1850 2124; baseline 0.001 -17"><span class='ocrx_word' id='word_1_314' title='bbox 351 2072 589 2120; x_wconf 87' lang='lat' dir='ltr'>cujuscunque</span> <span class='ocrx_word' id='word_1_315' title='bbox 614 2092 622 2100; x_wconf 93' lang='lat'><strong>·</strong></span> <span class='ocrx_word' id='word_1_316' title='bbox 651 2079 686 2108; x_wconf 92' lang='lat' dir='ltr'>et</span> <span class='ocrx_word' id='word_1_317' title='bbox 710 2072 770 2121; x_wconf 88' lang='lat' dir='ltr'>ipsi</span> <span class='ocrx_word' id='word_1_318' title='bbox 791 2074 945 2121; x_wconf 83' lang='lat' dir='ltr'>magistri</span> <span class='ocrx_word' id='word_1_319' title='bbox 963 2088 1026 2122; x_wconf 87' lang='lat' dir='ltr'>per</span> <span class='ocrx_word' id='word_1_320' title='bbox 1045 2075 1236 2124; x_wconf 89' lang='lat' dir='ltr'>Episcopos</span> <span class='ocrx_word' id='word_1_321' title='bbox 1255 2074 1298 2110; x_wconf 91' lang='lat' dir='ltr'>sic</span> <span class='ocrx_word' id='word_1_322' title='bbox 1316 2073 1445 2124; x_wconf 85' lang='lat' dir='ltr'>provisi</span> <span class='ocrx_word' id='word_1_323' title='bbox 1462 2079 1498 2110; x_wconf 91' lang='lat' dir='ltr'>et</span> <span class='ocrx_word' id='word_1_324' title='bbox 1516 2074 1674 2122; x_wconf 83' lang='lat' dir='ltr'>promoti</span> <span class='ocrx_word' id='word_1_325' title='bbox 1695 2073 1850 2121; x_wconf 77' lang='lat' dir='ltr'>possede-</span> 
     </span>
     <span class='ocr_line' id='line_1_32' title="bbox 351 2129 1850 2178; baseline 0.001 -15"><span class='ocrx_word' id='word_1_326' title='bbox 351 2135 436 2164; x_wconf 89' lang='lat' dir='ltr'>runt</span> <span class='ocrx_word' id='word_1_327' title='bbox 460 2129 566 2178; x_wconf 89' lang='lat' dir='ltr'>ipsam</span> <span class='ocrx_word' id='word_1_328' title='bbox 591 2143 671 2165; x_wconf 91' lang='lat' dir='ltr'>cum</span> <span class='ocrx_word' id='word_1_329' title='bbox 697 2131 800 2166; x_wconf 85' lang='lat' dir='ltr'>terris</span> <span class='ocrx_word' id='word_1_330' title='bbox 825 2137 860 2166; x_wconf 92' lang='lat' dir='ltr'>et</span> <span class='ocrx_word' id='word_1_331' title='bbox 885 2132 1081 2167; x_wconf 87' lang='lat' dir='ltr'>redditibus</span> <span class='ocrx_word' id='word_1_332' title='bbox 1102 2133 1169 2168; x_wconf 88' lang='lat' dir='ltr'>suis</span> <span class='ocrx_word' id='word_1_333' title='bbox 1186 2131 1356 2168; x_wconf 79' lang='lat' dir='ltr'>universis</span> <span class='ocrx_word' id='word_1_334' title='bbox 1373 2131 1444 2168; x_wconf 87' lang='lat' dir='ltr'>fine</span> <span class='ocrx_word' id='word_1_335' title='bbox 1462 2131 1749 2168; x_wconf 67' lang='lat' dir='ltr'>contradi&amp;ione</span> <span class='ocrx_word' id='word_1_336' title='bbox 1767 2143 1850 2178; x_wconf 87' lang='lat' dir='ltr'>qua-</span> 
     </span>
     <span class='ocr_line' id='line_1_33' title="bbox 351 2187 1850 2239; baseline 0.001 -17"><span class='ocrx_word' id='word_1_337' title='bbox 351 2200 491 2234; x_wconf 90' lang='lat' dir='ltr'>cunque</span> <span class='ocrx_word' id='word_1_338' title='bbox 510 2187 646 2223; x_wconf 91' lang='lat' dir='ltr'>domini</span> <span class='ocrx_word' id='word_1_339' title='bbox 664 2187 771 2223; x_wconf 89' lang='lat' dir='ltr'>nostri</span> <span class='ocrx_word' id='word_1_340' title='bbox 787 2188 897 2236; x_wconf 85' lang='lat' dir='ltr'>Regis</span> <span class='ocrx_word' id='word_1_341' title='bbox 910 2189 967 2224; x_wconf 93' lang='lat' dir='ltr'>vel</span> <span class='ocrx_word' id='word_1_342' title='bbox 981 2190 1128 2225; x_wconf 87' lang='lat' dir='ltr'>alterius</span> <span class='ocrx_word' id='word_1_343' title='bbox 1146 2191 1387 2239; x_wconf 87' lang='lat' dir='ltr'>cujuscunque</span> <span class='ocrx_word' id='word_1_344' title='bbox 1403 2209 1411 2218; x_wconf 91' lang='lat'><strong>·</strong></span> <span class='ocrx_word' id='word_1_345' title='bbox 1443 2190 1486 2225; x_wconf 89' lang='lat' dir='ltr'>In</span> <span class='ocrx_word' id='word_1_346' title='bbox 1500 2187 1850 2238; x_wconf 79' lang='lat' dir='ltr'>premiss&#39;orum&#39;testi-</span> 
     </span>
     <span class='ocr_line' id='line_1_34' title="bbox 351 2243 1849 2297; baseline 0.001 -18"><span class='ocrx_word' id='word_1_347' title='bbox 351 2245 511 2280; x_wconf 91' lang='lat' dir='ltr'>monium</span> <span class='ocrx_word' id='word_1_348' title='bbox 540 2243 649 2293; x_wconf 82' lang='lat' dir='ltr'>sigilla</span> <span class='ocrx_word' id='word_1_349' title='bbox 676 2245 793 2281; x_wconf 89' lang='lat' dir='ltr'>nostra</span> <span class='ocrx_word' id='word_1_350' title='bbox 818 2246 1036 2294; x_wconf 82' lang='lat' dir='ltr'>presentibus</span> <span class='ocrx_word' id='word_1_351' title='bbox 1064 2248 1144 2283; x_wconf 87' lang='lat' dir='ltr'>sunt</span> <span class='ocrx_word' id='word_1_352' title='bbox 1171 2249 1323 2297; x_wconf 89' lang='lat' dir='ltr'>appensa</span> <span class='ocrx_word' id='word_1_353' title='bbox 1349 2268 1357 2276; x_wconf 92' lang='lat'>·</span> <span class='ocrx_word' id='word_1_354' title='bbox 1388 2248 1528 2283; x_wconf 86' lang='lat' dir='ltr'>Datum</span> <span class='ocrx_word' id='word_1_355' title='bbox 1555 2246 1649 2295; x_wconf 88' lang='lat' dir='ltr'>apud</span> <span class='ocrx_word' id='word_1_356' title='bbox 1677 2245 1849 2282; x_wconf 89' lang='lat' dir='ltr'>Aberden</span> 
     </span>
     <span class='ocr_line' id='line_1_35' title="bbox 352 2302 1771 2353; baseline 0 -15"><span class='ocrx_word' id='word_1_357' title='bbox 352 2303 458 2338; x_wconf 90' lang='lat' dir='ltr'>tertio</span> <span class='ocrx_word' id='word_1_358' title='bbox 477 2303 533 2338; x_wconf 92' lang='lat' dir='ltr'>die</span> <span class='ocrx_word' id='word_1_359' title='bbox 552 2302 676 2338; x_wconf 88' lang='lat' dir='ltr'>mensis</span> <span class='ocrx_word' id='word_1_360' title='bbox 694 2303 909 2339; x_wconf 83' lang='lat' dir='ltr'>Novembris</span> <span class='ocrx_word' id='word_1_361' title='bbox 926 2318 1021 2340; x_wconf 88' lang='lat' dir='ltr'>anno</span> <span class='ocrx_word' id='word_1_362' title='bbox 1041 2306 1190 2341; x_wconf 91' lang='lat' dir='ltr'>Domini</span> <span class='ocrx_word' id='word_1_363' title='bbox 1210 2311 1364 2343; x_wconf 79' lang='lat' dir='ltr'>·m⁰·ccc⁰·</span> <span class='ocrx_word' id='word_1_364' title='bbox 1383 2303 1612 2353; x_wconf 83' lang='lat' dir='ltr'>nonagesimo</span> <span class='ocrx_word' id='word_1_365' title='bbox 1630 2304 1747 2352; x_wconf 90' lang='lat' dir='ltr'>primo</span> <span class='ocrx_word' id='word_1_366' title='bbox 1763 2323 1771 2331; x_wconf 95' lang='lat'><strong>·</strong></span> 
     </span>
    </p>
   </div>
  </div>
 </body>
</html>
