1912 2660
205 882 251 914 s

314 149 387 182 330
713 145 1031 183 REGISTRUM
1058 145 1424 184 MORAVIENSE.

315 245 604 294 Dunfermelyne
624 251 660 282 et
677 246 810 282 assensu
830 245 942 293 Regis
968 244 992 280 fi
1018 246 1179 294 ydoneus
1206 245 1253 280 ibi
1279 243 1485 279 inveniatur
1510 243 1721 291 subrogetur
1740 263 1748 272 ·
1770 244 1820 281 fin

313 308 433 338 autem
451 304 494 339 de
509 303 651 340 ecclesia
665 304 708 340 de
724 303 1011 352 Dunfermelyne
1029 303 1223 350 accipiatur
1238 321 1246 329 ·
1272 301 1354 336 Hee
1371 299 1602 348 personarum
1616 301 1818 350 subrogatio

313 360 566 397 inviolabiliter
584 362 837 410 inperpetuum
856 361 950 396 inter
964 373 1024 396 eos
1042 358 1129 395 ficut
1147 359 1350 408 predifflmm
1369 357 1418 393 est
1435 357 1665 394 conservetur
1683 378 1691 387 ·
1719 359 1818 396 Volo

312 418 418 453 etiam
443 424 478 454 et
504 419 662 468 precipio
689 419 785 467 quod
813 416 955 454 ecclefia
981 417 1144 465 prediGta
1173 421 1208 451 et
1235 415 1334 464 prior
1363 420 1399 451 et
1426 415 1553 451 fratres
1572 415 1728 464 ejusdem
1745 417 1815 453 loci

311 476 464 512 habeant
491 482 527 513 et
550 482 697 513 teneant
724 489 779 511 res
805 475 984 523 predi6tas
1008 474 1058 509 ita
1081 474 1191 509 libere
1219 479 1254 508 et
1278 473 1397 520 quiete
1423 471 1511 508 ficut
1534 473 1652 521 aliqua
1673 474 1814 511 ecclefia

310 533 346 568 in
365 539 461 570 terra
479 548 558 570 mea
575 535 681 570 habet
699 539 735 570 et
752 537 852 568 tenet
869 532 1023 579 quietius
1041 536 1077 567 et
1094 531 1240 567 liberius
1259 550 1267 558 ·
1296 529 1459 568 Testibus
1478 530 1630 567 Andrea
1651 531 1814 581 episcopo

309 596 345 628 et
363 591 484 627 multis
502 593 578 628 aliis
598 612 606 620 ·

308 764 418 800 Carta
435 764 618 802 malcolmi
640 763 750 811 Regis
769 761 928 798 concessa
945 760 1093 798 matheo
1112 760 1275 809 episcopo
1295 761 1544 798 Aberdonenfi
1559 781 1567 790 ·

305 879 519 916 malcolmus
546 879 617 914 Dei
641 878 755 926 gratia
785 877 867 912 Rex
896 876 1103 912 Scottorum
1132 877 1298 913 omnibus
1325 877 1445 926 probis
1470 877 1674 915 hominibus
1701 880 1811 916 totius

304 943 398 973 terre
416 938 475 973 sue
494 937 630 972 clericis
648 942 684 971 et
701 935 799 971 laicis
818 934 964 970 salutem
985 954 993 962 ·
1022 934 1144 971 Sciant
1166 934 1345 983 presentes
1363 940 1400 971 et
1417 935 1526 971 futuri
1545 950 1602 972 me
1627 937 1756 973 dediffe
1774 943 1809 974 et

303 995 368 1030 hac
387 1000 484 1030 carta
498 1007 578 1030 mea
591 993 811 1029 confirmasse
826 992 910 1028 Deo
928 997 964 1028 et
981 992 1085 1028 beate
1103 992 1218 1029 marie
1232 998 1269 1028 et
1282 992 1387 1029 beato
1401 994 1588 1030 machoi-io
1608 1000 1643 1030 et
1662 996 1808 1032 matheo

302 1053 463 1101 episcopo
486 1049 735 1087 Aberdonenfi
763 1055 878 1086 totam
906 1049 1029 1086 villam
1056 1050 1100 1086 de
1127 1050 1255 1086 Veteri
1279 1050 1456 1086 Aberdon
1483 1065 1563 1087 cum
1594 1051 1737 1089 ecclefia
1764 1054 1808 1090 de

303 1110 472 1157 Kyrkton
492 1114 527 1145 et
544 1108 771 1157 pertinentiis
790 1128 798 1136 ·
820 1108 1003 1144 dimidiam
1022 1121 1151 1156 aquam
1169 1108 1214 1144 de
1232 1108 1342 1144 Done
1362 1127 1370 1136 ·
1397 1108 1496 1157 Slaty
1510 1129 1518 1137 ·
1539 1109 1662 1146 Goule
1681 1130 1689 1139 ·
1709 1113 1807 1148 (Dur-

300 1167 392 1203 croft
410 1187 418 1195 ·
441 1167 685 1215 Kynmunedy
705 1186 713 1194 ·
734 1166 962 1204 malmenach
982 1185 990 1194 ·
1011 1165 1181 1214 Tuligirg
1200 1185 1209 1194 ·
1235 1165 1383 1201 schiram
1409 1167 1453 1202 de
1479 1167 1562 1203 Clat
1590 1181 1672 1203 cum
1702 1170 1807 1217 perti.

298 1225 429 1260 nentiis
456 1230 492 1260 et
511 1223 690 1260 ecelefiam
710 1243 719 1252 ·
746 1224 896 1260 schiram
916 1224 960 1260 de
979 1223 1180 1272 Tulynestil
1198 1237 1280 1260 cum
1299 1224 1526 1272 pertinentiis
1544 1230 1580 1261 et
1597 1225 1777 1263 ecclefiam
1797 1247 1804 1255 ·

297 1283 445 1319 schiram
465 1283 509 1319 de
530 1282 634 1318 Rane
654 1295 735 1318 cum
753 1282 979 1331 pertinentiis
998 1287 1034 1318 et
1052 1280 1232 1318 ecclefiam
1251 1302 1260 1311 ·
1288 1282 1438 1318 schiram
1463 1283 1508 1319 de
1526 1283 1699 1332 Davyoth
1723 1298 1805 1321 cum

298 1341 522 1389 pertinentiis
541 1346 577 1376 et
595 1339 776 1377 ecclesiam
798 1360 807 1368 ·
836 1338 1016 1376 ecclesiam
1041 1340 1085 1376 de
1108 1340 1321 1377 Fethirnere
1350 1354 1433 1377 cum
1462 1346 1558 1377 terra
1586 1341 1740 1390 ejusdem
1770 1348 1805 1379 et

297 1399 520 1447 pertinentiis
533 1418 541 1427 ·
562 1398 742 1435 ecclefiam
759 1398 883 1435 Samffi
897 1398 1064 1434 Nicholai
1079 1398 1123 1434 de
1136 1398 1311 1435 Aberden
1329 1412 1410 1435 cum
1426 1399 1652 1447 pertinentiis
1664 1419 1672 1428 ·
1692 1405 1804 1436 terras

296 1457 340 1492 de
360 1457 454 1492 Elon
473 1470 555 1493 cum
574 1457 801 1506 pertinentiis
816 1476 824 1485 ·
844 1455 1024 1493 ecclefiam
1044 1457 1088 1493 de
1107 1455 1267 1505 Octirlys
1286 1470 1368 1493 cum
1386 1462 1483 1493 terra
1501 1462 1538 1493 et
1554 1458 1779 1506 pertinentiis
1793 1478 1802 1487 ·

296 1514 475 1550 ecclesiam
494 1515 538 1551 de
557 1515 679 1564 Owyn
705 1528 787 1551 cum
811 1521 908 1551 terra
932 1520 968 1551 et
992 1515 1221 1563 pertinentiis
1240 1535 1250 1545 ·
1277 1514 1457 1552 ecclesiam
1485 1515 1529 1551 de
1552 1515 1802 1553 Inuercrudan

294 1586 374 1608 cum
394 1578 490 1608 terra
508 1578 542 1609 et
560 1573 787 1622 pertinentiis
805 1592 813 1602 ·
842 1572 1023 1609 ecclesiam
1042 1573 1085 1609 de
1105 1573 1417 1621 Banchrydeueny
1435 1586 1518 1609 cum
1539 1578 1636 1610 terra
1662 1580 1698 1610 et
1724 1587 1801 1623 per·

293 1631 454 1666 tinentiis
473 1651 481 1659 ·
501 1631 680 1668 ecclesiam
699 1632 743 1668 de
759 1632 935 1680 Balheluy
949 1645 1031 1668 cum
1049 1638 1147 1668 terra
1160 1637 1196 1668 et
1209 1632 1434 1681 pertinentiis
1449 1652 1457 1660 -
1477 1632 1649 1668 decimam
1669 1645 1799 1668 canum

294 1689 438 1724 navium
467 1702 536 1736 que
561 1690 713 1726 veniunt
740 1690 836 1739 apud
864 1689 1038 1726 Aberden
1056 1709 1066 1720 ·
1094 1690 1268 1726 decimam
1298 1703 1441 1726 annone
1469 1690 1507 1725 in
1534 1690 1661 1726 eodem
1687 1690 1768 1726 loco
1788 1710 1797 1719 ο

293 1747 466 1782 decimam
495 1760 610 1782 meam
635 1748 679 1783 de
706 1748 904 1784 redditibus
926 1748 1014 1784 meis
1036 1753 1072 1784 et
1094 1748 1255 1785 omnium
1274 1748 1489 1784 escaetarum
1508 1760 1565 1784 me
1587 1748 1798 1796 contingen·

292 1805 381 1840 tium
397 1804 491 1840 inter
510 1805 598 1840 duas
614 1819 721 1852 aquas
740 1819 808 1853 que
824 1806 928 1842 -Dee·
948 1811 985 1842 et
1004 1806 1118 1855 ·Spee·
1138 1806 1309 1842 dicuntur
1322 1825 1330 1833 ·
1351 1805 1525 1841 decimam
1542 1805 1794 1853 thanagiorum

292 1875 455 1898 meorum
481 1868 517 1898 et
540 1862 753 1899 escaetarum
772 1877 829 1900 me
848 1864 1137 1912 contingentium
1162 1864 1254 1899 infra
1271 1863 1540 1899 vicecomitatus
1558 1863 1602 1899 de
1622 1862 1795 1899 Aberden

290 1926 326 1955 et
345 1920 389 1956 de
409 1920 507 1956 Banf
521 1940 529 1948 -
558 1920 750 1956 Tenendas
777 1928 813 1957 et
838 1922 1019 1958 habendas
1046 1922 1145 1958 (11ἃο
1172 1921 1335 1970 episcopo
1354 1921 1502 1958 matheo
1521 1926 1557 1957 et
1575 1920 1651 1969 ejus
1668 1920 1795 1957 succes-

290 1978 424 2013 soribus
452 1978 488 2013 in
514 1991 641 2026 puram
669 1984 704 2014 et
730 1980 878 2016 liberam
905 1979 1131 2016 elemosinam
1158 1978 1246 2016 ficut
1267 1978 1386 2027 aliqua
1403 1977 1592 2015 elemosina
1617 1979 1655 2014 in
1681 1991 1793 2026 regno

289 2048 369 2071 meo
397 2036 541 2071 liberius
566 2041 710 2071 tenetur
737 2037 795 2073 seu
820 2036 1014 2086 poffidetur
1034 2058 1042 2066 -
1071 2037 1176 2074 Teste
1199 2036 1333 2086 meipso
1351 2056 1361 2065 ·
1389 2042 1425 2072 et
1444 2036 1627 2073 Edwardo
1658 2036 1794 2072 cancel·

288 2093 377 2129 lario
402 2113 410 2121 ·
442 2094 465 2130 J
468 2094 608 2129 ohanne
639 2095 834 2130 camerario
853 2115 862 2124 ·
891 2096 986 2143 apud
1016 2095 1197 2146 Strivelyn
1227 2093 1393 2131 vicefimo
1425 2094 1482 2130 die
1512 2093 1666 2143 Augusti
1696 2106 1792 2130 anno

288 2151 390 2199 regni
408 2152 476 2187 mei
495 2150 688 2189 undecimo
707 2171 715 2181 ·
