2060 2660
251 666 319 706 196

345 173 418 207 230
744 169 1061 207 REGISTRUM
1088 169 1454 206 MORAVIENSE.

347 282 428 305 cum
452 267 669 317 appositione
699 267 893 317 figillorum
925 269 1013 304 ᾶίἇὶί
1042 268 1194 317 supremi
1220 268 1356 302 domini
1386 265 1495 301 nostri
1523 264 1633 311 Regis
1666 265 1844 302 dictorum

348 326 628 362 reverendorum
658 327 694 361 in
727 326 866 362 Christo
898 333 1038 374 patrum
1075 332 1111 362 et
1142 326 1370 361 dominorum
1402 322 1678 371 prescriptorum
1713 321 1844 371 fignavi

347 382 531 431 requisitus
549 384 586 419 in
603 384 711 420 fidem
729 389 765 420 et
783 383 1021 420 testimonium
1041 383 1201 419 omnium
1221 381 1467 429 premissorum
1487 398 1495 406 ·

349 555 628 592 Instrumentum
646 557 748 605 super
766 554 1018 604 compositione
1037 554 1081 589 de
1100 554 1204 589 terris
1222 553 1266 588 de
1287 553 1395 601 Ryny
1414 568 1422 580 a

348 671 392 707 In
405 671 477 707 Dei
490 672 634 707 nomine
645 683 765 706 amen·
783 670 851 706 Per
863 669 930 704 hoc
941 668 1083 716 presens
1095 667 1278 715 publicum
1290 667 1562 703 instrumentum
1577 669 1717 704 cunetis
1728 673 1845 716 pateat

346 729 530 765 evidenter
544 729 640 776 quod
654 742 749 763 anno
765 727 915 763 Domini
930 724 1114 761 millefimo
1128 724 1475 773 quadringentesimo
1490 726 1699 774 sexagesimo
1718 730 1845 774 quarto

347 786 471 822 meniis
495 799 579 821 vero
607 786 693 822 maii
720 786 776 820 die
799 783 961 820 vicefimo
982 803 990 811 ·
1018 783 1217 818 indidffione
1240 783 1452 819 duodecima
1470 804 1478 812 ·
1506 785 1734 832 pontificatus
1753 785 1846 821 sanc-

345 842 461 879 tiffimi
480 844 516 878 in
536 843 674 879 Christo
693 843 801 891 patris
824 847 859 877 et
884 840 1020 876 domini
1045 840 1153 875 nostri
1180 841 1315 876 domini
1341 841 1392 888 Pij
1415 841 1535 877 divina
1553 842 1759 890 disponente
1778 843 1846 878 cle-

346 901 480 937 mentia
499 901 592 948 Pape
612 900 753 935 secundi
771 912 865 934 anno
884 899 981 934 sexto
1001 917 1009 926 ·
1037 898 1075 932 in
1101 898 1288 933 reverendi
1311 899 1348 933 in
1367 898 1506 934 Christo
1529 900 1637 947 patris
1656 905 1691 934 et
1710 900 1845 935 domini

346 959 415 994 mei
434 958 570 993 domini
588 957 739 992 Davidis
758 957 829 992 Dei
853 962 888 992 et
913 955 1102 1003 apostolice
1120 955 1209 991 sedis
1226 956 1341 1003 gratia
1358 956 1508 1004 episcopi
1530 955 1760 993 moraviensis
1784 957 1847 992 tes-

346 1016 506 1062 tiumque
526 1015 826 1062 infrascriptorum
842 1013 1018 1061 presentia
1031 1026 1071 1048 ac
1086 1013 1155 1048 mei
1170 1013 1299 1048 notarii
1317 1013 1448 1061 publici
1467 1014 1641 1062 presentia
1659 1015 1847 1062 personali-

347 1080 401 1109 ter
420 1072 628 1108 constitutus
647 1071 855 1118 magnificus
873 1076 909 1106 et
927 1076 1120 1118 prepotens
1135 1070 1302 1105 dominus
1321 1071 1486 1106 dominus
1507 1071 1715 1107 Alexander
1729 1085 1846 1108 comes

347 1131 389 1166 de
406 1130 559 1165 Huntlie
574 1135 609 1164 et
624 1129 789 1164 dominus
804 1129 848 1163 de
864 1128 1095 1176 Baydenacht
1110 1127 1366 1163 deliberatione
1385 1129 1429 1163 ad
1449 1129 1657 1164 memoriam
1673 1130 1845 1165 reducens

346 1187 505 1235 exposuit
522 1186 674 1233 qualiter
691 1186 785 1221 inter
803 1186 982 1234 prefatum
1000 1186 1243 1221 reverendum
1262 1186 1299 1220 in
1319 1185 1459 1222 Christo
1477 1192 1614 1234 patrem
1634 1187 1778 1223 nomine
1794 1200 1847 1223 ec·-

346 1244 444 1280 818118
463 1244 521 1279 sue
540 1257 580 1279 ac
598 1243 709 1292 ipsum
729 1248 968 1291 exponentem
988 1244 1139 1290 quedam
1159 1242 1398 1279 controverfia
1412 1242 1480 1279 five
1495 1244 1622 1279 debata
1636 1258 1744 1292 penes
1758 1244 1847 1280 solu-

346 1302 480 1337 tionem
500 1307 595 1336 certe
614 1314 733 1336 annue
751 1301 853 1336 firme
872 1301 931 1336 seu
949 1301 1061 1336 annui
1075 1300 1236 1336 redditus
1251 1301 1382 1349 septem
1396 1301 1567 1337 librarum
1582 1302 1640 1337 sex
1654 1302 1845 1337 solidorum

347 1365 381 1395 et
396 1359 479 1394 οᾶὶο
495 1359 724 1394 denariorum
738 1358 987 1406 sterlingorum
1003 1358 1172 1406 legalium
1188 1359 1231 1394 de
1246 1359 1350 1394 terris
1365 1359 1408 1394 de
1423 1359 1529 1407 Ryny
1546 1378 1553 1386 ·
1571 1359 1824 1394 Duubannane
1838 1377 1845 1386 ·

348 1416 574 1464 Drumdelgy
594 1436 602 1444 ·
634 1416 815 1452 Rothwen
841 1422 877 1452 et
896 1416 1077 1464 Butharry
1096 1433 1104 1444 ·
1131 1415 1272 1452 ecclefie
1302 1422 1338 1452 et
1366 1417 1527 1465 episcopo
1550 1416 1763 1454 moraviensi
1787 1431 1847 1452 an-

347 1475 483 1510 nuatim
507 1474 709 1509 debitorum
729 1493 737 1501 ·
757 1474 924 1510 videlicet
942 1487 1007 1522 pro
1027 1479 1123 1510 terra
1146 1487 1215 1521 que
1237 1475 1367 1510 dicitur
1390 1473 1530 1510 ecclesie
1549 1475 1592 1510 de
1613 1476 1719 1523 Ryny
1738 1477 1847 1513 trium

349 1545 547 1567 marcarum
573 1551 581 1559 ·
612 1544 676 1579 pro
700 1538 796 1567 terra
813 1545 882 1579 que
901 1532 1031 1567 dicitur
1049 1530 1191 1567 ecclefie
1210 1532 1254 1567 de
1273 1532 1528 1568 Dunbannane
1547 1533 1698 1568 duarum
1717 1547 1848 1570 marca-

349 1602 429 1624 rum
449 1608 456 1616 ·
477 1602 541 1636 pro
556 1595 651 1624 terra
668 1602 736 1636 que
755 1590 885 1625 dicitur
904 1588 1044 1625 ecclefie
1063 1590 1107 1625 de
1127 1590 1354 1638 Drumdelgy
1373 1590 1524 1625 duarum
1544 1604 1742 1626 marcarum
1759 1611 1766 1619 ·
1783 1605 1848 1640 pro

350 1652 447 1682 terra
464 1659 532 1693 que
551 1646 680 1681 dicitur
699 1646 839 1683 ecclefie
858 1648 902 1683 de
919 1648 1101 1683 Rothwen
1121 1647 1272 1683 duarum
1291 1661 1491 1683 marcarum
1506 1667 1514 1675 ·
1535 1654 1570 1683 et
1587 1661 1653 1694 pro
1672 1655 1767 1684 terra
1780 1663 1847 1697 que

351 1703 481 1739 dicitur
508 1702 647 1739 ecclefie
676 1704 718 1739 de
743 1704 924 1753 Butharry
945 1705 1097 1740 duarum
1121 1718 1319 1740 marcarum
1344 1725 1352 1733 ·
1381 1711 1422 1740 ut
1448 1706 1541 1741 idem
1569 1706 1734 1741 dominus
1755 1707 1849 1755 Epis-

352 1774 462 1807 copus
480 1761 621 1796 afferuit
640 1780 648 1789 ·
672 1761 788 1797 suerat
813 1769 937 1799 exorta
961 1782 969 1790 ·
995 1769 1031 1798 et
1053 1763 1098 1799 ad
1122 1762 1364 1798 diffiniendam
1383 1769 1419 1798 et
1436 1763 1690 1811 amputandam
1708 1769 1849 1799 contro-

352 1817 497 1854 versiam
525 1818 725 1866 hujusmodi
751 1821 951 1867 comparuit
969 1840 977 1848 ·
1008 1821 1114 1856 etiam
1137 1820 1333 1855 affirmabat
1351 1821 1532 1867 quomodo
1550 1834 1613 1869 per
1630 1821 1849 1857 venerabiles

353 1877 389 1910 in
409 1874 547 1911 Christo
574 1881 691 1923 patres
717 1876 920 1912 Johannem
947 1878 991 1913 de
1020 1878 1158 1913 Elleme
1182 1876 1406 1926 permiffione
1430 1878 1551 1913 divina
1579 1877 1778 1914 monasterii
1805 1879 1849 1914 de

356 1932 484 1968 Kinlos
502 1932 663 1968 abbatem
682 1946 723 1968 ac
742 1933 960 1970 Willelmum
981 1936 1104 1971 eadem
1122 1934 1347 1982 permistione
1364 1935 1466 1971 vallis
1486 1936 1608 1971 Sanffl
1634 1935 1783 1972 Andree
1805 1936 1848 1972 de

356 1990 571 2038 Pluscardyn
599 1990 754 2037 priorem
781 1997 817 2026 et
844 1992 1030 2028 discretum
1059 1994 1175 2028 virum
1200 1992 1403 2041 magistrum
1424 1993 1620 2029 Ricardum
1648 1993 1692 2028 de
1717 1993 1849 2029 Forbes

355 2048 529 2083 decanum
549 2047 842 2084 Aberdonensem
862 2050 1024 2096 prelibati
1042 2051 1230 2086 reverendi
1249 2051 1286 2085 in
1305 2050 1444 2087 Christo
1463 2051 1572 2099 patris
1590 2051 1740 2086 nuncios
1755 2070 1763 2079 ·
1784 2064 1849 2087 nec

355 2118 428 2140 non
459 2105 698 2140 venerabilem
725 2105 761 2140 in
784 2106 922 2141 Christo
949 2113 1085 2154 patrem
1109 2108 1288 2144 Davidem
1312 2109 1356 2144 de
1381 2108 1602 2156 (Donymwsk
1628 2109 1782 2156 priorem
1809 2121 1849 2143 ac

355 2163 442 2198 alios
465 2162 690 2198 honorabiles
709 2163 804 2198 viros
822 2164 1036 2199 murdaeum
1056 2165 1198 2213 Glastyr
1218 2166 1261 2201 de
1281 2165 1378 2202 Glak
1396 2179 1437 2201 ac
1456 2166 1634 2202 Thomam
1653 2166 1697 2201 de
1716 2166 1746 2201 F
1747 2165 1849 2201 orbes

356 2220 400 2255 de
420 2219 736 2268 Auchynchampir
753 2232 817 2266 per
836 2221 946 2269 ipsum
966 2228 1205 2270 exponentem
1224 2224 1374 2259 nuncios
1388 2224 1446 2259 seu
1461 2229 1709 2272 procuratores
1723 2223 1767 2258 ad
1782 2223 1849 2259 hoc
