1912 2660
55 106 220 135 nAFFORT.
743 87 1117 124 MORAVIENSIS.
1599 97 1670 129 445

192 192 313 223 CLUNY
328 187 432 219 solvefi
448 186 482 216 in
497 196 582 216 anno
597 195 618 215 v
633 184 687 215 lib.
704 184 806 221 firme,
824 185 902 215 duas
917 185 1018 215 bollas
1033 195 1217 223 avenarum,
1232 196 1326 217 unam
1338 193 1483 226 martam,
1495 190 1573 222 duas
1588 192 1665 221 duo-

192 243 287 274 denas
302 238 508 282 pultrearum,
525 234 682 276 greffuma
698 239 835 271 tantum,
853 246 927 265 cum
942 234 1093 275 servicijs.

316 289 498 320 Vicecomes
513 285 720 317 Moravienfis

192 394 287 424 Acm:
304 400 346 421 DE
363 389 466 419 Dum
482 386 589 418 solvefi
605 387 639 417 in
655 397 739 417 anno
755 385 788 416 xl
805 389 829 416 ἓ.
845 386 948 416 firme.

318 439 461 471 Iffobella
475 437 636 479 Berwyke

193 544 345 574 BRAsmA
362 550 404 571 DE
420 539 523 570 DYKE
539 537 646 568 solvefi
661 537 695 568 in
711 548 796 568 anno
811 538 887 568 xxiv
903 540 927 568 ἕ.
944 537 1036 568 firme
1052 543 1084 569 et
1099 549 1197 569 unam
1212 538 1391 570 duodenam
1406 550 1571 582 caponum.

317 591 439 622 Eadem
455 588 599 620 Iffobella

193 695 336 725 STABILL
352 701 458 723 Acxm
473 690 551 721 alias
569 690 720 720 SMmDm
736 699 842 720 Acxuz
858 689 964 721 solvefi
980 689 1015 720 iu
1030 700 1115 720 anno
1131 690 1164 720 vi
1180 693 1204 721 ἔ.
1221 690 1279 721 viii
1293 691 1323 722 d.
1340 690 1439 722 firme.

317 743 439 774 Eadem
455 740 599 772 Iffobella

193 847 331 877 CROFTA
347 853 453 875 MANSI
469 842 609 873 DOMINI
626 841 733 873 solvefi
748 841 783 872 in
798 852 883 872 auno
898 841 943 872 xii
959 845 983 872 Ξ.
1000 841 1101 872 firme.

319 895 440 926 Eadem
456 892 590 924 Isobella

194 998 442 1037 Gnmnoqnuv
454 994 560 1025 solvefi
576 994 610 1024 in
626 1005 711 1024 anno
723 993 756 1024 iv
767 993 822 1025 lib.
835 993 937 1030 firme,
950 1005 1047 1024 unam
1059 999 1205 1032 martam,
1219 999 1354 1035 quatuor
1366 1001 1522 1033 mutones,
1537 1000 1671 1037 quatuor

192 1059 298 1090 agnos,
316 1047 394 1078 duas
409 1046 570 1077 duodenas
586 1045 795 1086 pultrearum‚
819 1045 841 1086 ij
864 1045 964 1076 bollas
984 1056 1158 1076 avenarum
1174 1056 1247 1077 cum
1262 1046 1389 1087 pabuIO,
1411 1052 1548 1086 quatuor
1570 1047 1669 1078 bollas

192 1099 277 1130 aride
292 1097 442 1134 multum,
460 1108 533 1127 eum
549 1096 697 1137 servitijs.

317 1148 468 1179 Nicolaus
483 1148 632 1177 Barroun
677 1152 792 1188 quarta
807 1158 880 1188 pars

318 1199 500 1229 Willelmus
516 1198 655 1240 Cowper
699 1198 755 1228 viii
771 1209 844 1239 pars

317 1250 458 1281 Joannes
473 1249 580 1279 Down
625 1248 682 1279 viii
697 1260 771 1289 pars

316 1301 464 1332 Andreas
480 1300 617 1331 Mawcie
661 1299 718 1330 viii
734 1310 808 1341 pars

319 1352 486 1383 Gilbertus
502 1351 640 1381 Welaud
684 1350 740 1380 viii
757 1361 828 1392 pars

193 1463 311 1494 ANNUI
329 1471 499 1492 REDDITUS
516 1470 629 1492 HUJUS
644 1470 799 1491 BARONIE
816 1470 857 1491 Ac
874 1469 1089 1491 FEODIFIRME
1106 1469 1272 1490 EJUSDEM.

194 1556 315 1587 Pnom’
329 1565 446 1586 MAJOR
460 1554 568 1585 solvefi
583 1555 618 1585 in
633 1565 718 1585 anno
733 1565 754 1584 x
769 1554 823 1585 lib.
841 1565 862 1584 v
878 1557 902 1584 ἓ.
918 1554 952 1584 vi
967 1554 998 1584 d.
1015 1558 1046 1584 et
1063 1564 1163 1584 unum
1179 1553 1307 1584 obolum
1322 1552 1423 1584 firme.

317 1606 502 1637 Alexander
519 1606 703 1647 Cummyng
718 1606 756 1636 de
772 1605 958 1635 Ernisheide

193 1707 297 1739 V1LLA
313 1718 569 1739 ECCLESIASTICA
586 1718 629 1738 DE
646 1708 766 1738 ALTER
781 1707 889 1738 solvefx
904 1707 938 1737 in
955 1718 1039 1738 anno
1054 1707 1163 1737 decem
1179 1706 1276 1737 libras
1291 1705 1391 1736 firme.

317 1759 456 1790 Thomas
472 1759 660 1801 Cummyng
676 1759 714 1789 de
730 1758 825 1789 Alter

192 1860 414 1891 DRUMREOCH
430 1860 538 1891 solvefi
553 1861 587 1891 in
604 1872 688 1891 anno
704 1861 736 1891 xl
754 1863 779 1891 Ξ.

318 1912 464 1942 Andreas
481 1912 557 1953 Hay

192 2011 334 2043 COWBIN
350 2013 456 2044 solvefi
471 2013 506 2043 in
522 2024 606 2044 anno
622 2013 667 2043 xii
683 2016 707 2043 Ξ.
724 2013 824 2043 annui
838 2012 991 2043 redditus.

316 2064 480 2095 Walterus
495 2064 654 2105 Kynnard
671 2064 710 2095 de
723 2064 860 2095 Cowbin

190 2164 438 2198 TENEMENTUM
455 2166 594 2198 Donum
611 2167 760 2198 ANDREE
777 2166 948 2197 WALLACE
966 2176 1003 2196 IN
1019 2165 1133 2196 Fomzs
1148 2165 1254 2196 solvefi
1270 2164 1303 2195 in
1319 2175 1403 2195 anno
1418 2164 1485 2194 xiiii
1503 2164 1532 2194 d.
