2060 2660
361 175 431 211 190
749 171 1066 208 REGISTRUM
1095 171 1461 208 MORAVIENSE.

360 271 568 306 habitabunt
587 290 594 298 ·
624 276 659 306 et
685 270 761 317 post
784 271 976 306 terminum
997 272 1096 306 suum
1116 270 1329 305 sufficienter
1347 269 1578 304 inhabitatam
1598 270 1807 316 proprietati
1826 277 1861 307 et

358 328 554 376 poffeslioni
573 328 713 365 ecclesie
732 327 962 366 moravienfis
980 328 1050 364 fine
1070 328 1278 363 difficultate
1301 326 1458 374 qualibet
1485 326 1594 362 libere
1620 327 1805 364 restituent
1826 335 1861 364 et

358 387 428 423 fine
447 387 702 436 impedimento
720 387 949 435 appropriare
967 387 1176 434 permittent
1195 405 1204 412 ·
1234 385 1280 419 Et
1299 384 1392 419 idem
1413 384 1579 420 dominus
1599 385 1807 422 Alexander
1826 392 1861 422 et

358 446 430 481 duo
463 444 564 494 ipsius
592 445 741 481 heredes
773 445 963 493 supradicti
993 450 1028 479 et
1059 443 1257 478 habitantes
1287 441 1324 476 in
1356 441 1480 477 eadem
1510 448 1607 478 terra
1636 457 1785 479 nemora
1814 445 1858 479 ad

357 504 556 550 predictam
581 510 712 539 terram
740 502 955 550 pertinentia
981 506 1016 536 et
1042 500 1166 535 nidum
1186 499 1243 534 vel
1262 499 1366 534 nidos
1384 499 1598 547 aucipitrum
1624 514 1704 536 cum
1727 502 1857 538 ibidem

356 562 539 597 nidificare
566 560 783 607 contigerint
807 560 958 594 durante
985 564 1147 605 tempore
1174 557 1276 592 firme
1302 557 1360 592 sue
1382 557 1494 593 salvos
1515 558 1646 594 sacient
1663 559 1829 595 custodiri
1850 580 1857 587 ·

357 633 422 655 nec
441 620 627 667 quicquam
644 619 687 654 de
702 616 907 653 nemoribus
924 615 1094 664 predictis
1113 614 1183 650 sine
1202 615 1346 650 licentia
1364 615 1517 663 predicti
1533 616 1696 664 Episcopi
1711 618 1767 653 vel
1786 618 1858 654 suc-

356 678 527 714 cessorum
546 677 688 712 suorum
712 675 955 723 episcoporum
981 671 1258 710 (Doravienfium
1277 673 1435 709 vendent
1459 674 1646 710 donabunt
1663 675 1720 711 vel
1738 675 1857 723 aliquo

356 736 464 771 modo
483 735 692 771 consument
713 731 775 768 nifi
798 732 842 767 ad
870 731 1008 767 edificia
1034 731 1070 765 in
1097 730 1260 779 predicta
1286 736 1383 766 terra
1405 731 1568 768 facienda
1584 733 1641 768 vel
1660 734 1858 779 reparanda

355 801 390 829 et
414 795 458 830 ad
477 799 612 830 ceteras
630 791 834 827 necessarias
853 789 1024 825 utilitates
1042 788 1156 824 dictas
1175 794 1288 824 terras
1306 789 1582 825 inhabitantium
1599 810 1606 818 ·
1637 791 1684 826 Et
1707 791 1776 839 ipse
1796 792 1856 827 do-

354 853 471 887 minus
492 850 699 887 Alexander
726 855 761 884 et
788 848 860 883 duo
888 847 1036 882 heredes
1062 846 1113 881 sui
1140 846 1288 893 quilibet
1310 860 1376 895 pro
1400 853 1562 896 tempore
1588 849 1649 885 suo
1676 849 1856 886 libertates

353 917 388 945 et
410 910 494 958 jura
520 923 560 944 ac
587 908 716 942 limites
741 906 899 954 predicte
918 910 1013 940 terre
1032 917 1096 952 per
1113 902 1286 939 auxilium
1307 911 1342 940 et
1356 904 1539 941 confilium
1559 907 1739 942 dictorum
1760 908 1855 956 Epis-

352 968 431 1016 copi
461 973 496 1002 et
523 965 752 1001 suceessorum
781 963 923 998 suorum
953 962 1107 998 fideliter
1134 962 1329 998 defendent
1357 968 1392 998 et
1420 963 1609 999 servabunt
1628 984 1636 992 ·
1666 964 1713 1000 Et
1737 965 1855 1001 dictus

352 1025 518 1060 dominus
547 1022 754 1058 Alexander
785 1034 849 1068 pro
881 1025 958 1055 toto
990 1025 1152 1068 tempore
1183 1021 1256 1055 vite
1285 1020 1344 1057 sue
1372 1021 1484 1057 solvet
1514 1022 1678 1070 predicto
1707 1023 1854 1059 domino

353 1083 526 1130 Episcopo
551 1087 586 1116 et
609 1079 858 1115 successoribus
885 1078 952 1113 suis
980 1078 1065 1113 octo
1093 1078 1199 1113 libras
1225 1078 1476 1126 sterlingorum
1498 1080 1682 1115 annuatim
1701 1081 1746 1116 ad
1765 1081 1854 1116 duos

349 1141 433 1176 anni
452 1139 622 1175 terminos
640 1137 777 1173 usuales
792 1156 800 1164 ·
821 1136 893 1171 duo
912 1149 999 1172 vero
1018 1136 1167 1172 heredes
1185 1136 1236 1171 sui
1254 1135 1439 1173 successive
1458 1137 1595 1173 solvent
1613 1139 1658 1173 ad
1677 1138 1767 1174 duos
1786 1144 1854 1174 ter-

350 1199 463 1233 minos
482 1197 666 1232 annuatim
692 1194 865 1230 sexdecim
885 1194 992 1229 libras
1010 1193 1261 1242 sterlingorum
1289 1193 1361 1230 fine
1385 1196 1671 1232 contradictione
1698 1210 1854 1244 quacun-

348 1269 415 1302 que
436 1275 443 1283 ·
474 1255 520 1290 Et
549 1253 795 1289 deficientibus
823 1252 1014 1288 heredibus
1041 1253 1212 1300 predictis
1239 1252 1337 1288 dicta
1354 1258 1451 1289 terra
1468 1254 1513 1289 ad
1531 1254 1735 1302 predictum
1758 1255 1853 1303 Epis-

347 1327 474 1361 copum
495 1313 551 1348 vel
574 1311 783 1347 successores
800 1311 879 1346 suos
897 1316 933 1346 et
951 1311 994 1346 ad
1015 1311 1111 1346 suam
1131 1310 1309 1346 ecclefiam
1329 1312 1589 1348 moraviensem
1608 1312 1719 1348 libere
1737 1327 1853 1350 rever-

346 1378 441 1407 tetur
460 1370 529 1407 sine
548 1371 632 1406 dolo
647 1369 704 1405 vel
723 1369 848 1405 fraude
866 1375 929 1404 aut
948 1369 1111 1405 ulteriori
1130 1369 1258 1404 clamio
1277 1369 1419 1416 publice
1434 1370 1491 1405 vel
1507 1370 1647 1406 occulte
1661 1371 1717 1407 vel
1737 1378 1853 1407 reten-

346 1431 443 1465 tione
470 1429 587 1476 aliqua
615 1441 678 1477 per
704 1427 816 1475 ipsum
845 1427 1031 1463 dominum
1053 1426 1303 1463 Alexandrum
1322 1427 1380 1463 vel
1403 1428 1552 1464 heredes
1569 1428 1648 1464 suos
1666 1429 1828 1465 facienda
1843 1450 1851 1457 ·

347 1489 495 1536 Insuper
522 1488 640 1523 dictus
666 1486 834 1522 dominus
861 1486 1071 1521 Alexander
1090 1485 1225 1533 obligat
1243 1486 1275 1522 se
1294 1486 1389 1521 bona
1415 1486 1485 1521 fide
1512 1499 1576 1534 per
1603 1487 1782 1534 presentes
1807 1488 1852 1523 ad

346 1546 614 1583 custodiendum
635 1557 757 1580 omnes
777 1550 889 1580 terras
911 1543 1153 1580 ecclesiasticas
1180 1557 1201 1579 a
1227 1543 1517 1579 malefactoribus
1536 1563 1545 1571 ·
1565 1550 1600 1579 et
1618 1544 1757 1580 servare
1775 1559 1853 1594 pre-

347 1605 483 1640 dictum
505 1603 715 1651 Episcopum
736 1609 772 1638 et
791 1602 999 1638 successores
1026 1602 1105 1638 suos
1132 1608 1167 1637 et
1191 1608 1305 1638 terras
1332 1601 1573 1638 ecclesiasticas
1591 1603 1851 1651 qualescunque

346 1662 555 1710 indempnes
574 1681 582 1689 ·
610 1667 645 1696 et
666 1661 834 1708 precipue
852 1667 925 1696 tres
943 1660 1045 1696 villas
1067 1660 1112 1696 de
1131 1660 1161 1696 F
1161 1660 1330 1709 ynlargys
1349 1680 1357 1688 ·
1377 1674 1398 1696 a
1416 1660 1706 1696 malefactoribus
1724 1667 1759 1697 et
1777 1663 1851 1709 qui-

345 1720 550 1767 buscunque
578 1719 655 1754 aliis
684 1719 760 1754 illas
791 1719 1044 1767 dampnificare
1076 1718 1280 1755 volentibus
1305 1738 1313 1747 ·
1342 1719 1511 1767 precipue
1539 1717 1720 1755 occasione
1745 1720 1851 1768 hujus

346 1778 568 1813 affedationis
584 1797 591 1804 ·
608 1782 642 1812 et
657 1777 811 1824 dampna
824 1777 1018 1813 refundent
1031 1776 1055 1812 fi
1069 1777 1282 1825 contingant
1298 1797 1306 1805 ·
1328 1777 1376 1812 Et
1394 1777 1431 1812 in
1449 1777 1529 1813 casu
1547 1790 1618 1824 quo
1637 1777 1740 1812 firma
1753 1778 1850 1814 dicte

347 1843 440 1872 terre
459 1836 503 1871 de
524 1835 764 1870 Ratmorchus
782 1848 845 1883 per
864 1835 953 1870 duos
974 1848 1088 1871 annos
1106 1848 1180 1871 non
1199 1834 1239 1870 fit
1257 1835 1410 1871 fideliter
1434 1835 1613 1883 persoluta
1636 1835 1673 1870 in
1695 1840 1774 1871 toto
1792 1836 1850 1872 vel

346 1900 446 1940 parte
472 1893 608 1928 licitum
637 1893 703 1927 crit
731 1893 892 1940 predicto
916 1893 1091 1941 Episcopo
1113 1900 1149 1929 et
1172 1893 1420 1929 successoribus
1442 1893 1510 1928 suis
1529 1893 1643 1929 dictas
1660 1899 1774 1929 terras
1792 1907 1850 1942 pe-

345 1965 407 1987 nes
426 1952 628 1999 predictum
649 1950 858 1998 Episcopum
877 1957 911 1986 et
926 1951 1001 1999 ejus
1016 1952 1224 1987 successores
1242 1952 1286 1986 ad
1300 1951 1360 2000 jus
1379 1957 1414 1987 et
1432 1951 1686 1999 proprietatem
1707 1951 1850 1988 ecclefie

345 2010 517 2045 reducere
536 2014 571 2044 et
590 2008 809 2055 reintegrare
828 2014 996 2056 tanquam
1016 2010 1092 2045 suas
1111 2016 1147 2045 et
1164 2023 1230 2058 pro
1250 2010 1378 2046 eisdem
1398 2009 1583 2058 disponere
1603 2014 1638 2045 et
1656 2009 1823 2046 ordinare
1839 2030 1846 2038 ·

345 2068 380 2103 in
408 2067 509 2115 cujus
533 2066 752 2103 contrarium
777 2066 895 2102 dictus
918 2067 1085 2103 dominus
1113 2068 1323 2104 Alexander
1349 2081 1416 2114 pro
1442 2068 1475 2103 se
1502 2073 1539 2103 et
1565 2067 1754 2103 heredibus
1780 2068 1848 2103 suis

345 2126 522 2174 promittit
549 2124 702 2160 fideliter
729 2124 837 2159 nichil
865 2130 1076 2173 attemptare
1101 2126 1158 2162 vel
1183 2126 1215 2162 se
1238 2126 1275 2161 in
1293 2126 1422 2162 eisdem
1440 2125 1590 2161 ulterius
1608 2125 1848 2161 intromittere

344 2196 558 2231 quocunque
578 2182 683 2218 titulo
703 2182 759 2217 vel
778 2182 880 2217 causa
899 2201 907 2209 ·
923 2196 1027 2229 quam
1044 2184 1185 2230 quidem
1203 2190 1333 2220 terrain
1350 2185 1394 2220 de
1410 2183 1651 2219 Ratmorchus
1664 2184 1847 2231 predictus

344 2242 538 2290 Episcopus
562 2246 598 2276 et
621 2240 828 2275 successores
852 2240 901 2275 sui
926 2240 1024 2276 dicto
1048 2242 1194 2277 domino
1215 2242 1427 2278 Alexandro
1446 2246 1482 2278 et
1500 2240 1639 2277 duobus
1657 2241 1847 2277 heredibus

344 2300 409 2335 suis
433 2299 600 2347 legitimis
626 2299 670 2334 de
697 2311 847 2346 corpore
873 2298 935 2333 suo
962 2301 1190 2346 procreandis
1213 2301 1323 2336 modo
1346 2306 1382 2336 et
1404 2300 1519 2335 forma
1543 2299 1762 2347 antescriptis
1780 2313 1848 2348 pro
