1912 2660
607 166 922 204 REGISTRUM
951 167 1310 205 MORAVIENSE.
1627 175 1699 208 335

213 266 439 318 suspensionis
456 265 645 302 sententias
663 266 709 302 ob
723 266 984 302 contumaciam
1001 265 1060 301 seu
1078 266 1242 301 offensam
1256 267 1442 315 proferunt
1455 268 1492 303 in
1505 269 1678 317 subjectos
1690 290 1698 299 ·

213 326 259 362 ad
276 327 336 362 eos
352 330 394 360 ut
411 323 612 372 hujusmodi
630 323 819 359 sententias
836 328 1007 358 revocent
1024 323 1235 358 litteratoria
1252 324 1313 359 sub
1330 325 1474 360 nomine
1490 326 1598 374 Regis
1610 327 1700 375 juffa

212 387 359 419 manant
370 401 379 410 -
398 381 458 429 qui
476 380 540 416 nifi
557 381 777 429 preceptioni
795 380 979 428 paruerint
995 380 1040 415 ad
1058 380 1094 415 id
1112 393 1176 428 per
1188 381 1364 416 bonorum
1380 382 1519 417 suorum
1539 384 1700 420 confisca-

211 440 346 476 tionem
359 438 561 486 sacrilegam
574 438 839 486 compelluntur
851 457 859 465 ·
874 436 960 473 ficut
970 437 1143 484 aliquibus
1155 437 1310 486 ejusdem
1324 438 1424 486 regni
1439 439 1604 488 episcopis
1618 442 1701 477 dici-

211 503 270 533 tur
287 496 468 543 contigisse
487 515 496 524 ·
524 496 572 531 Et
585 496 687 544 super
704 494 966 543 poss'essionibus
979 508 1120 542 quoque
1134 495 1193 531 seu
1207 495 1311 531 rebus
1324 508 1409 543 quas
1422 495 1459 530 in
1467 496 1527 544 jus
1541 497 1700 534 divinum

211 554 270 603 pia
297 553 451 589 contulit
468 553 612 600 largitas
630 553 843 589 devotorum
864 572 872 581 ·
900 552 1019 588 clerici
1036 565 1100 600 per
1117 552 1215 599 regia
1231 553 1423 588 trahuntur
1440 553 1558 588 edicta
1578 560 1702 590 contra

211 611 297 648 cleri
313 611 539 659 privilegium
558 611 603 646 ad
616 610 792 658 judicium
817 610 971 646 seculare
997 622 1064 645 nec
1090 610 1285 645 audiuntur
1305 610 1366 658 jus
1389 610 1594 658 pupplicum
1620 611 1702 647 alle-

210 674 335 717 gantes
347 687 355 696 ·
370 667 485 717 ficque
498 668 701 716 perjudicis
714 667 987 716 incompetentis
999 667 1166 715 injuriam
1185 680 1259 702 non
1277 680 1461 714 nunquam
1479 666 1618 704 ecclefie
1636 668 1702 704 suis

211 724 474 774 possessionibus
492 726 688 774 spoliantur
702 744 710 754 ο
739 725 786 761 Et
804 730 967 773 preterea
983 738 1065 761 cum
1083 724 1257 772 aliquibus
1274 723 1536 772 pofl'essionibus
1554 724 1702 761 ecclefiis

210 783 249 818 in
262 782 485 820 elemofinam
505 797 526 819 a
543 783 651 832 laycis
669 788 877 831 perpetuam
896 782 1035 818 donat-is
1052 783 1090 817 in
1108 782 1235 829 quibus
1252 782 1341 817 nihil
1358 780 1418 817 fibi
1435 788 1554 830 preter
1572 784 1702 819 exerci-

210 846 288 876 tum
306 841 352 876 ad
370 839 608 877 defensionem
627 841 729 889 regni
747 846 783 876 et
800 853 990 876 commune
1004 839 1176 875 auxilium
1189 839 1346 875 retinent
1364 839 1555 876 donatores
1569 860 1577 868 ·
1596 841 1702 876 iidem

210 897 358 933 ministri
376 903 413 934 et
436 898 495 934 alii
518 898 611 946 layci
635 911 759 933 eorum
785 897 906 933 favore
923 897 1055 932 suffulti
1072 910 1136 945 per
1153 896 1391 944 adjetffionem
1410 896 1609 945 hujusmodi
1627 911 1703 946 pre-

211 955 324 991 dictas
337 955 558 1004 pofl'efliones
575 956 743 991 laicantes
760 955 836 990 fore
856 954 1036 990 censentes
1055 967 1112 990 eas
1129 954 1168 989 in
1186 954 1350 989 omnibus
1374 955 1467 1002 paris
1490 955 1703 992 conditionis

212 1012 371 1048 efficiunt
395 1026 477 1049 cum
500 1011 762 1061 poss'effionibus
785 1012 968 1060 laycorum
988 1031 996 1039 ·
1016 1017 1052 1048 et
1069 1012 1107 1047 in
1125 1012 1235 1047 divini
1247 1011 1340 1059 juris
1354 1012 1577 1060 dispendium
1597 1014 1704 1049 inter-

210 1070 410 1118 pretatione
434 1070 597 1116 perversa
615 1070 828 1105 donatorum
849 1069 1127 1104 munificentiam
1145 1068 1395 1116 restringentes
1412 1069 1510 1118 layce
1528 1070 1703 1106 subiciunt

210 1127 370 1163 servituti
396 1147 405 1156 ·
443 1127 528 1163 Non
553 1127 778 1163 attendentes
796 1140 937 1175 quoque
955 1126 1052 1173 quod
1070 1127 1179 1173 laycis
1197 1126 1458 1174 quantumlibet
1474 1127 1641 1175 religiosis
1659 1129 1703 1164 de

211 1185 317 1220 rebus
339 1183 573 1221 ecclesiasticis
594 1185 693 1220 nulla
714 1184 762 1220 est
786 1183 989 1232 poffibilitas
1010 1183 1239 1219 distribuendi
1265 1184 1435 1219 attributa
1453 1203 1461 1212 ·
1481 1184 1704 1222 ecclesiastica

211 1242 335 1290 predia
352 1242 471 1278 invitis
489 1247 524 1278 et
542 1241 866 1278 contradicentibus
885 1241 1038 1276 dominis
1050 1241 1203 1276 limitare
1216 1241 1360 1289 propria
1370 1242 1570 1278 temeritate
1585 1262 1593 1270 ·
1613 1243 1703 1279 etde

211 1300 366 1348 ipsorum
384 1300 513 1335 finibus
537 1300 575 1334 in
592 1312 746 1346 quorum
764 1297 967 1347 pofl'effione
985 1298 1131 1346 pacifica
1148 1296 1289 1334 ecclesie
1312 1298 1410 1334 fuiffe
1428 1299 1622 1335 noscuntur
1640 1313 1703 1348 per

210 1362 373 1405 tempora
391 1357 555 1404 longiora
569 1376 577 1385 ·
597 1357 780 1404 sequentes
799 1356 979 1391 interdum
996 1355 1154 1404 perjuria
1170 1356 1353 1403 laycorum
1367 1356 1427 1403 qui
1441 1356 1576 1392 clericis
1594 1358 1702 1405 opido

210 1415 291 1450 sunt
308 1414 441 1450 infesti·
460 1414 648 1462 proferunt
665 1427 731 1462 pro
749 1414 857 1462 laycis
874 1419 1001 1449 contra
1018 1413 1164 1448 clericos
1178 1413 1300 1460 iniqua
1307 1412 1462 1462 judicia·
1476 1427 1545 1461 que
1558 1415 1702 1450 tandem

210 1485 275 1520 per
293 1472 509 1520 spoliationis
526 1471 734 1507 violentiam
761 1471 1001 1518 exsequuntur
1020 1490 1028 1498 ·
1059 1471 1173 1506 Porro
1201 1471 1244 1506 de
1265 1470 1349 1519 jure
1374 1476 1583 1519 patronatus
1606 1472 1702 1520 quod

211 1528 251 1565 fit
276 1529 512 1577 spiritualibus
540 1528 648 1564 causis
675 1541 854 1564 annexum
884 1541 990 1564 nemo
1016 1528 1091 1563 fere
1118 1540 1192 1563 non
1217 1528 1347 1563 novit·
1374 1528 1434 1564 sed
1453 1528 1537 1564 licet
1554 1542 1617 1576 per
1634 1530 1701 1565 hoc

211 1587 308 1634 quod
326 1586 501 1634 explorati
519 1585 559 1621 fit
572 1586 664 1634 juris
682 1586 773 1621 illud
791 1586 835 1621 ad
848 1585 1025 1633 judicium
1045 1584 1259 1620 ecclesiastici
1279 1586 1449 1621 examinis
1466 1586 1645 1634 pertinere
1659 1587 1702 1622 de

210 1644 370 1692 generali
394 1649 430 1679 et
447 1643 522 1692 juri
539 1643 774 1679 consentanea
791 1643 893 1690 regni
916 1643 1069 1690 predififi
1086 1642 1341 1678 consuetudine
1364 1642 1404 1678 fit
1425 1648 1611 1691 optentum
1631 1663 1640 1671 ·
1667 1644 1703 1679 id

209 1706 330 1736 tamen
349 1700 480 1736 ibidem
497 1700 600 1736 novis
618 1700 786 1736 conviciis
803 1700 994 1748 usurpatur
1012 1713 1033 1735 a
1049 1699 1157 1748 laycis
1175 1719 1184 1727 ·
1211 1705 1248 1735 et
1271 1705 1314 1735 ut
1338 1700 1441 1748 super
1464 1701 1533 1736 hoc
1559 1714 1640 1736 cum
1659 1701 1703 1737 de

209 1758 273 1793 illo
291 1758 471 1805 agendum
489 1757 597 1793 fuerit
614 1758 661 1793 ad
678 1757 890 1793 forinsecum
908 1762 1115 1793 recurratur
1127 1757 1304 1805 judicium
1318 1756 1393 1805 jam
1412 1771 1456 1793 ex
1473 1763 1573 1806 parte
1588 1759 1704 1806 Regia

210 1814 258 1851 est
273 1815 414 1863 puplice
432 1814 691 1863 proclamatum
711 1834 719 1843 ·
748 1815 849 1850 Fidei
867 1827 953 1850 vero
977 1828 1017 1850 ac
1038 1814 1269 1863 jurisjurandi
1281 1814 1458 1862 judicium
1477 1816 1554 1863 quis
1571 1816 1703 1852 abnuat

210 1873 303 1908 inter
327 1872 520 1920 spiritualia
544 1873 689 1920 negotia
714 1871 777 1908 nifi
802 1872 879 1919 quis
902 1872 946 1908 de
967 1872 1038 1907 fide
1060 1872 1215 1907 scincera
1234 1884 1310 1907 non
1331 1872 1473 1908 senserit
1495 1879 1702 1922 computan-

210 1930 296 1966 dum
315 1949 323 1958 ·
352 1935 386 1965 et
405 1943 487 1965 cum
505 1943 611 1965 carne
628 1930 662 1965 se
680 1930 718 1965 in
736 1930 802 1965 hac
818 1934 919 1977 parte
936 1929 1072 1977 spiritui
1093 1929 1352 1965 contumaciter
1377 1930 1578 1978 preferente
1604 1944 1703 1980 cepe-

209 1992 295 2023 runt
317 1987 355 2022 in
378 1987 536 2035 partibus
562 1987 683 2023 vestris
701 1987 818 2034 Regia
840 1987 967 2035 scripta
990 1987 1184 2023 discurrere
1208 1999 1271 2035 per
1293 2000 1361 2035 que
1385 1988 1423 2023 in
1447 1987 1558 2036 Regis
1579 1994 1700 2024 notam

212 2044 418 2093 [noxam?]
432 2045 604 2093 regnique
617 2045 795 2093 jacturam
811 2057 858 2080 ne
875 2044 953 2091 quis
970 2044 1016 2079 ad
1034 2044 1316 2080 observationem
1330 2044 1527 2093 juramenti
1544 2046 1602 2081 vel
1619 2046 1701 2081 fidei

209 2115 273 2150 per
290 2102 473 2138 censuram
492 2101 753 2138 ecclesiasticam
772 2106 922 2149 cogatur
938 2101 1119 2137 inhibetur
1133 2121 1142 2130 ·

212 2160 302 2195 Sane
319 2160 402 2196 licet
418 2159 459 2195 fit
477 2160 521 2195 de
538 2160 685 2207 antiqua
702 2159 857 2208 ejusdem
874 2159 977 2207 regni
1001 2159 1257 2195 consuetudine
1276 2160 1525 2196 introductum
1547 2166 1583 2196 et
1602 2160 1699 2195 velut

211 2216 364 2253 humane
382 2217 562 2266 discipline
580 2217 774 2253 consonum
793 2216 938 2265 pacifice
955 2216 1063 2265 usque
1084 2217 1131 2252 ad
1156 2217 1224 2253 hoc
1250 2222 1391 2265 tempus
1417 2217 1637 2253 observatum
1659 2221 1699 2252 ut
