1912 2660
676 98 745 134 CA
751 99 855 136 RTE
882 100 1222 138 ORIGINALES.
1616 110 1689 145 463

204 255 312 291 Carta
329 254 373 289 de
391 251 600 288 Dundovan
618 257 654 288 et
672 252 827 289 Pethver
841 273 850 281 ·

152 367 175 403 9
200 367 376 405 Omnibus
403 367 448 402 ad
475 380 563 415 quos
590 368 709 403 littere
734 366 795 402 iste
820 367 1049 414 pervenerint
1075 367 1231 404 (Dalifius
1259 381 1377 405 comes
1404 371 1447 406 de
1477 372 1686 421 Stratheryn

198 424 362 460 salutem·
390 424 510 460 Sciant
534 430 607 460 tam
635 424 812 473 presentes
830 437 936 471 quam
960 424 1073 460 futuri
1097 438 1154 460 me
1182 425 1311 461 dediss'e
1338 426 1532 463 conceffiffe
1559 434 1595 463 et
1619 430 1685 465 hac

199 487 295 518 carta
317 494 396 518 mea
413 482 631 517 confirmasse
649 481 831 517 Willelmo
855 482 898 517 de
920 482 1083 518 (Doravia
1100 482 1174 517 filio
1193 482 1328 518 domini
1347 484 1529 519 malcolmi
1547 485 1590 520 de
1609 487 1686 522 (Do-

197 539 294 575 ravia
306 543 398 574 totas
416 544 526 575 terras
544 552 639 575 meas
654 539 698 574 de
715 538 926 574 Dundovan
940 543 976 574 et
990 539 1034 574 de
1049 539 1206 575 Pethuer
1219 553 1283 587 per
1297 553 1420 576 omnes
1433 541 1549 576 rectas
1563 542 1686 577 divisas

196 597 272 632 suas
298 609 378 633 cum
403 596 566 632 omnibus
588 596 689 645 justis
714 596 937 643 pertinentiis
964 596 1031 631 suis
1059 596 1097 631 in
1123 596 1227 632 bosco
1254 602 1289 632 et
1315 597 1422 645 plano
1442 617 1449 625 ·
1469 598 1507 633 in
1525 599 1633 646 pratis
1651 606 1686 635 et

197 654 328 702 pascuis
346 673 354 681 ·
373 654 411 689 in
429 654 537 689 moris
555 658 590 689 et
608 652 759 688 marefiis
778 672 786 680 ·
812 653 849 688 in
872 653 1026 700 stangnis
1045 658 1080 689 et
1097 654 1196 701 aquis
1211 674 1219 681 -
1238 654 1276 689 in
1293 654 1446 702 piscariis
1464 660 1499 690 et
1516 656 1687 691 molendi-

197 712 250 746 nis
265 730 273 739 ·
294 711 331 746 in
348 711 490 759 petariis
508 716 544 746 et
562 710 726 746 omnibus
744 710 820 745 aliis
838 709 1058 758 ayfiamentis
1076 711 1121 746 ad
1138 711 1317 759 predffikas
1334 716 1446 747 terras
1465 712 1556 760 juste
1582 714 1687 760 perti-

196 768 361 804 nentibus
380 787 388 796 ·
406 782 473 815 pro
491 768 659 816 homagio
678 773 713 803 et
731 768 876 803 servicio
895 768 957 803 suo
977 787 985 795 ·
1013 767 1205 804 Tenendas
1222 767 1280 803 fibi
1301 774 1337 804 et
1354 768 1544 804 heredibus
1561 770 1628 804 suis
1643 770 1686 805 de

196 839 253 862 me
271 831 306 862 et
323 826 511 862 heredibus
536 826 623 861 meis
649 826 687 860 in
712 826 818 861 feodo
846 831 881 860 et
907 825 1104 862 hereditate
1130 826 1240 861 libere
1267 831 1303 861 et
1329 827 1447 873 quiete
1473 827 1631 875 plenarie
1653 833 1688 862 et

196 884 390 919 honorifice
419 882 505 919 ficut
532 883 677 919 liberius
702 883 855 930 quietius
880 883 1061 928 plenarius
1089 883 1383 919 honorificentius
1414 884 1539 931 aliquis
1569 897 1687 920 comes

197 941 235 976 in
252 946 329 976 toto
347 953 459 989 regno
477 941 595 977 Scotie
614 941 698 976 dare
720 940 778 976 vel
799 941 995 976 concedere
1023 939 1136 988 potest
1150 960 1157 968 ·
1186 940 1366 976 Solvendo
1394 941 1477 977 inde
1503 942 1687 977 annuatim

196 998 281 1033 mihi
308 1004 343 1033 et
368 998 554 1034 heredibus
581 998 667 1033 meis
693 1011 714 1032 a
739 998 772 1033 se
799 1003 835 1033 et
861 997 1050 1033 heredibus
1073 998 1140 1033 suis
1159 1003 1313 1045 quatuor
1331 1011 1466 1034 marcas
1483 998 1623 1046 argenti
1641 999 1687 1033 ad

195 1056 284 1090 duos
301 1056 384 1090 anni
402 1056 572 1091 terminos
591 1055 755 1091 videlicet
774 1055 861 1090 duas
879 1068 1013 1090 marcas
1031 1055 1076 1090 ad
1094 1054 1320 1103 pentecosten
1338 1061 1374 1091 et
1392 1056 1479 1091 duas
1494 1069 1628 1091 marcas
1642 1056 1688 1092 ad

192 1112 315 1148 festum
343 1113 463 1148 saneti
492 1113 643 1148 Martini
674 1114 707 1148 in
741 1113 929 1161 hyempme
955 1126 1020 1160 pro
1047 1113 1147 1148 omni
1177 1113 1364 1148 exactione
1391 1113 1537 1148 seculari
1556 1133 1563 1140 ·
1592 1113 1685 1148 salvo

194 1170 364 1206 forinseco
383 1170 528 1206 servicio
547 1171 682 1206 domini
699 1170 808 1218 Regis
822 1175 995 1217 quantum
1013 1170 1058 1205 ad
1078 1170 1190 1205 dietas
1208 1175 1319 1205 terras
1337 1170 1492 1217 pertinet
1507 1190 1515 1197 ·
1535 1176 1571 1205 et
1589 1170 1684 1205 salva

193 1228 284 1263 secta
302 1228 399 1264 curie
417 1242 495 1264 mee
514 1248 522 1256 ·
551 1229 630 1276 Ego
648 1241 735 1264 vero
755 1226 910 1264 malifius
932 1241 1051 1263 comes
1075 1228 1119 1263 de
1145 1228 1354 1264 Stratheren
1379 1233 1414 1263 et
1440 1228 1588 1263 heredes
1614 1229 1684 1263 mei

193 1286 305 1322 dietas
323 1291 434 1322 terras
451 1292 492 1322 ut
509 1286 780 1335 suprascriptum
799 1285 847 1321 est
871 1286 969 1321 dieto
988 1285 1170 1321 Willelmo
1190 1285 1233 1320 de
1251 1285 1415 1322 moravia
1438 1290 1474 1320 et
1494 1286 1683 1321 heredibus

192 1344 259 1379 suis
285 1349 411 1380 contra
436 1357 560 1380 omnes
585 1344 747 1379 homines
774 1348 809 1378 et
835 1343 982 1378 feminas
1008 1342 1317 1379 warantizabimus
1344 1342 1621 1390 acquietabimus
1649 1348 1684 1378 et

193 1401 422 1437 defendemus
441 1402 689 1449 inperpetuum
711 1421 718 1428 ·
749 1401 793 1436 In
816 1400 916 1449 cujus
942 1401 993 1435 rei
1019 1400 1258 1435 testimonium
1284 1398 1434 1447 sigillum
1461 1413 1580 1435 meum
1607 1413 1685 1446 pre-

192 1459 345 1495 sentibus
371 1459 497 1494 litteris
524 1458 572 1494 est
597 1457 791 1507 appositum
813 1478 821 1486 ·
854 1458 935 1493 Hiis
961 1457 1103 1493 testibus
1122 1477 1130 1485 ·
1157 1458 1303 1493 domino
1324 1457 1483 1505 Hugone
1504 1459 1622 1506 priore
1641 1459 1684 1493 de

194 1516 314 1552 Insula
341 1516 517 1552 missarum
545 1536 553 1544 ·
586 1517 731 1552 domino
762 1516 940 1551 Nicholao
969 1516 1111 1551 re6‘oere
1142 1514 1283 1551 ecclefie
1312 1515 1356 1550 de
1388 1515 1478 1550 Cref
1497 1534 1505 1542 ·
1538 1515 1683 1550 domino

193 1573 358 1621 Eugenio
386 1574 528 1609 rectore
558 1573 697 1609 ecclefie
726 1574 769 1609 de
800 1572 1041 1621 Kyndrumyn
1061 1593 1068 1601 ·
1098 1573 1278 1608 Duncano
1305 1572 1379 1607 filio
1404 1572 1539 1619 Fergus
1558 1592 1566 1599 ·
1595 1573 1684 1609 mal-

194 1631 310 1667 colmo
329 1632 373 1666 de
392 1630 649 1668 Glendochred
668 1651 675 1659 ·
696 1637 732 1667 et
749 1632 870 1667 multis
888 1631 963 1667 aliis
976 1651 983 1658 ·

190 1803 299 1838 Carta
317 1804 360 1839 de
379 1803 666 1839 Tulichbardene
682 1825 689 1832 ·

115 1919 160 1952 10
188 1917 395 1953 Alexander
424 1918 496 1953 Dei
521 1919 636 1966 gratia
661 1919 742 1954 Rex
767 1918 972 1954 Scottorum
1000 1918 1166 1954 omnibus
1193 1917 1312 1966 probis
1339 1917 1542 1953 hominibus
1569 1919 1678 1953 totius

186 1982 282 2011 terre
310 1975 368 2010 sue
395 1974 541 2011 salutem
561 1995 569 2003 ·
599 1976 718 2011 Sciant
743 1976 921 2024 presentes
949 1981 985 2012 et
1012 1976 1124 2012 futuri
1150 1988 1215 2011 nos
1233 1974 1429 2012 conceflifl'e
1448 1980 1484 2010 et
1500 1975 1566 2010 hac
1584 1981 1679 2011 carta

187 2032 304 2068 nostra
321 2032 539 2068 confirmasse
562 2033 792 2069 donationem
816 2033 912 2069 illam
936 2047 1041 2081 quam
1061 2032 1242 2069 Robertus
1268 2046 1387 2069 comes
1414 2033 1457 2068 de
1482 2032 1677 2068 Stradhern

187 2090 270 2126 fecit
289 2089 453 2137 Conghal
471 2090 546 2125 filio
558 2090 735 2127 Donecan
753 2091 814 2140 filij
831 2090 955 2128 malifii
969 2104 1034 2139 pro
1048 2091 1215 2139 homagio
1234 2096 1270 2126 et
1286 2090 1432 2127 servicio
1451 2090 1512 2126 suo
1531 2089 1575 2125 de
1592 2090 1676 2125 villa

186 2148 245 2182 illa
271 2147 314 2182 de
334 2146 642 2184 Catherlauenach
668 2162 736 2195 que
761 2149 890 2185 dicitur
909 2148 1197 2185 Tulichbardene
1217 2168 1224 2176 ·
1254 2148 1428 2184 Tenenda
1454 2152 1489 2183 et
1515 2146 1675 2182 habenda
