<?xml version="1.0" encoding="UTF-8"?>
<!DOCTYPE html PUBLIC "-//W3C//DTD XHTML 1.0 Transitional//EN"
    "http://www.w3.org/TR/xhtml1/DTD/xhtml1-transitional.dtd">
<html xmlns="http://www.w3.org/1999/xhtml" xml:lang="en" lang="en">
 <head>
  <title>
</title>
<meta http-equiv="Content-Type" content="text/html;charset=utf-8" />
  <meta name='ocr-system' content='tesseract 3.04.00' />
  <meta name='ocr-capabilities' content='ocr_page ocr_carea ocr_par ocr_line ocrx_word'/>
</head>
<body>
  <div class='ocr_page' id='page_1' title='image "./registrumepisc5800morauoft_0344.png"; bbox 0 0 2060 2660; ppageno 0'>
   <div class='ocr_carea' id='block_1_1' title="bbox 235 1215 304 1250">
    <p class='ocr_par' dir='ltr' id='par_1_1' title="bbox 235 1215 304 1250">
     <span class='ocr_line' id='line_1_1' title="bbox 235 1215 304 1250; baseline 0 -4"><span class='ocrx_word' id='word_1_1' title='bbox 235 1215 304 1250; x_wconf 74' lang='lat'><strong>199</strong></span> 
     </span>
    </p>
   </div>
   <div class='ocr_carea' id='block_1_2' title="bbox 324 175 1436 215">
    <p class='ocr_par' dir='ltr' id='par_1_2' title="bbox 324 175 1436 215">
     <span class='ocr_line' id='line_1_2' title="bbox 324 175 1436 215; baseline 0.001 -3"><span class='ocrx_word' id='word_1_2' title='bbox 324 176 397 213; x_wconf 70' lang='lat'><strong>236</strong></span> <span class='ocrx_word' id='word_1_3' title='bbox 725 175 1040 215; x_wconf 87' lang='lat' dir='ltr'>REGISTRUM</span> <span class='ocrx_word' id='word_1_4' title='bbox 1069 176 1436 214; x_wconf 87' lang='lat' dir='ltr'><strong>MORAVIENSE.</strong></span> 
     </span>
    </p>
   </div>
   <div class='ocr_carea' id='block_1_3' title="bbox 328 275 1838 962">
    <p class='ocr_par' dir='ltr' id='par_1_3' title="bbox 328 275 1838 962">
     <span class='ocr_line' id='line_1_3' title="bbox 328 275 1834 325; baseline 0.001 -13"><span class='ocrx_word' id='word_1_5' title='bbox 328 276 393 312; x_wconf 91' lang='lat' dir='ltr'><strong>bus</strong></span> <span class='ocrx_word' id='word_1_6' title='bbox 415 282 451 313; x_wconf 82' lang='lat' dir='ltr'><strong>et</strong></span> <span class='ocrx_word' id='word_1_7' title='bbox 470 277 618 313; x_wconf 83' lang='lat' dir='ltr'><strong>servitiis</strong></span> <span class='ocrx_word' id='word_1_8' title='bbox 642 277 687 313; x_wconf 91' lang='lat' dir='ltr'><strong>de</strong></span> <span class='ocrx_word' id='word_1_9' title='bbox 712 277 809 313; x_wconf 66' lang='lat' dir='ltr'><strong>dicta</strong></span> <span class='ocrx_word' id='word_1_10' title='bbox 827 277 1012 325; x_wconf 85' lang='lat' dir='ltr'>regalitate</span> <span class='ocrx_word' id='word_1_11' title='bbox 1031 277 1088 313; x_wconf 93' lang='lat' dir='ltr'><strong>seu</strong></span> <span class='ocrx_word' id='word_1_12' title='bbox 1108 277 1242 324; x_wconf 84' lang='lat' dir='ltr'>regalia</span> <span class='ocrx_word' id='word_1_13' title='bbox 1259 282 1342 311; x_wconf 84' lang='lat' dir='ltr'><strong>ante</strong></span> <span class='ocrx_word' id='word_1_14' title='bbox 1360 275 1560 323; x_wconf 85' lang='lat' dir='ltr'><strong>presentem</strong></span> <span class='ocrx_word' id='word_1_15' title='bbox 1578 275 1731 312; x_wconf 90' lang='lat' dir='ltr'><strong>nostram</strong></span> <span class='ocrx_word' id='word_1_16' title='bbox 1751 290 1834 313; x_wconf 89' lang='lat' dir='ltr'><strong>con-</strong></span> 
     </span>
     <span class='ocr_line' id='line_1_4' title="bbox 328 332 1832 382; baseline 0.001 -13"><span class='ocrx_word' id='word_1_17' title='bbox 328 334 567 371; x_wconf 85' lang='lat' dir='ltr'><strong>firmationem</strong></span> <span class='ocrx_word' id='word_1_18' title='bbox 594 335 696 371; x_wconf 91' lang='lat' dir='ltr'><strong>nobis</strong></span> <span class='ocrx_word' id='word_1_19' title='bbox 714 335 841 371; x_wconf 88' lang='lat' dir='ltr'><strong>debitis</strong></span> <span class='ocrx_word' id='word_1_20' title='bbox 859 341 895 371; x_wconf 88' lang='lat' dir='ltr'><strong>et</strong></span> <span class='ocrx_word' id='word_1_21' title='bbox 913 335 1089 370; x_wconf 85' lang='lat' dir='ltr'><strong>consuetis</strong></span> <span class='ocrx_word' id='word_1_22' title='bbox 1108 354 1116 362; x_wconf 93' lang='lat'><strong>·</strong></span> <span class='ocrx_word' id='word_1_23' title='bbox 1150 334 1193 369; x_wconf 91' lang='lat' dir='ltr'><strong>In</strong></span> <span class='ocrx_word' id='word_1_24' title='bbox 1217 333 1319 380; x_wconf 86' lang='lat' dir='ltr'><strong>cujus</strong></span> <span class='ocrx_word' id='word_1_25' title='bbox 1342 333 1393 368; x_wconf 89' lang='lat' dir='ltr'><strong>rei</strong></span> <span class='ocrx_word' id='word_1_26' title='bbox 1417 332 1655 369; x_wconf 85' lang='lat' dir='ltr'><strong>testimonium</strong></span> <span class='ocrx_word' id='word_1_27' title='bbox 1681 335 1832 382; x_wconf 81' lang='lat' dir='ltr'><strong>presenti</strong></span> 
     </span>
     <span class='ocr_line' id='line_1_5' title="bbox 329 389 1833 441; baseline 0.001 -14"><span class='ocrx_word' id='word_1_28' title='bbox 329 398 425 428; x_wconf 84' lang='lat' dir='ltr'><strong>carte</strong></span> <span class='ocrx_word' id='word_1_29' title='bbox 443 392 560 429; x_wconf 89' lang='lat' dir='ltr'><strong>nostre</strong></span> <span class='ocrx_word' id='word_1_30' title='bbox 579 393 859 429; x_wconf 84' lang='lat' dir='ltr'><strong>confirmationis</strong></span> <span class='ocrx_word' id='word_1_31' title='bbox 878 405 1048 440; x_wconf 85' lang='lat' dir='ltr'><strong>magnum</strong></span> <span class='ocrx_word' id='word_1_32' title='bbox 1067 391 1218 439; x_wconf 79' lang='lat' dir='ltr'><strong>sigillum</strong></span> <span class='ocrx_word' id='word_1_33' title='bbox 1244 389 1402 425; x_wconf 90' lang='lat' dir='ltr'><strong>nostrum</strong></span> <span class='ocrx_word' id='word_1_34' title='bbox 1428 391 1560 438; x_wconf 86' lang='lat' dir='ltr'><strong>apponi</strong></span> <span class='ocrx_word' id='word_1_35' title='bbox 1583 393 1806 441; x_wconf 88' lang='lat' dir='ltr'><strong>precepimus</strong></span> <span class='ocrx_word' id='word_1_36' title='bbox 1825 412 1833 421; x_wconf 89' lang='lat'><strong>·</strong></span> 
     </span>
     <span class='ocr_line' id='line_1_6' title="bbox 330 447 1836 498; baseline -0.001 -11"><span class='ocrx_word' id='word_1_37' title='bbox 330 450 492 487; x_wconf 86' lang='lat' dir='ltr'><strong>Testibus</strong></span> <span class='ocrx_word' id='word_1_38' title='bbox 506 451 711 487; x_wconf 90' lang='lat' dir='ltr'><strong>reverendis</strong></span> <span class='ocrx_word' id='word_1_39' title='bbox 726 452 761 486; x_wconf 92' lang='lat' dir='ltr'><strong>in</strong></span> <span class='ocrx_word' id='word_1_40' title='bbox 775 450 914 486; x_wconf 88' lang='lat' dir='ltr'><strong>Christo</strong></span> <span class='ocrx_word' id='word_1_41' title='bbox 927 449 1085 498; x_wconf 81' lang='lat' dir='ltr'><strong>patribus</strong></span> <span class='ocrx_word' id='word_1_42' title='bbox 1102 448 1284 483; x_wconf 90' lang='lat' dir='ltr'><strong>Willelmo</strong></span> <span class='ocrx_word' id='word_1_43' title='bbox 1298 447 1462 496; x_wconf 86' lang='lat' dir='ltr'><strong>episcopo</strong></span> <span class='ocrx_word' id='word_1_44' title='bbox 1477 447 1741 486; x_wconf 88' lang='lat' dir='ltr'><strong>Abbirdonenfi</strong></span> <span class='ocrx_word' id='word_1_45' title='bbox 1755 464 1836 486; x_wconf 90' lang='lat' dir='ltr'><strong>can-</strong></span> 
     </span>
     <span class='ocr_line' id='line_1_7' title="bbox 330 504 1836 556; baseline 0 -12"><span class='ocrx_word' id='word_1_46' title='bbox 330 508 474 545; x_wconf 88' lang='lat' dir='ltr'><strong>cellario</strong></span> <span class='ocrx_word' id='word_1_47' title='bbox 494 508 614 545; x_wconf 89' lang='lat' dir='ltr'><strong>nostro</strong></span> <span class='ocrx_word' id='word_1_48' title='bbox 630 529 638 538; x_wconf 91' lang='lat'><strong>·</strong></span> <span class='ocrx_word' id='word_1_49' title='bbox 662 509 812 545; x_wconf 85' lang='lat' dir='ltr'><strong>Andrea</strong></span> <span class='ocrx_word' id='word_1_50' title='bbox 830 508 992 556; x_wconf 89' lang='lat' dir='ltr'><strong>episcopo</strong></span> <span class='ocrx_word' id='word_1_51' title='bbox 1011 504 1207 542; x_wconf 81' lang='lat' dir='ltr'><strong>Orcadenfi</strong></span> <span class='ocrx_word' id='word_1_52' title='bbox 1222 525 1230 533; x_wconf 96' lang='lat'><strong>·</strong></span> <span class='ocrx_word' id='word_1_53' title='bbox 1251 505 1392 541; x_wconf 61' lang='lat' dir='ltr'><strong>dileetis</strong></span> <span class='ocrx_word' id='word_1_54' title='bbox 1416 506 1688 554; x_wconf 86' lang='lat' dir='ltr'><strong>consanguineis</strong></span> <span class='ocrx_word' id='word_1_55' title='bbox 1711 508 1836 544; x_wconf 82' lang='lat' dir='ltr'><strong>nostris</strong></span> 
     </span>
     <span class='ocr_line' id='line_1_8' title="bbox 334 563 1835 611; baseline 0.001 -10"><span class='ocrx_word' id='word_1_56' title='bbox 334 566 452 603; x_wconf 89' lang='lat' dir='ltr'><strong>David</strong></span> <span class='ocrx_word' id='word_1_57' title='bbox 487 567 617 603; x_wconf 82' lang='lat' dir='ltr'><strong>comite</strong></span> <span class='ocrx_word' id='word_1_58' title='bbox 649 566 829 603; x_wconf 86' lang='lat' dir='ltr'><strong>Crausurd</strong></span> <span class='ocrx_word' id='word_1_59' title='bbox 871 565 1018 600; x_wconf 89' lang='lat' dir='ltr'><strong>domino</strong></span> <span class='ocrx_word' id='word_1_60' title='bbox 1053 563 1240 611; x_wconf 82' lang='lat' dir='ltr'><strong>Lyndesay</strong></span> <span class='ocrx_word' id='word_1_61' title='bbox 1275 576 1408 610; x_wconf 85' lang='lat' dir='ltr'><strong>magno</strong></span> <span class='ocrx_word' id='word_1_62' title='bbox 1444 565 1640 601; x_wconf 91' lang='lat' dir='ltr'><strong>camerario</strong></span> <span class='ocrx_word' id='word_1_63' title='bbox 1675 566 1795 603; x_wconf 88' lang='lat' dir='ltr'><strong>nostro</strong></span> <span class='ocrx_word' id='word_1_64' title='bbox 1827 587 1835 595; x_wconf 92' lang='lat'><strong>·</strong></span> 
     </span>
     <span class='ocr_line' id='line_1_9' title="bbox 331 621 1836 673; baseline 0 -13"><span class='ocrx_word' id='word_1_65' title='bbox 331 624 494 673; x_wconf 84' lang='lat' dir='ltr'><strong>Georgio</strong></span> <span class='ocrx_word' id='word_1_66' title='bbox 513 625 643 661; x_wconf 88' lang='lat' dir='ltr'><strong>comite</strong></span> <span class='ocrx_word' id='word_1_67' title='bbox 662 625 706 660; x_wconf 93' lang='lat' dir='ltr'><strong>de</strong></span> <span class='ocrx_word' id='word_1_68' title='bbox 725 623 877 659; x_wconf 89' lang='lat' dir='ltr'><strong>Huntlie</strong></span> <span class='ocrx_word' id='word_1_69' title='bbox 897 622 1044 657; x_wconf 91' lang='lat' dir='ltr'><strong>domino</strong></span> <span class='ocrx_word' id='word_1_70' title='bbox 1058 621 1240 657; x_wconf 90' lang='lat' dir='ltr'><strong>Gordoun</strong></span> <span class='ocrx_word' id='word_1_71' title='bbox 1253 640 1261 648; x_wconf 92' lang='lat'><strong>·</strong></span> <span class='ocrx_word' id='word_1_72' title='bbox 1283 621 1466 657; x_wconf 92' lang='lat' dir='ltr'><strong>Willelmo</strong></span> <span class='ocrx_word' id='word_1_73' title='bbox 1484 622 1616 659; x_wconf 85' lang='lat' dir='ltr'><strong>comite</strong></span> <span class='ocrx_word' id='word_1_74' title='bbox 1634 624 1679 660; x_wconf 89' lang='lat' dir='ltr'><strong>de</strong></span> <span class='ocrx_word' id='word_1_75' title='bbox 1695 624 1836 660; x_wconf 91' lang='lat' dir='ltr'><strong>Errolle</strong></span> 
     </span>
     <span class='ocr_line' id='line_1_10' title="bbox 332 678 1836 731; baseline 0.001 -14"><span class='ocrx_word' id='word_1_76' title='bbox 332 682 479 718; x_wconf 88' lang='lat' dir='ltr'><strong>domino</strong></span> <span class='ocrx_word' id='word_1_77' title='bbox 496 682 579 731; x_wconf 88' lang='lat' dir='ltr'><strong>Hay</strong></span> <span class='ocrx_word' id='word_1_78' title='bbox 591 681 848 719; x_wconf 83' lang='lat' dir='ltr'><strong>constabulario</strong></span> <span class='ocrx_word' id='word_1_79' title='bbox 868 680 969 727; x_wconf 85' lang='lat' dir='ltr'><strong>regni</strong></span> <span class='ocrx_word' id='word_1_80' title='bbox 984 678 1091 714; x_wconf 91' lang='lat' dir='ltr'><strong>nostri</strong></span> <span class='ocrx_word' id='word_1_81' title='bbox 1107 699 1115 707; x_wconf 90' lang='lat'><strong>·</strong></span> <span class='ocrx_word' id='word_1_82' title='bbox 1132 679 1316 714; x_wconf 86' lang='lat' dir='ltr'><strong>Willelmo</strong></span> <span class='ocrx_word' id='word_1_83' title='bbox 1330 680 1462 716; x_wconf 86' lang='lat' dir='ltr'><strong>comite</strong></span> <span class='ocrx_word' id='word_1_84' title='bbox 1476 680 1668 717; x_wconf 85' lang='lat' dir='ltr'><strong>Mariscalli</strong></span> <span class='ocrx_word' id='word_1_85' title='bbox 1689 683 1836 719; x_wconf 90' lang='lat' dir='ltr'><strong>domino</strong></span> 
     </span>
     <span class='ocr_line' id='line_1_11' title="bbox 334 737 1837 789; baseline 0.001 -14"><span class='ocrx_word' id='word_1_86' title='bbox 334 740 455 789; x_wconf 85' lang='lat' dir='ltr'><strong>Keyth</strong></span> <span class='ocrx_word' id='word_1_87' title='bbox 474 760 482 768; x_wconf 95' lang='lat'><strong>·</strong></span> <span class='ocrx_word' id='word_1_88' title='bbox 501 741 638 778; x_wconf 89' lang='lat' dir='ltr'><strong>Jacobo</strong></span> <span class='ocrx_word' id='word_1_89' title='bbox 656 740 787 776; x_wconf 86' lang='lat' dir='ltr'><strong>comite</strong></span> <span class='ocrx_word' id='word_1_90' title='bbox 806 738 989 774; x_wconf 86' lang='lat' dir='ltr'><strong>Buchanie</strong></span> <span class='ocrx_word' id='word_1_91' title='bbox 1004 757 1012 765; x_wconf 89' lang='lat'><strong>·</strong></span> <span class='ocrx_word' id='word_1_92' title='bbox 1032 737 1200 774; x_wconf 85' lang='lat' dir='ltr'><strong>Johanne</strong></span> <span class='ocrx_word' id='word_1_93' title='bbox 1220 737 1368 773; x_wconf 90' lang='lat' dir='ltr'><strong>domino</strong></span> <span class='ocrx_word' id='word_1_94' title='bbox 1388 737 1577 787; x_wconf 83' lang='lat' dir='ltr'><strong>Glammys</strong></span> <span class='ocrx_word' id='word_1_95' title='bbox 1595 759 1603 767; x_wconf 92' lang='lat'><strong>·</strong></span> <span class='ocrx_word' id='word_1_96' title='bbox 1625 740 1837 776; x_wconf 85' lang='lat' dir='ltr'><strong>Alexandro</strong></span> 
     </span>
     <span class='ocr_line' id='line_1_12' title="bbox 332 795 1838 834; baseline 0.001 -1"><span class='ocrx_word' id='word_1_97' title='bbox 332 798 478 834; x_wconf 89' lang='lat' dir='ltr'><strong>domino</strong></span> <span class='ocrx_word' id='word_1_98' title='bbox 498 798 632 834; x_wconf 87' lang='lat' dir='ltr'><strong>Forbes</strong></span> <span class='ocrx_word' id='word_1_99' title='bbox 651 818 659 826; x_wconf 94' lang='lat'><strong>·</strong></span> <span class='ocrx_word' id='word_1_100' title='bbox 683 798 826 834; x_wconf 82' lang='lat' dir='ltr'><strong>Thoma</strong></span> <span class='ocrx_word' id='word_1_101' title='bbox 844 796 991 831; x_wconf 91' lang='lat' dir='ltr'><strong>domino</strong></span> <span class='ocrx_word' id='word_1_102' title='bbox 1014 795 1238 830; x_wconf 89' lang='lat' dir='ltr'><strong>Innermeith</strong></span> <span class='ocrx_word' id='word_1_103' title='bbox 1257 814 1266 823; x_wconf 90' lang='lat'><strong>·</strong></span> <span class='ocrx_word' id='word_1_104' title='bbox 1289 801 1326 831; x_wconf 83' lang='lat' dir='ltr'><strong>et</strong></span> <span class='ocrx_word' id='word_1_105' title='bbox 1344 795 1528 832; x_wconf 91' lang='lat' dir='ltr'><strong>Willelmo</strong></span> <span class='ocrx_word' id='word_1_106' title='bbox 1547 797 1695 833; x_wconf 87' lang='lat' dir='ltr'><strong>domino</strong></span> <span class='ocrx_word' id='word_1_107' title='bbox 1717 799 1838 834; x_wconf 88' lang='lat' dir='ltr'><strong>thh-</strong></span> 
     </span>
     <span class='ocr_line' id='line_1_13' title="bbox 332 851 1838 905; baseline 0.001 -14"><span class='ocrx_word' id='word_1_108' title='bbox 332 869 408 892; x_wconf 89' lang='lat' dir='ltr'><strong>wen</strong></span> <span class='ocrx_word' id='word_1_109' title='bbox 428 875 437 885; x_wconf 89' lang='lat'><strong>·</strong></span> <span class='ocrx_word' id='word_1_110' title='bbox 463 857 559 905; x_wconf 90' lang='lat' dir='ltr'><strong>apud</strong></span> <span class='ocrx_word' id='word_1_111' title='bbox 579 856 766 892; x_wconf 85' lang='lat' dir='ltr'><strong>Abbirden</strong></span> <span class='ocrx_word' id='word_1_112' title='bbox 785 854 923 890; x_wconf 83' lang='lat' dir='ltr'><strong>decimo</strong></span> <span class='ocrx_word' id='word_1_113' title='bbox 943 853 1040 888; x_wconf 86' lang='lat' dir='ltr'><strong>sexto</strong></span> <span class='ocrx_word' id='word_1_114' title='bbox 1059 853 1116 889; x_wconf 89' lang='lat' dir='ltr'><strong>die</strong></span> <span class='ocrx_word' id='word_1_115' title='bbox 1136 851 1262 888; x_wconf 78' lang='lat' dir='ltr'><strong>mensis</strong></span> <span class='ocrx_word' id='word_1_116' title='bbox 1282 853 1419 902; x_wconf 86' lang='lat' dir='ltr'><strong>Aprilis</strong></span> <span class='ocrx_word' id='word_1_117' title='bbox 1437 867 1533 890; x_wconf 86' lang='lat' dir='ltr'><strong>anno</strong></span> <span class='ocrx_word' id='word_1_118' title='bbox 1554 855 1705 891; x_wconf 89' lang='lat' dir='ltr'><strong>Domini</strong></span> <span class='ocrx_word' id='word_1_119' title='bbox 1727 856 1838 893; x_wconf 90' lang='lat' dir='ltr'><strong>mille-</strong></span> 
     </span>
     <span class='ocr_line' id='line_1_14' title="bbox 333 910 1836 962; baseline 0 -12"><span class='ocrx_word' id='word_1_120' title='bbox 333 912 416 949; x_wconf 79' lang='lat' dir='ltr'><strong>simo</strong></span> <span class='ocrx_word' id='word_1_121' title='bbox 435 912 782 962; x_wconf 81' lang='lat' dir='ltr'><strong>quadringentesimo</strong></span> <span class='ocrx_word' id='word_1_122' title='bbox 801 910 1041 959; x_wconf 64' lang='lat' dir='ltr'><strong>octuagesimo</strong></span> <span class='ocrx_word' id='word_1_123' title='bbox 1058 912 1189 947; x_wconf 62' lang='lat' dir='ltr'><strong>octavo</strong></span> <span class='ocrx_word' id='word_1_124' title='bbox 1209 917 1245 947; x_wconf 82' lang='lat' dir='ltr'><strong>et</strong></span> <span class='ocrx_word' id='word_1_125' title='bbox 1262 912 1366 959; x_wconf 87' lang='lat' dir='ltr'><strong>regni</strong></span> <span class='ocrx_word' id='word_1_126' title='bbox 1380 911 1490 947; x_wconf 90' lang='lat' dir='ltr'><strong>nostri</strong></span> <span class='ocrx_word' id='word_1_127' title='bbox 1504 912 1669 950; x_wconf 85' lang='lat' dir='ltr'><strong>vicefimo</strong></span> <span class='ocrx_word' id='word_1_128' title='bbox 1684 914 1815 950; x_wconf 71' lang='lat' dir='ltr'><strong>octavo</strong></span> <span class='ocrx_word' id='word_1_129' title='bbox 1829 935 1836 942; x_wconf 95' lang='lat'><em>-</em></span> 
     </span>
    </p>
   </div>
   <div class='ocr_carea' id='block_1_4' title="bbox 336 1084 1418 1135">
    <p class='ocr_par' dir='ltr' id='par_1_4' title="bbox 336 1084 1418 1135">
     <span class='ocr_line' id='line_1_15' title="bbox 336 1084 1418 1135; baseline -0.002 -12"><span class='ocrx_word' id='word_1_130' title='bbox 336 1087 392 1123; x_wconf 87' lang='lat' dir='ltr'><strong>De</strong></span> <span class='ocrx_word' id='word_1_131' title='bbox 411 1087 659 1135; x_wconf 79' lang='lat' dir='ltr'><strong>compromisso</strong></span> <span class='ocrx_word' id='word_1_132' title='bbox 678 1087 722 1122; x_wconf 90' lang='lat' dir='ltr'><strong>de</strong></span> <span class='ocrx_word' id='word_1_133' title='bbox 740 1085 905 1121; x_wconf 83' lang='lat' dir='ltr'><strong>marchiis</strong></span> <span class='ocrx_word' id='word_1_134' title='bbox 924 1085 968 1121; x_wconf 92' lang='lat' dir='ltr'><strong>de</strong></span> <span class='ocrx_word' id='word_1_135' title='bbox 988 1085 1087 1133; x_wconf 87' lang='lat' dir='ltr'><strong>Croy</strong></span> <span class='ocrx_word' id='word_1_136' title='bbox 1106 1090 1142 1121; x_wconf 87' lang='lat' dir='ltr'><strong>et</strong></span> <span class='ocrx_word' id='word_1_137' title='bbox 1162 1084 1394 1134; x_wconf 88' lang='lat' dir='ltr'><strong>Kildrummy</strong></span> <span class='ocrx_word' id='word_1_138' title='bbox 1410 1104 1418 1113; x_wconf 89' lang='lat'><strong>·</strong></span> 
     </span>
    </p>
   </div>
   <div class='ocr_carea' id='block_1_5' title="bbox 333 1200 1843 2296">
    <p class='ocr_par' dir='ltr' id='par_1_5' title="bbox 333 1200 1843 2296">
     <span class='ocr_line' id='line_1_16' title="bbox 335 1200 1840 1251; baseline 0 -13"><span class='ocrx_word' id='word_1_139' title='bbox 335 1203 378 1238; x_wconf 87' lang='lat' dir='ltr'><strong>In</strong></span> <span class='ocrx_word' id='word_1_140' title='bbox 392 1203 462 1238; x_wconf 91' lang='lat' dir='ltr'><strong>Dei</strong></span> <span class='ocrx_word' id='word_1_141' title='bbox 474 1202 620 1237; x_wconf 91' lang='lat' dir='ltr'><strong>nomine</strong></span> <span class='ocrx_word' id='word_1_142' title='bbox 632 1214 752 1237; x_wconf 87' lang='lat' dir='ltr'><strong>amen·</strong></span> <span class='ocrx_word' id='word_1_143' title='bbox 767 1201 836 1236; x_wconf 91' lang='lat' dir='ltr'><strong>Per</strong></span> <span class='ocrx_word' id='word_1_144' title='bbox 847 1201 916 1236; x_wconf 85' lang='lat' dir='ltr'><strong>hoc</strong></span> <span class='ocrx_word' id='word_1_145' title='bbox 927 1200 1069 1249; x_wconf 85' lang='lat' dir='ltr'><strong>presens</strong></span> <span class='ocrx_word' id='word_1_146' title='bbox 1081 1201 1264 1250; x_wconf 90' lang='lat' dir='ltr'><strong>publicum</strong></span> <span class='ocrx_word' id='word_1_147' title='bbox 1279 1200 1554 1238; x_wconf 86' lang='lat' dir='ltr'><strong>instrumentum</strong></span> <span class='ocrx_word' id='word_1_148' title='bbox 1567 1202 1708 1238; x_wconf 73' lang='grc' dir='ltr'>ουῐιᾶὶὶε</span> <span class='ocrx_word' id='word_1_149' title='bbox 1721 1208 1840 1251; x_wconf 82' lang='lat' dir='ltr'><strong>pateat</strong></span> 
     </span>
     <span class='ocr_line' id='line_1_17' title="bbox 333 1258 1840 1308; baseline 0 -12"><span class='ocrx_word' id='word_1_150' title='bbox 333 1261 518 1296; x_wconf 84' lang='lat' dir='ltr'><strong>evidenter</strong></span> <span class='ocrx_word' id='word_1_151' title='bbox 532 1260 629 1307; x_wconf 91' lang='lat' dir='ltr'><strong>quod</strong></span> <span class='ocrx_word' id='word_1_152' title='bbox 647 1272 743 1294; x_wconf 87' lang='lat' dir='ltr'><strong>anno</strong></span> <span class='ocrx_word' id='word_1_153' title='bbox 762 1273 782 1294; x_wconf 89' lang='lat' dir='ltr'><strong>a</strong></span> <span class='ocrx_word' id='word_1_154' title='bbox 799 1259 986 1295; x_wconf 83' lang='lat' dir='ltr'><strong>nativitate</strong></span> <span class='ocrx_word' id='word_1_155' title='bbox 1002 1259 1154 1295; x_wconf 91' lang='lat' dir='ltr'><strong>Domini</strong></span> <span class='ocrx_word' id='word_1_156' title='bbox 1169 1258 1353 1295; x_wconf 88' lang='lat' dir='ltr'><strong>millefimo</strong></span> <span class='ocrx_word' id='word_1_157' title='bbox 1367 1259 1717 1308; x_wconf 77' lang='lat' dir='ltr'><strong>quadringentesimo</strong></span> <span class='ocrx_word' id='word_1_158' title='bbox 1731 1273 1840 1296; x_wconf 88' lang='lat' dir='ltr'><strong>nona-</strong></span> 
     </span>
     <span class='ocr_line' id='line_1_18' title="bbox 333 1315 1840 1367; baseline 0.001 -14"><span class='ocrx_word' id='word_1_159' title='bbox 333 1317 462 1366; x_wconf 84' lang='lat' dir='ltr'><strong>gesltno</strong></span> <span class='ocrx_word' id='word_1_160' title='bbox 484 1318 637 1353; x_wconf 90' lang='lat' dir='ltr'><strong>secundo</strong></span> <span class='ocrx_word' id='word_1_161' title='bbox 657 1315 783 1353; x_wconf 77' lang='lat' dir='ltr'><strong>mensis</strong></span> <span class='ocrx_word' id='word_1_162' title='bbox 801 1330 888 1353; x_wconf 84' lang='lat' dir='ltr'><strong>vero</strong></span> <span class='ocrx_word' id='word_1_163' title='bbox 909 1316 1046 1365; x_wconf 86' lang='lat' dir='ltr'><strong>Aprilis</strong></span> <span class='ocrx_word' id='word_1_164' title='bbox 1065 1317 1122 1353; x_wconf 92' lang='lat' dir='ltr'><strong>die</strong></span> <span class='ocrx_word' id='word_1_165' title='bbox 1141 1317 1281 1353; x_wconf 88' lang='lat' dir='ltr'><strong>decimo</strong></span> <span class='ocrx_word' id='word_1_166' title='bbox 1301 1337 1310 1345; x_wconf 92' lang='lat'><strong>·</strong></span> <span class='ocrx_word' id='word_1_167' title='bbox 1334 1317 1534 1354; x_wconf 65' lang='lat' dir='ltr'><strong>indictione</strong></span> <span class='ocrx_word' id='word_1_168' title='bbox 1559 1319 1697 1354; x_wconf 86' lang='lat' dir='ltr'><strong>decima</strong></span> <span class='ocrx_word' id='word_1_169' title='bbox 1720 1338 1728 1346; x_wconf 95' lang='lat'><strong>·</strong></span> <span class='ocrx_word' id='word_1_170' title='bbox 1753 1332 1840 1367; x_wconf 85' lang='lat' dir='ltr'><strong>pou-</strong></span> 
     </span>
     <span class='ocr_line' id='line_1_19' title="bbox 333 1374 1839 1424; baseline 0 -12"><span class='ocrx_word' id='word_1_171' title='bbox 333 1376 485 1412; x_wconf 83' lang='lat' dir='ltr'><strong>tificatus</strong></span> <span class='ocrx_word' id='word_1_172' title='bbox 513 1374 714 1411; x_wconf 67' lang='lat' dir='ltr'><strong>sanctiflimi</strong></span> <span class='ocrx_word' id='word_1_173' title='bbox 741 1375 779 1410; x_wconf 91' lang='lat' dir='ltr'><strong>in</strong></span> <span class='ocrx_word' id='word_1_174' title='bbox 804 1374 945 1411; x_wconf 90' lang='lat' dir='ltr'><strong>Christo</strong></span> <span class='ocrx_word' id='word_1_175' title='bbox 970 1375 1082 1424; x_wconf 85' lang='lat' dir='ltr'><strong>patris</strong></span> <span class='ocrx_word' id='word_1_176' title='bbox 1110 1381 1146 1411; x_wconf 82' lang='lat' dir='ltr'><strong>et</strong></span> <span class='ocrx_word' id='word_1_177' title='bbox 1170 1375 1308 1411; x_wconf 91' lang='lat' dir='ltr'><strong>domini</strong></span> <span class='ocrx_word' id='word_1_178' title='bbox 1336 1375 1445 1411; x_wconf 88' lang='lat' dir='ltr'><strong>nostri</strong></span> <span class='ocrx_word' id='word_1_179' title='bbox 1472 1376 1609 1412; x_wconf 90' lang='lat' dir='ltr'><strong>domini</strong></span> <span class='ocrx_word' id='word_1_180' title='bbox 1638 1377 1839 1413; x_wconf 87' lang='lat' dir='ltr'><strong>Innocentii</strong></span> 
     </span>
     <span class='ocr_line' id='line_1_20' title="bbox 334 1433 1841 1483; baseline 0 -13"><span class='ocrx_word' id='word_1_181' title='bbox 334 1434 454 1470; x_wconf 87' lang='lat' dir='ltr'><strong>divina</strong></span> <span class='ocrx_word' id='word_1_182' title='bbox 471 1434 697 1482; x_wconf 85' lang='lat' dir='ltr'><strong>providentia</strong></span> <span class='ocrx_word' id='word_1_183' title='bbox 716 1433 811 1482; x_wconf 90' lang='lat' dir='ltr'><strong>Pape</strong></span> <span class='ocrx_word' id='word_1_184' title='bbox 836 1434 956 1469; x_wconf 63' lang='lat' dir='ltr'><strong>octavi</strong></span> <span class='ocrx_word' id='word_1_185' title='bbox 981 1446 1077 1469; x_wconf 88' lang='lat' dir='ltr'><strong>anno</strong></span> <span class='ocrx_word' id='word_1_186' title='bbox 1096 1434 1228 1470; x_wconf 63' lang='lat' dir='ltr'><strong>octavo</strong></span> <span class='ocrx_word' id='word_1_187' title='bbox 1248 1453 1256 1461; x_wconf 93' lang='lat'><strong>·</strong></span> <span class='ocrx_word' id='word_1_188' title='bbox 1276 1434 1314 1469; x_wconf 90' lang='lat' dir='ltr'><strong>in</strong></span> <span class='ocrx_word' id='word_1_189' title='bbox 1335 1434 1405 1470; x_wconf 92' lang='lat' dir='ltr'><strong>mei</strong></span> <span class='ocrx_word' id='word_1_190' title='bbox 1424 1435 1555 1470; x_wconf 84' lang='lat' dir='ltr'><strong>notarii</strong></span> <span class='ocrx_word' id='word_1_191' title='bbox 1574 1433 1705 1483; x_wconf 86' lang='lat' dir='ltr'><strong>publici</strong></span> <span class='ocrx_word' id='word_1_192' title='bbox 1724 1441 1760 1471; x_wconf 84' lang='lat' dir='ltr'><strong>et</strong></span> <span class='ocrx_word' id='word_1_193' title='bbox 1778 1435 1841 1471; x_wconf 86' lang='lat' dir='ltr'><strong>tes-</strong></span> 
     </span>
     <span class='ocr_line' id='line_1_21' title="bbox 334 1491 1841 1540; baseline 0.001 -13"><span class='ocrx_word' id='word_1_194' title='bbox 334 1493 422 1528; x_wconf 88' lang='lat' dir='ltr'><strong>tium</strong></span> <span class='ocrx_word' id='word_1_195' title='bbox 441 1492 715 1540; x_wconf 84' lang='lat' dir='ltr'><strong>subscriptorum</strong></span> <span class='ocrx_word' id='word_1_196' title='bbox 736 1492 912 1540; x_wconf 87' lang='lat' dir='ltr'><strong>presentia</strong></span> <span class='ocrx_word' id='word_1_197' title='bbox 937 1491 1172 1540; x_wconf 86' lang='lat' dir='ltr'><strong>personaliter</strong></span> <span class='ocrx_word' id='word_1_198' title='bbox 1198 1491 1379 1528; x_wconf 84' lang='lat' dir='ltr'><strong>constituti</strong></span> <span class='ocrx_word' id='word_1_199' title='bbox 1405 1493 1626 1528; x_wconf 87' lang='lat' dir='ltr'><strong>reverendus</strong></span> <span class='ocrx_word' id='word_1_200' title='bbox 1645 1493 1681 1529; x_wconf 89' lang='lat' dir='ltr'><strong>in</strong></span> <span class='ocrx_word' id='word_1_201' title='bbox 1701 1493 1841 1530; x_wconf 77' lang='lat' dir='ltr'><strong>Christo</strong></span> 
     </span>
     <span class='ocr_line' id='line_1_22' title="bbox 335 1549 1842 1599; baseline 0.001 -13"><span class='ocrx_word' id='word_1_202' title='bbox 335 1556 435 1598; x_wconf 83' lang='lat' dir='ltr'><strong>pater</strong></span> <span class='ocrx_word' id='word_1_203' title='bbox 453 1555 489 1586; x_wconf 89' lang='lat' dir='ltr'><strong>et</strong></span> <span class='ocrx_word' id='word_1_204' title='bbox 512 1550 679 1586; x_wconf 85' lang='lat' dir='ltr'><strong>dominus</strong></span> <span class='ocrx_word' id='word_1_205' title='bbox 699 1549 868 1585; x_wconf 79' lang='lat' dir='ltr'><strong>Andreas</strong></span> <span class='ocrx_word' id='word_1_206' title='bbox 886 1550 959 1585; x_wconf 92' lang='lat' dir='ltr'><strong>Dei</strong></span> <span class='ocrx_word' id='word_1_207' title='bbox 981 1555 1017 1586; x_wconf 81' lang='lat' dir='ltr'><strong>et</strong></span> <span class='ocrx_word' id='word_1_208' title='bbox 1034 1549 1224 1598; x_wconf 87' lang='lat' dir='ltr'><strong>apostolice</strong></span> <span class='ocrx_word' id='word_1_209' title='bbox 1243 1550 1332 1586; x_wconf 90' lang='lat' dir='ltr'><strong>sedis</strong></span> <span class='ocrx_word' id='word_1_210' title='bbox 1350 1556 1466 1598; x_wconf 80' lang='lat' dir='ltr'><strong>gratia</strong></span> <span class='ocrx_word' id='word_1_211' title='bbox 1483 1550 1665 1599; x_wconf 87' lang='lat' dir='ltr'><strong>episcopus</strong></span> <span class='ocrx_word' id='word_1_212' title='bbox 1687 1552 1842 1589; x_wconf 77' lang='lat' dir='ltr'><strong>moravi-</strong></span> 
     </span>
     <span class='ocr_line' id='line_1_23' title="bbox 336 1607 1842 1657; baseline 0.001 -14"><span class='ocrx_word' id='word_1_213' title='bbox 336 1607 422 1643; x_wconf 83' lang='lat' dir='ltr'><strong>ensis</strong></span> <span class='ocrx_word' id='word_1_214' title='bbox 446 1621 489 1643; x_wconf 90' lang='lat' dir='ltr'><strong>ex</strong></span> <span class='ocrx_word' id='word_1_215' title='bbox 512 1621 585 1643; x_wconf 92' lang='lat' dir='ltr'><strong>una</strong></span> <span class='ocrx_word' id='word_1_216' title='bbox 606 1614 642 1643; x_wconf 87' lang='lat' dir='ltr'><strong>et</strong></span> <span class='ocrx_word' id='word_1_217' title='bbox 663 1608 775 1656; x_wconf 87' lang='lat' dir='ltr'><strong>Hugo</strong></span> <span class='ocrx_word' id='word_1_218' title='bbox 796 1607 872 1643; x_wconf 82' lang='lat' dir='ltr'><strong>Ros</strong></span> <span class='ocrx_word' id='word_1_219' title='bbox 897 1607 985 1644; x_wconf 88' lang='lat' dir='ltr'><strong>baro</strong></span> <span class='ocrx_word' id='word_1_220' title='bbox 1008 1608 1053 1644; x_wconf 88' lang='lat' dir='ltr'><strong>de</strong></span> <span class='ocrx_word' id='word_1_221' title='bbox 1075 1608 1251 1644; x_wconf 84' lang='lat' dir='ltr'><strong>Kilravok</strong></span> <span class='ocrx_word' id='word_1_222' title='bbox 1278 1621 1323 1644; x_wconf 86' lang='lat' dir='ltr'><strong>ex</strong></span> <span class='ocrx_word' id='word_1_223' title='bbox 1350 1609 1464 1645; x_wconf 85' lang='lat' dir='ltr'><strong>altera</strong></span> <span class='ocrx_word' id='word_1_224' title='bbox 1488 1609 1648 1657; x_wconf 82' lang='lat' dir='ltr'><strong>partibus</strong></span> <span class='ocrx_word' id='word_1_225' title='bbox 1667 1629 1675 1638; x_wconf 94' lang='lat'><strong>·</strong></span> <span class='ocrx_word' id='word_1_226' title='bbox 1703 1623 1778 1645; x_wconf 91' lang='lat' dir='ltr'><strong>non</strong></span> <span class='ocrx_word' id='word_1_227' title='bbox 1807 1610 1842 1646; x_wconf 86' lang='lat' dir='ltr'><strong>vi</strong></span> 
     </span>
     <span class='ocr_line' id='line_1_24' title="bbox 336 1664 1842 1715; baseline 0.001 -14"><span class='ocrx_word' id='word_1_228' title='bbox 336 1671 398 1701; x_wconf 84' lang='lat' dir='ltr'><strong>aut</strong></span> <span class='ocrx_word' id='word_1_229' title='bbox 416 1671 514 1701; x_wconf 87' lang='lat' dir='ltr'><strong>metu</strong></span> <span class='ocrx_word' id='word_1_230' title='bbox 532 1666 633 1701; x_wconf 62' lang='lat' dir='ltr'><strong>ducti</strong></span> <span class='ocrx_word' id='word_1_231' title='bbox 650 1679 717 1701; x_wconf 91' lang='lat' dir='ltr'><strong>nec</strong></span> <span class='ocrx_word' id='word_1_232' title='bbox 735 1679 858 1702; x_wconf 88' lang='lat' dir='ltr'><strong>errore</strong></span> <span class='ocrx_word' id='word_1_233' title='bbox 884 1664 968 1714; x_wconf 76' lang='lat' dir='ltr'><strong>lapsi</strong></span> <span class='ocrx_word' id='word_1_234' title='bbox 992 1666 1050 1702; x_wconf 87' lang='lat' dir='ltr'><strong>sed</strong></span> <span class='ocrx_word' id='word_1_235' title='bbox 1075 1679 1175 1702; x_wconf 84' lang='lat' dir='ltr'><strong>mera</strong></span> <span class='ocrx_word' id='word_1_236' title='bbox 1203 1672 1239 1702; x_wconf 86' lang='lat' dir='ltr'><strong>et</strong></span> <span class='ocrx_word' id='word_1_237' title='bbox 1267 1667 1465 1702; x_wconf 88' lang='lat' dir='ltr'><strong>eorundem</strong></span> <span class='ocrx_word' id='word_1_238' title='bbox 1494 1667 1689 1715; x_wconf 85' lang='lat' dir='ltr'><strong>spontanea</strong></span> <span class='ocrx_word' id='word_1_239' title='bbox 1716 1667 1842 1703; x_wconf 88' lang='lat' dir='ltr'><strong>volun·</strong></span> 
     </span>
     <span class='ocr_line' id='line_1_25' title="bbox 337 1724 1840 1773; baseline 0.001 -14"><span class='ocrx_word' id='word_1_240' title='bbox 337 1729 409 1760; x_wconf 85' lang='lat' dir='ltr'><strong>tate</strong></span> <span class='ocrx_word' id='word_1_241' title='bbox 433 1724 550 1759; x_wconf 82' lang='lat' dir='ltr'><strong>extitit</strong></span> <span class='ocrx_word' id='word_1_242' title='bbox 566 1724 853 1772; x_wconf 65' lang='lat' dir='ltr'><strong>appun&amp;uatum</strong></span> <span class='ocrx_word' id='word_1_243' title='bbox 872 1729 908 1760; x_wconf 85' lang='lat' dir='ltr'><strong>et</strong></span> <span class='ocrx_word' id='word_1_244' title='bbox 926 1725 1186 1761; x_wconf 80' lang='lat' dir='ltr'><strong>concordatum</strong></span> <span class='ocrx_word' id='word_1_245' title='bbox 1205 1725 1315 1760; x_wconf 92' lang='lat' dir='ltr'><strong>modo</strong></span> <span class='ocrx_word' id='word_1_246' title='bbox 1334 1730 1371 1760; x_wconf 86' lang='lat' dir='ltr'><strong>et</strong></span> <span class='ocrx_word' id='word_1_247' title='bbox 1388 1724 1504 1760; x_wconf 86' lang='lat' dir='ltr'><strong>forma</strong></span> <span class='ocrx_word' id='word_1_248' title='bbox 1525 1725 1814 1773; x_wconf 82' lang='lat' dir='ltr'><strong>subsequentibus</strong></span> <span class='ocrx_word' id='word_1_249' title='bbox 1833 1745 1840 1753; x_wconf 94' lang='lat'><strong>·</strong></span> 
     </span>
     <span class='ocr_line' id='line_1_26' title="bbox 338 1781 1843 1831; baseline 0.001 -14"><span class='ocrx_word' id='word_1_250' title='bbox 338 1781 503 1818; x_wconf 83' lang='lat' dir='ltr'><strong>videlicet</strong></span> <span class='ocrx_word' id='word_1_251' title='bbox 530 1782 648 1817; x_wconf 68' lang='lat' dir='ltr'><strong>dictus</strong></span> <span class='ocrx_word' id='word_1_252' title='bbox 675 1782 894 1818; x_wconf 84' lang='lat' dir='ltr'><strong>reverendus</strong></span> <span class='ocrx_word' id='word_1_253' title='bbox 917 1788 1019 1830; x_wconf 86' lang='lat' dir='ltr'><strong>pater</strong></span> <span class='ocrx_word' id='word_1_254' title='bbox 1048 1796 1114 1831; x_wconf 91' lang='lat' dir='ltr'><strong>pro</strong></span> <span class='ocrx_word' id='word_1_255' title='bbox 1143 1782 1176 1818; x_wconf 93' lang='lat' dir='ltr'><strong>se</strong></span> <span class='ocrx_word' id='word_1_256' title='bbox 1205 1788 1242 1819; x_wconf 85' lang='lat' dir='ltr'><strong>et</strong></span> <span class='ocrx_word' id='word_1_257' title='bbox 1270 1783 1338 1818; x_wconf 85' lang='lat' dir='ltr'><strong>suis</strong></span> <span class='ocrx_word' id='word_1_258' title='bbox 1366 1782 1616 1819; x_wconf 85' lang='lat' dir='ltr'><strong>succefl&#39;oribus</strong></span> <span class='ocrx_word' id='word_1_259' title='bbox 1651 1789 1687 1819; x_wconf 85' lang='lat' dir='ltr'><strong>et</strong></span> <span class='ocrx_word' id='word_1_260' title='bbox 1724 1784 1843 1819; x_wconf 62' lang='lat' dir='ltr'><strong>dietus</strong></span> 
     </span>
     <span class='ocr_line' id='line_1_27' title="bbox 340 1839 1842 1888; baseline 0.001 -13"><span class='ocrx_word' id='word_1_261' title='bbox 340 1840 453 1888; x_wconf 86' lang='lat' dir='ltr'><strong>Hugo</strong></span> <span class='ocrx_word' id='word_1_262' title='bbox 477 1853 542 1888; x_wconf 91' lang='lat' dir='ltr'><strong>pro</strong></span> <span class='ocrx_word' id='word_1_263' title='bbox 567 1839 600 1875; x_wconf 90' lang='lat' dir='ltr'><strong>se</strong></span> <span class='ocrx_word' id='word_1_264' title='bbox 623 1845 659 1876; x_wconf 86' lang='lat' dir='ltr'><strong>et</strong></span> <span class='ocrx_word' id='word_1_265' title='bbox 680 1840 747 1875; x_wconf 84' lang='lat' dir='ltr'><strong>suis</strong></span> <span class='ocrx_word' id='word_1_266' title='bbox 765 1840 955 1876; x_wconf 84' lang='lat' dir='ltr'><strong>heredibus</strong></span> <span class='ocrx_word' id='word_1_267' title='bbox 972 1841 1134 1877; x_wconf 87' lang='lat' dir='ltr'><strong>unanimi</strong></span> <span class='ocrx_word' id='word_1_268' title='bbox 1153 1841 1324 1877; x_wconf 84' lang='lat' dir='ltr'><strong>consensu</strong></span> <span class='ocrx_word' id='word_1_269' title='bbox 1343 1846 1378 1877; x_wconf 93' lang='lat' dir='ltr'><strong>et</strong></span> <span class='ocrx_word' id='word_1_270' title='bbox 1396 1841 1529 1876; x_wconf 85' lang='lat' dir='ltr'><strong>affensu</strong></span> <span class='ocrx_word' id='word_1_271' title='bbox 1548 1841 1584 1877; x_wconf 92' lang='lat' dir='ltr'><strong>in</strong></span> <span class='ocrx_word' id='word_1_272' title='bbox 1603 1842 1676 1878; x_wconf 86' lang='lat' dir='ltr'><strong>alto</strong></span> <span class='ocrx_word' id='word_1_273' title='bbox 1695 1847 1732 1878; x_wconf 83' lang='lat' dir='ltr'><strong>et</strong></span> <span class='ocrx_word' id='word_1_274' title='bbox 1749 1842 1842 1877; x_wconf 77' lang='lat' dir='ltr'><strong>basso</strong></span> 
     </span>
     <span class='ocr_line' id='line_1_28' title="bbox 338 1898 1842 1947; baseline 0.001 -14"><span class='ocrx_word' id='word_1_275' title='bbox 338 1898 371 1934; x_wconf 90' lang='lat' dir='ltr'><strong>se</strong></span> <span class='ocrx_word' id='word_1_276' title='bbox 388 1898 542 1933; x_wconf 88' lang='lat' dir='ltr'><strong>fideliter</strong></span> <span class='ocrx_word' id='word_1_277' title='bbox 566 1903 602 1934; x_wconf 84' lang='lat' dir='ltr'><strong>et</strong></span> <span class='ocrx_word' id='word_1_278' title='bbox 624 1898 694 1934; x_wconf 86' lang='lat' dir='ltr'><strong>fide</strong></span> <span class='ocrx_word' id='word_1_279' title='bbox 718 1898 836 1933; x_wconf 89' lang='lat' dir='ltr'><strong>media</strong></span> <span class='ocrx_word' id='word_1_280' title='bbox 859 1899 1182 1947; x_wconf 85' lang='lat' dir='ltr'><strong>compromiserunt</strong></span> <span class='ocrx_word' id='word_1_281' title='bbox 1208 1905 1244 1935; x_wconf 88' lang='lat' dir='ltr'><strong>et</strong></span> <span class='ocrx_word' id='word_1_282' title='bbox 1267 1899 1520 1935; x_wconf 85' lang='lat' dir='ltr'><strong>consenserunt</strong></span> <span class='ocrx_word' id='word_1_283' title='bbox 1537 1898 1626 1935; x_wconf 86' lang='lat' dir='ltr'><strong>stare</strong></span> <span class='ocrx_word' id='word_1_284' title='bbox 1645 1900 1789 1936; x_wconf 80' lang='lat' dir='ltr'><strong>decreto</strong></span> <span class='ocrx_word' id='word_1_285' title='bbox 1807 1905 1842 1935; x_wconf 88' lang='lat' dir='ltr'><strong>et</strong></span> 
     </span>
     <span class='ocr_line' id='line_1_29' title="bbox 340 1956 1842 2006; baseline 0.001 -15"><span class='ocrx_word' id='word_1_286' title='bbox 340 1956 558 1991; x_wconf 87' lang='lat' dir='ltr'><strong>ordinationi</strong></span> <span class='ocrx_word' id='word_1_287' title='bbox 585 1956 849 1992; x_wconf 82' lang='lat' dir='ltr'><strong>honorabilium</strong></span> <span class='ocrx_word' id='word_1_288' title='bbox 872 1957 1047 1992; x_wconf 91' lang='lat' dir='ltr'><strong>nobilium</strong></span> <span class='ocrx_word' id='word_1_289' title='bbox 1071 1957 1329 1993; x_wconf 88' lang='lat' dir='ltr'><strong>venerabilium</strong></span> <span class='ocrx_word' id='word_1_290' title='bbox 1357 1962 1393 1993; x_wconf 88' lang='lat' dir='ltr'><strong>et</strong></span> <span class='ocrx_word' id='word_1_291' title='bbox 1419 1957 1655 2006; x_wconf 90' lang='lat' dir='ltr'><strong>providorum</strong></span> <span class='ocrx_word' id='word_1_292' title='bbox 1681 1958 1842 1994; x_wconf 84' lang='lat' dir='ltr'><strong>virorum</strong></span> 
     </span>
     <span class='ocr_line' id='line_1_30' title="bbox 340 2013 1841 2052; baseline 0 -2"><span class='ocrx_word' id='word_1_293' title='bbox 340 2014 505 2050; x_wconf 83' lang='lat' dir='ltr'><strong>videlicet</strong></span> <span class='ocrx_word' id='word_1_294' title='bbox 534 2014 735 2050; x_wconf 80' lang='lat' dir='ltr'><strong>Alexandri</strong></span> <span class='ocrx_word' id='word_1_295' title='bbox 765 2013 920 2050; x_wconf 89' lang='lat' dir='ltr'><strong>Dunbar</strong></span> <span class='ocrx_word' id='word_1_296' title='bbox 943 2034 951 2043; x_wconf 92' lang='lat'><strong>·</strong></span> <span class='ocrx_word' id='word_1_297' title='bbox 982 2015 1109 2052; x_wconf 83' lang='lat' dir='ltr'><strong>Jacobi</strong></span> <span class='ocrx_word' id='word_1_298' title='bbox 1135 2015 1289 2051; x_wconf 85' lang='lat' dir='ltr'><strong>Dunbar</strong></span> <span class='ocrx_word' id='word_1_299' title='bbox 1318 2016 1362 2052; x_wconf 92' lang='lat' dir='ltr'><strong>de</strong></span> <span class='ocrx_word' id='word_1_300' title='bbox 1391 2015 1560 2052; x_wconf 91' lang='lat' dir='ltr'><strong>Westfeld</strong></span> <span class='ocrx_word' id='word_1_301' title='bbox 1589 2021 1625 2052; x_wconf 90' lang='lat' dir='ltr'><strong>et</strong></span> <span class='ocrx_word' id='word_1_302' title='bbox 1654 2016 1841 2052; x_wconf 88' lang='lat' dir='ltr'><strong>Comnoch</strong></span> 
     </span>
     <span class='ocr_line' id='line_1_31' title="bbox 340 2071 1840 2111; baseline 0.001 -4"><span class='ocrx_word' id='word_1_303' title='bbox 340 2073 492 2108; x_wconf 90' lang='lat' dir='ltr'><strong>militum</strong></span> <span class='ocrx_word' id='word_1_304' title='bbox 513 2092 521 2100; x_wconf 95' lang='lat'><strong>·</strong></span> <span class='ocrx_word' id='word_1_305' title='bbox 541 2071 713 2108; x_wconf 85' lang='lat' dir='ltr'><strong>Willelmi</strong></span> <span class='ocrx_word' id='word_1_306' title='bbox 732 2071 832 2108; x_wconf 84' lang='lat' dir='ltr'><strong>thani</strong></span> <span class='ocrx_word' id='word_1_307' title='bbox 850 2072 894 2108; x_wconf 87' lang='lat' dir='ltr'><strong>de</strong></span> <span class='ocrx_word' id='word_1_308' title='bbox 914 2073 1049 2109; x_wconf 90' lang='lat' dir='ltr'><strong>Caldor</strong></span> <span class='ocrx_word' id='word_1_309' title='bbox 1064 2093 1072 2102; x_wconf 91' lang='lat'><strong>·</strong></span> <span class='ocrx_word' id='word_1_310' title='bbox 1101 2073 1273 2110; x_wconf 86' lang='lat' dir='ltr'><strong>Duncani</strong></span> <span class='ocrx_word' id='word_1_311' title='bbox 1291 2074 1508 2111; x_wconf 70' lang='lat' dir='ltr'><strong>(D‘kintoscli</strong></span> <span class='ocrx_word' id='word_1_312' title='bbox 1529 2093 1538 2101; x_wconf 89' lang='lat'><strong>·</strong></span> <span class='ocrx_word' id='word_1_313' title='bbox 1565 2074 1649 2109; x_wconf 84' lang='lat' dir='ltr'><strong>Ade</strong></span> <span class='ocrx_word' id='word_1_314' title='bbox 1664 2073 1819 2110; x_wconf 87' lang='lat' dir='ltr'><strong>Gordon</strong></span> <span class='ocrx_word' id='word_1_315' title='bbox 1832 2092 1840 2101; x_wconf 89' lang='lat'><strong>·</strong></span> 
     </span>
     <span class='ocr_line' id='line_1_32' title="bbox 342 2129 1841 2179; baseline 0.001 -14"><span class='ocrx_word' id='word_1_316' title='bbox 342 2130 511 2166; x_wconf 90' lang='lat' dir='ltr'><strong>Willelmi</strong></span> <span class='ocrx_word' id='word_1_317' title='bbox 538 2129 758 2166; x_wconf 89' lang='lat' dir='ltr'><strong>Winchestre</strong></span> <span class='ocrx_word' id='word_1_318' title='bbox 778 2149 786 2157; x_wconf 93' lang='lat'><strong>·</strong></span> <span class='ocrx_word' id='word_1_319' title='bbox 823 2130 966 2166; x_wconf 89' lang='lat' dir='ltr'><strong>Thome</strong></span> <span class='ocrx_word' id='word_1_320' title='bbox 993 2131 1114 2167; x_wconf 85' lang='lat' dir='ltr'><strong>Grant</strong></span> <span class='ocrx_word' id='word_1_321' title='bbox 1137 2151 1145 2160; x_wconf 93' lang='lat'><strong>·</strong></span> <span class='ocrx_word' id='word_1_322' title='bbox 1183 2132 1325 2168; x_wconf 89' lang='lat' dir='ltr'><strong>Thome</strong></span> <span class='ocrx_word' id='word_1_323' title='bbox 1354 2132 1504 2168; x_wconf 83' lang='lat' dir='ltr'><strong>Stewart</strong></span> <span class='ocrx_word' id='word_1_324' title='bbox 1532 2131 1779 2179; x_wconf 84' lang='lat' dir='ltr'><strong>magistrorum</strong></span> <span class='ocrx_word' id='word_1_325' title='bbox 1806 2138 1841 2168; x_wconf 90' lang='lat' dir='ltr'><strong>et</strong></span> 
     </span>
     <span class='ocr_line' id='line_1_33' title="bbox 340 2186 1842 2238; baseline 0.001 -14"><span class='ocrx_word' id='word_1_326' title='bbox 340 2186 481 2225; x_wconf 79' lang='lat' dir='ltr'><strong>ecclesie</strong></span> <span class='ocrx_word' id='word_1_327' title='bbox 513 2188 726 2224; x_wconf 84' lang='lat' dir='ltr'><strong>cathedralis</strong></span> <span class='ocrx_word' id='word_1_328' title='bbox 756 2187 988 2225; x_wconf 70' lang='lat' dir='ltr'><strong>moraviensis</strong></span> <span class='ocrx_word' id='word_1_329' title='bbox 1018 2190 1273 2226; x_wconf 85' lang='lat' dir='ltr'><strong>canonicorum</strong></span> <span class='ocrx_word' id='word_1_330' title='bbox 1294 2210 1302 2218; x_wconf 92' lang='lat'><em>-</em></span> <span class='ocrx_word' id='word_1_331' title='bbox 1332 2190 1532 2227; x_wconf 89' lang='lat' dir='ltr'><strong>Alexandri</strong></span> <span class='ocrx_word' id='word_1_332' title='bbox 1564 2189 1772 2238; x_wconf 85' lang='lat' dir='ltr'><strong>Cummyng</strong></span> <span class='ocrx_word' id='word_1_333' title='bbox 1798 2189 1842 2226; x_wconf 93' lang='lat' dir='ltr'><strong>de</strong></span> 
     </span>
     <span class='ocr_line' id='line_1_34' title="bbox 343 2245 1841 2296; baseline 0.001 -14"><span class='ocrx_word' id='word_1_334' title='bbox 343 2246 448 2282; x_wconf 84' lang='lat' dir='ltr'><strong>Altre</strong></span> <span class='ocrx_word' id='word_1_335' title='bbox 472 2265 481 2274; x_wconf 90' lang='lat'><strong>·</strong></span> <span class='ocrx_word' id='word_1_336' title='bbox 510 2246 686 2283; x_wconf 78' lang='lat' dir='ltr'><strong>Johannis</strong></span> <span class='ocrx_word' id='word_1_337' title='bbox 709 2245 808 2282; x_wconf 82' lang='lat' dir='ltr'><strong>thani</strong></span> <span class='ocrx_word' id='word_1_338' title='bbox 833 2246 876 2282; x_wconf 89' lang='lat' dir='ltr'><strong>de</strong></span> <span class='ocrx_word' id='word_1_339' title='bbox 905 2246 1027 2295; x_wconf 88' lang='lat' dir='ltr'><strong>Brody</strong></span> <span class='ocrx_word' id='word_1_340' title='bbox 1046 2266 1055 2275; x_wconf 86' lang='lat'><strong>·</strong></span> <span class='ocrx_word' id='word_1_341' title='bbox 1087 2247 1256 2296; x_wconf 82' lang='lat' dir='ltr'><strong>Hugonis</strong></span> <span class='ocrx_word' id='word_1_342' title='bbox 1284 2248 1394 2284; x_wconf 85' lang='lat' dir='ltr'><strong>Alani</strong></span> <span class='ocrx_word' id='word_1_343' title='bbox 1420 2268 1429 2277; x_wconf 91' lang='lat'><strong>·</strong></span> <span class='ocrx_word' id='word_1_344' title='bbox 1462 2247 1633 2284; x_wconf 90' lang='lat' dir='ltr'><strong>Willelmi</strong></span> <span class='ocrx_word' id='word_1_345' title='bbox 1657 2247 1771 2283; x_wconf 89' lang='lat' dir='ltr'><strong>Doles</strong></span> <span class='ocrx_word' id='word_1_346' title='bbox 1798 2247 1841 2283; x_wconf 89' lang='lat' dir='ltr'><strong>de</strong></span> 
     </span>
    </p>
   </div>
  </div>
 </body>
</html>
