1912 2660
278 127 350 163 336
671 129 989 166 REGISTRUM
1017 129 1381 166 MORAVIENSE.

281 227 409 275 prelati
423 228 601 275 quandam
619 241 747 276 penam
767 229 930 277 infligant
947 228 1188 277 pecuniariam
1208 241 1273 276 pro
1292 227 1432 263 dehetis
1450 239 1519 273 que
1537 226 1582 262 ad
1601 227 1782 262 censuram

282 283 543 321 ecclesiasticam
558 286 753 322 noscuntur
771 287 951 335 pertinere
969 299 1051 322 cum
1071 286 1319 332 delinquentes
1333 297 1408 319 non
1426 284 1671 332 prospexerint
1689 284 1785 333 spiri-

282 342 370 378 tuali
381 343 501 391 gladio
513 357 584 391 quo
595 357 670 380 non
683 344 730 380 est
741 358 833 392 pena
844 344 997 380 severior
1010 343 1189 378 feriendos
1198 362 1205 370 ·
1224 342 1305 379 Jam
1318 342 1421 389 regni
1435 342 1588 390 predicti
1600 347 1784 389 magnates

282 406 317 436 et
341 400 400 436 alii
418 402 607 450 temporali
625 403 755 451 prediti
772 401 943 450 potestate
967 400 1259 436 consuetudinem
1279 399 1470 435 immutare
1484 400 1645 436 volentes
1663 400 1784 436 lauda-

281 457 388 494 bilem
407 459 552 495 subditis
571 460 638 495 suis
656 473 701 495 ne
720 459 921 507 hujusmodi
939 471 1031 506 pene
1054 463 1204 505 pareant
1225 457 1446 493 interdicunt
1465 477 1473 485 ·
1507 456 1566 494 Ad
1584 471 1625 493 ea
1642 458 1784 505 insuper

281 529 350 564 que
376 516 420 552 ab
447 517 594 553 humani
614 517 698 566 jure
721 516 868 552 dominii
896 516 1016 551 divine
1039 514 1220 561 potestatis
1243 515 1439 550 auctoritas
1465 515 1643 551 abdicavit
1669 515 1785 550 minis-

281 579 420 610 trorum
440 575 489 610 sui
507 576 625 611 cultus
642 574 758 610 usibus
776 573 964 622 profutura
983 592 991 600 ·
1016 572 1284 620 presumptuosa
1300 573 1406 608 nimis
1424 578 1530 621 atque
1549 572 1784 621 dampnabilis

282 633 479 668 eorundem
505 638 712 680 magnatum
737 636 954 680 prorogatur
972 630 1121 666 audacia
1140 649 1147 658 ·
1177 631 1220 666 de
1238 630 1322 666 feno
1341 650 1350 658 ·
1378 631 1593 667 molendinis
1612 651 1620 659 ·
1650 631 1784 680 pascuis

282 690 436 726 decimas
464 691 549 725 solvi
579 689 729 726 ecclesiis
756 689 975 724 interdicens
994 707 1002 716 ·
1032 688 1069 723 Si
1096 688 1157 735 qui
1181 701 1269 724 vero
1300 688 1403 737 super
1430 689 1496 724 hiis
1524 688 1718 737 prestandis
1746 689 1784 724 in

275 747 453 795 judicium
484 761 605 784 coram
637 746 870 784 ecclesiasticis
893 745 1075 794 judicibus
1106 751 1303 782 evocantur
1329 766 1337 774 ·
1369 747 1511 783 aGtores
1537 747 1700 795 prosequi
1723 746 1784 794 jus

281 805 443 841 divinum
475 812 536 841 aut
559 806 700 855 judices
727 805 829 852 super
861 817 904 840 eo
930 803 1102 852 justitiam
1138 804 1307 840 exhibere
1336 805 1559 853 poscentibus
1590 805 1687 840 mifl'a
1721 803 1783 839 sub

280 863 426 898 nomine
447 864 557 911 Regis
583 863 701 899 ρᾶίἇὶα
729 862 965 910 prohibitoria
991 875 1067 897 non
1092 862 1335 909 permittunt·
1364 863 1451 910 quin
1478 864 1597 911 potius
1624 863 1693 898 hoc
1721 862 1783 897 sub

279 921 397 968 gravis
415 934 505 969 pene
524 920 814 956 interminatione
833 918 1011 968 proposita
1029 920 1136 955 iidem
1149 920 1290 968 judices
1308 926 1488 968 coguntur
1509 920 1585 968 jam
1612 920 1679 956 rite
1703 933 1784 968 pro-

279 978 367 1014 latas
391 992 506 1027 nuper
529 979 718 1014 sententias
747 991 917 1013 revocare
936 997 944 1005 ·
974 977 1106 1014 Clerici
1129 991 1216 1014 vero
1245 979 1388 1014 uxorati
1415 978 1570 1027 ejusdem
1598 978 1700 1026 regni
1723 978 1783 1025 qui

280 1036 477 1073 clericalem
498 1036 698 1072 deferentes
716 1035 898 1071 tonsuram
927 1035 1082 1071 clericali
1108 1036 1267 1084 gaudere
1291 1036 1404 1072 solent
1431 1037 1618 1084 privilegio
1642 1041 1678 1072 et
1700 1049 1782 1072 cum

279 1094 380 1129 bonis
399 1095 465 1129 suis
490 1094 550 1129 sub
575 1092 800 1130 ecclesiastice
819 1094 1055 1142 protectionis
1079 1107 1224 1130 manere
1249 1093 1399 1143 presidio
1419 1094 1462 1130 ab
1480 1095 1627 1142 antiquo
1648 1114 1656 1122 ·
1683 1094 1783 1129 solite

278 1152 512 1187 immunitatis
542 1152 724 1187 beneficiis
755 1157 938 1188 exuuntur
969 1157 1006 1188 et
1034 1152 1096 1187 sub
1127 1165 1223 1188 nova
1252 1153 1468 1200 rediguntur
1498 1166 1609 1188 onera
1639 1152 1783 1188 servitu-

279 1210 323 1245 tis
342 1229 350 1237 ·
379 1210 516 1245 Verum
545 1223 744 1258 neparum
775 1210 845 1245 illis
873 1210 956 1246 esset
984 1223 1048 1258 per
1078 1210 1146 1246 hoc
1174 1211 1212 1245 in
1244 1210 1468 1246 Scoticanam
1493 1209 1671 1246 ecclesiam
1699 1210 1783 1246 deli-

278 1267 385 1315 quisse
411 1273 598 1315 peccatum
625 1268 835 1316 adjecerunt
856 1281 931 1304 non
949 1268 1029 1304 satis
1047 1268 1186 1304 veniale
1205 1268 1242 1303 in
1258 1268 1460 1304 Romanam
1481 1288 1490 1296 ·
1520 1268 1605 1303 dum
1630 1268 1782 1316 plenitu-

281 1326 397 1361 dinem
415 1325 595 1374 potestatis
610 1340 679 1374 qua
698 1327 801 1362 Deus
816 1326 931 1362 sedem
952 1326 1176 1375 apostolicam
1196 1327 1353 1375 predidit
1376 1332 1551 1374 quantum
1575 1326 1612 1361 in
1635 1324 1713 1374 ipsis
1735 1325 1783 1361 est

279 1397 428 1419 vacuare
448 1390 619 1420 conantes
634 1384 782 1420 clericos
799 1385 984 1420 literarum
1004 1384 1203 1420 nostrarum
1221 1384 1470 1433 impetratores
1489 1390 1524 1420 et
1531 1384 1671 1432 judices
1690 1383 1782 1419 dele-

277 1447 377 1489 gatos
392 1456 412 1477 a
430 1442 532 1478 nobis
550 1443 593 1478 ab
608 1443 749 1491 agendo
764 1443 821 1479 vel
835 1443 1084 1490 cognoscendo
1105 1442 1285 1478 commiffa
1302 1443 1458 1479 traetare
1477 1442 1622 1490 negotia
1636 1441 1783 1490 prolatis

280 1499 403 1547 Regiis
429 1501 727 1548 prohibitionibus
756 1507 792 1537 et
816 1500 1167 1536 interminationibus
1194 1514 1268 1536 non
1292 1501 1507 1549 permittunt
1525 1519 1534 1528 ·
1562 1500 1599 1535 in
1626 1499 1781 1548 ejusdem

277 1558 365 1593 sedis
389 1558 649 1595 intolerabilem
668 1559 835 1608 injuriam
855 1565 890 1595 et
909 1563 1156 1607 contemptum
1173 1578 1181 1587 ·
1209 1559 1348 1595 Verum
1367 1572 1478 1606 quum
1497 1557 1674 1606 pastorum
1694 1558 1782 1592 inte-

277 1615 345 1651 rest
370 1617 537 1664 precipue
565 1630 630 1665 pro
652 1617 762 1653 salute
780 1617 899 1665 gregis
918 1623 953 1653 et
972 1630 1038 1665 pro
1058 1617 1188 1652 decore
1214 1616 1387 1652 libertatis
1413 1614 1554 1652 ecclesie
1580 1616 1613 1651 se
1640 1615 1781 1651 obicere

277 1673 545 1709 ascendentibus
573 1688 617 1710 ex
645 1675 792 1711 adverso
812 1695 820 1703 ·
850 1675 1018 1710 nonnulli
1037 1675 1081 1711 de
1100 1675 1197 1710 clero
1216 1680 1257 1710 ut
1276 1672 1447 1710 concussis
1464 1673 1665 1721 columpnis
1684 1672 1781 1708 edifi-

277 1731 370 1766 cium
401 1737 545 1767 corruat
573 1733 738 1768 adversus
766 1733 954 1781 pontifices
983 1733 1062 1768 suos
1090 1733 1215 1781 impias
1238 1737 1280 1767 ut
1307 1732 1437 1767 dicitur
1465 1731 1557 1767 inter
1582 1731 1615 1766 se
1637 1730 1781 1778 colliga-

278 1789 393 1824 tiones
413 1795 448 1824 et
466 1790 742 1837 conspirationes
761 1791 953 1827 i11ne6tunt
977 1791 1014 1826 in
1040 1790 1239 1839 periculum
1260 1788 1475 1825 ecclesiastici
1493 1788 1600 1824 status
1624 1794 1660 1824 et
1687 1788 1781 1823 ordi-

278 1846 332 1881 nis
360 1852 396 1882 et
420 1847 560 1882 suarum
590 1848 781 1895 perniciem
812 1849 1013 1884 animarum
1034 1868 1042 1876 ·
1071 1848 1208 1884 Gravia
1230 1848 1310 1883 sunt
1327 1847 1392 1883 hec
1410 1860 1477 1883 nec
1496 1846 1566 1882 fine
1585 1846 1690 1894 culpa
1706 1846 1781 1894 pos-

279 1904 359 1940 sunt
383 1905 585 1940 incorrecta
607 1906 759 1953 relinqui
778 1907 835 1942 vel
858 1905 1132 1942 diffimulatione
1158 1906 1277 1954 aliqua
1302 1905 1466 1954 preteriri
1485 1924 1493 1932 ·
1521 1917 1589 1952 que
1608 1904 1750 1952 quidem
1771 1923 1778 1931 ·

279 1976 322 1997 ex
342 1975 384 1997 eo
400 1963 567 2010 precipue
585 1964 681 2010 quod
700 1964 736 1998 in
755 1965 959 2012 quibusdam
980 1963 1149 2013 religiosis
1164 1970 1200 2000 et
1218 1964 1354 2000 clericis
1372 1962 1633 2011 cooperationis
1651 1961 1780 1997 habere

279 2019 450 2055 dicuntur
473 2020 631 2056 favorem
659 2035 679 2056 a
705 2022 831 2068 quibus
850 2023 886 2057 in
904 2023 1023 2071 laycos
1041 2036 1130 2070 quos
1148 2022 1358 2058 salutaribus
1376 2021 1541 2057 remediis
1559 2033 1580 2055 a
1596 2025 1780 2055 tantorum

279 2077 371 2125 peste
390 2078 599 2113 morborum
624 2092 748 2115 curare
775 2080 973 2116 debuerant
997 2080 1202 2127 corruptela
1223 2079 1436 2129 producitur
1455 2098 1463 2106 ·
1488 2078 1605 2114 zelum
1624 2077 1780 2113 excitant

280 2135 455 2171 salutifere
473 2136 621 2171 ultionis
648 2142 683 2172 et
705 2137 950 2185 tempestivum
973 2139 1121 2174 suadent
1147 2138 1324 2174 medicine
1348 2137 1551 2172 antidotum
1575 2134 1779 2184 preparari·

279 2207 325 2229 ue
343 2194 380 2229 in
400 2193 511 2242 Regis
530 2194 751 2243 dispendium
771 2215 779 2223 ·
799 2209 904 2243 quem
929 2197 1030 2231 etatis
1049 2196 1236 2232 infirmitas
1254 2201 1295 2231 ut
1314 2195 1444 2231 dicitur
1467 2193 1528 2229 ista
1546 2206 1620 2229 non
1639 2192 1780 2242 capiens
