2060 2660
76 835 142 867 101

571 160 886 197 REGISTRUM
914 161 1273 202 MORAVIENSE.
1599 175 1666 206 115

177 267 212 297 et
230 260 421 309 expreffam
446 259 490 295 de
512 260 577 295 hac
598 258 822 306 indulgentia
840 264 875 293 et
892 258 1005 294 vestra
1025 261 1166 297 ecclefia
1186 264 1404 300 mentionem
1423 285 1431 294 ·
1459 267 1559 304 Nulli
1578 283 1663 317 ergo

176 319 322 353 omnino
340 317 525 352 hominum
544 317 648 352 liceat
665 316 757 351 hanc
774 315 941 363 paginam
959 316 1075 353 nostre
1099 318 1327 355 concessionis
1347 321 1539 370 infringere
1556 327 1612 361 vel
1631 328 1663 362 ei

175 375 258 410 ausu
283 374 473 410 temerario
501 374 678 409 contraire
697 393 705 401 ·
735 373 768 408 Si
797 372 875 419 quis
901 378 1020 409 autem
1047 375 1158 422 [hoc]
1186 381 1396 424 attemptare
1423 381 1664 429 presumpserit

172 431 454 479 indignationem
482 431 737 479 omnipotentis
759 429 831 464 Dei
855 434 891 464 et
915 429 1104 467 beatorum
1127 433 1224 468 Petri
1245 439 1280 469 et
1303 434 1403 469 Pauli
1425 437 1661 483 apostolorum

173 489 248 537 ejus
265 489 298 525 se
316 489 458 524 noverit
476 489 698 524 incursurum
716 507 724 516 ·
757 487 894 522 Datum
915 486 1086 535 Lugduni
1105 503 1150 524 ·x·
1174 489 1352 526 Kalendas
1372 492 1507 540 Aprilis
1525 513 1533 521 ·
1552 497 1665 541 ponti-

172 546 296 582 ficatus
313 545 421 581 nostri
439 558 535 582 anno
554 545 650 582 sexto
665 565 674 573 ·

173 718 408 755 Confirmatio
427 719 613 755 electionis
631 719 771 755 Decani
789 720 827 754 in
844 724 1056 768 perpetuum
1079 738 1086 746 ·

174 833 407 870 Innocentius
434 834 616 882 episeopus
642 834 761 869 servus
787 834 970 869 servorum
992 833 1065 869 Dei
1086 833 1281 868 venerabili
1307 834 1406 869 fratri
1431 836 1603 884 Episcopo
1631 844 1666 873 et

173 891 311 926 dileetis
328 891 409 926 filiis
423 892 574 927 Decano
593 896 628 927 et
646 891 802 939 capitulo
818 889 1031 928 (Doravienfi
1045 890 1191 926 salutem
1210 896 1245 926 et
1263 891 1486 939 apostolicam
1507 893 1667 930 benedic-

171 949 306 984 tionem
330 968 338 976 ·
367 949 465 985 Solet
493 962 651 984 annuere
678 949 775 984 sedes
802 948 992 997 apostolica
1017 948 1083 996 piis
1108 948 1201 983 votis
1229 953 1264 984 et
1283 948 1444 985 honestis
1469 953 1666 998 petentium

171 1005 333 1053 precibus
358 1006 517 1042 favorem
543 1006 756 1042 benevolum
782 1006 956 1054 impertiri
975 1025 983 1033 ·
1013 1005 1107 1041 Cum
1130 1005 1239 1053 igitur
1262 1004 1348 1041 ficut
1371 1020 1415 1042 ex
1437 1013 1537 1055 parte
1556 1009 1667 1045 vestra

171 1063 238 1098 fuit
254 1062 471 1111 propositum
488 1076 608 1099 coram
626 1063 729 1098 nobis
746 1063 842 1110 quod
867 1063 904 1098 in
927 1061 1069 1099 ecclesia
1086 1063 1199 1098 vestra
1216 1062 1256 1098 fit
1273 1077 1294 1099 a
1311 1064 1359 1099 sui
1379 1064 1587 1102 fundatione
1606 1067 1667 1102 sta·
1708 1069 1713 1073 ’

171 1126 287 1156 tutum
308 1140 316 1148 ·
336 1121 514 1156 firmatum
527 1120 734 1168 juramento
753 1140 760 1148 ·
781 1126 817 1156 et
835 1120 1010 1156 haetenus
1027 1121 1171 1169 pacifice
1190 1121 1412 1156 observatum
1433 1141 1441 1150 ·
1460 1128 1500 1158 ut
1519 1131 1666 1160 vacante

172 1177 346 1213 decanatu
364 1178 518 1213 decanus
535 1191 557 1213 a
574 1177 729 1226 capitulo
749 1178 902 1225 eligatur
924 1198 932 1206 ·
960 1191 1026 1214 nos
1042 1177 1163 1213 vestris
1181 1178 1411 1226 petitionibus
1429 1180 1587 1216 inclinati
1605 1181 1667 1217 sta-

170 1240 287 1270 tutum
315 1235 515 1283 hujusmodi
541 1240 659 1270 ratum
685 1235 855 1271 habentes
882 1240 918 1271 et
944 1240 1086 1283 gratum
1113 1235 1201 1270 illud
1231 1236 1446 1272 au&oritate
1477 1237 1666 1285 apostolica

169 1292 420 1327 confirmamus
445 1298 481 1328 et
507 1292 677 1340 presentis
696 1293 812 1341 scripti
830 1293 1029 1341 patrocinio
1048 1293 1311 1328 communimus
1330 1312 1338 1320 ·
1366 1293 1467 1328 Nulli
1487 1307 1572 1342 ergo
1592 1309 1666 1331 om-

169 1349 255 1384 nino
273 1349 458 1385 hominum
477 1350 582 1386 liceat
600 1350 691 1386 hanc
709 1350 876 1399 paginam
900 1350 1017 1386 nostre
1041 1350 1321 1385 confirmationis
1340 1350 1533 1398 infringere
1552 1353 1607 1388 vel
1634 1354 1665 1388 ei

141 1450 143 1452 ι
168 1406 252 1442 ausu
270 1408 460 1443 temerario
485 1408 663 1444 contraire
683 1427 691 1436 ·
720 1407 756 1443 Si
777 1408 854 1455 quis
878 1413 997 1443 autem
1023 1408 1091 1443 hoc
1112 1413 1323 1456 attemptare
1347 1408 1593 1456 presumpserit
1614 1410 1666 1445 in-

72 1869 140 1902 102

168 1464 411 1512 dignationem
444 1465 699 1513 omnipotentis
726 1465 799 1501 Dei
834 1470 870 1501 et
899 1465 1086 1501 beatorum
1111 1465 1208 1501 Petri
1235 1472 1270 1500 et
1298 1465 1399 1500 Pauli
1425 1465 1664 1513 apost-olorum

168 1521 242 1570 ejus
259 1522 292 1558 se
310 1522 452 1558 noverit
469 1523 692 1558 incursurum
718 1542 727 1550 ·
758 1522 896 1558 Datum
918 1522 1089 1571 Lugduni
1109 1523 1167 1558 ·iii·
1190 1522 1369 1558 Kalendas
1390 1522 1524 1570 Aprilis
1544 1543 1552 1551 ·
1578 1537 1664 1572 pon-

167 1579 319 1615 tificatus
337 1579 445 1615 nostri
463 1593 559 1616 anno
577 1580 674 1616 sexto
694 1599 703 1607 ·

168 1751 402 1788 Confirmatio
422 1752 625 1788 Innocentii
643 1753 855 1789 cathedralis
873 1751 1014 1789 ecclefie
1033 1758 1069 1789 et
1086 1753 1318 1789 canoniarum
1338 1773 1346 1781 ·

170 1866 402 1903 Innocentius
428 1867 610 1916 episcopus
634 1867 753 1903 servus
775 1868 958 1904 servorum
983 1867 1055 1904 Dei
1081 1867 1275 1904 venerabili
1302 1868 1402 1904 fratri
1425 1869 1597 1917 Episcopo
1626 1876 1661 1905 et

168 1923 305 1960 dileetis
330 1925 411 1960 filiis
437 1925 592 1973 capitulo
619 1924 833 1963 moraviensi
859 1925 1006 1962 salutem
1032 1931 1068 1961 et
1093 1924 1318 1974 apostolicam
1345 1926 1630 1962 benedietionem
1651 1946 1658 1954 ·

168 1981 396 2018 sacrosan&
420 1982 587 2018 Romana
613 1982 754 2019 ecclesia
780 1983 929 2019 devotos
955 1988 991 2019 et
1017 1983 1168 2019 humiles
1191 1982 1282 2018 filios
1304 1997 1349 2019 ex
1371 1984 1500 2019 affuete
1523 1984 1661 2032 pietatis

167 2038 282 2074 officio
312 2038 516 2088 propenfius
547 2040 695 2088 diligere
722 2040 905 2077 consuevit
930 2046 966 2076 et
993 2053 1039 2076 ne
1065 2053 1259 2089 pravorum
1286 2041 1470 2076 hominum
1498 2041 1661 2076 molestiis

165 2095 344 2143 agitentur
371 2110 431 2133 eos
457 2103 626 2145 tanquam
646 2097 705 2146 pia
730 2102 844 2133 mater
870 2098 928 2134 sue
955 2098 1191 2147 preteetionis
1217 2098 1414 2134 munimine
1440 2098 1630 2134 confovere
1650 2118 1657 2125 -

167 2152 364 2202 Eapropter
388 2154 511 2190 (111εᾶὶί
532 2155 570 2190 in
588 2155 750 2191 Domino
776 2155 840 2190 filii
863 2155 984 2192 vestris
1003 2155 1106 2204 justis
1131 2155 1423 2204 postulationibus
1448 2161 1550 2203 grato
1576 2168 1658 2190 con-

166 2216 347 2247 currentes
372 2212 504 2248 afl'ensu
530 2212 695 2260 personas
721 2217 757 2248 et
783 2211 960 2250 ecclefiam
988 2212 1137 2250 vestram
1164 2226 1244 2249 cum
1273 2213 1436 2248 omnibus
1463 2213 1562 2247 bonis
1583 2218 1654 2247 tam

166 2266 394 2304 ecclefiasticis
419 2282 523 2317 quam
554 2270 743 2306 mundanis
769 2283 837 2317 que
864 2271 901 2306 in
927 2271 1080 2319 presenti
1110 2270 1366 2306 rationabiliter
1394 2268 1568 2317 possidetis
1595 2276 1655 2304 aut
