2060 2660
254 721 327 752 ⁰200

349 161 421 194 238
749 160 1066 199 REGISTRUM
1096 161 1460 199 MORAVIENSE.

353 258 459 293 tersui
478 271 589 306 eaque
607 259 729 295 omnia
751 265 786 296 et
807 259 943 309 singula
966 260 1010 297 fic
1031 262 1108 298 fieri
1126 262 1207 297 scivi
1227 262 1300 297 vidi
1325 267 1361 297 et
1379 262 1500 296 audivi
1521 274 1562 296 ac
1580 261 1617 295 in
1638 264 1762 295 notam
1781 258 1857 306 cepi

353 316 504 363 ideoque
518 316 659 364 presens
672 317 853 366 publicum
873 318 1145 354 instrumentum
1166 333 1274 354 manu
1294 332 1372 354 mea
1390 318 1535 366 propria
1553 316 1669 366 scripsi
1689 315 1857 364 fignoque

354 379 390 409 et
408 374 554 409 nomine
573 375 660 411 meis
678 375 785 411 solitis
810 382 845 412 et
868 377 1043 412 consuetis
1061 375 1193 424 signavi
1212 382 1357 424 rogatus
1376 384 1411 412 et
1430 374 1615 423 requisitus
1634 376 1673 411 in
1695 374 1803 410 fidem
1823 379 1858 409 et

354 430 593 467 testimonium
612 434 773 469 omnium
792 439 828 469 et
845 433 1064 481 singulorum
1084 434 1331 481 premissorum
1348 453 1356 461 ·

357 607 592 644 Continuatio
612 608 768 657 ejusdem
787 608 887 643 cause
907 626 915 635 ·

356 723 400 758 In
415 723 485 759 Dei
501 724 647 760 nomine
659 737 779 759 amen·
797 724 866 758 Per
878 723 945 758 hoc
956 722 1098 771 presens
1109 722 1290 770 publicum
1305 722 1577 759 instrumentum
1591 724 1730 759 cumffis
1742 729 1860 772 pateat

354 781 540 817 evidenter
566 782 662 829 quod
686 795 782 817 anno
800 781 843 816 ab
865 780 1118 816 Incarnatione
1138 780 1289 815 Domini
1310 779 1493 816 millesimo
1512 780 1859 829 quadringentesimo

354 838 582 886 nonagesimo
604 839 758 875 secundo
782 837 908 874 mensis
927 852 1012 874 vero
1033 838 1171 886 Aprilis
1198 839 1255 874 die
1282 838 1411 874 ultimo
1431 859 1439 867 ·
1468 839 1666 875 indififione
1694 840 1831 875 decima
1850 859 1857 867 ·

355 897 582 945 pontificatus
606 896 805 932 ffinfififfnni
825 897 860 931 in
881 896 1020 932 Christo
1041 897 1149 945 patris
1168 901 1203 931 et
1222 896 1358 931 domini
1378 896 1486 932 nostri
1505 897 1641 932 domini
1660 898 1861 933 Innocentii

355 955 476 990 divina
494 955 701 1003 disponente
720 954 909 990 clementia
929 954 1024 1002 Pape
1043 954 1163 989 06ὶᾶνί
1182 967 1278 989 anno
1298 955 1428 990 o&avo
1449 974 1456 982 ·
1483 955 1518 989 in
1538 955 1607 990 mei
1627 955 1757 990 notarii
1775 955 1861 1003 pub-

356 1013 412 1047 lici
432 1020 467 1048 et
485 1012 622 1048 testium
642 1013 914 1060 subscriptorum
934 1012 1110 1060 presentia
1131 1012 1364 1060 personaliter
1388 1012 1568 1048 constituti
1593 1013 1729 1048 nobiles
1756 1026 1862 1049 vene-

357 1071 483 1106 rabiles
510 1078 545 1106 et
571 1071 711 1119 providi
739 1071 803 1106 viri
825 1070 1037 1106 Alexander
1057 1070 1212 1106 Dunbar
1237 1071 1280 1106 de
1301 1070 1459 1106 Vestfeld
1478 1077 1514 1106 et
1531 1070 1686 1107 Jacobus
1707 1070 1860 1107 Dunbar

355 1129 399 1164 de
420 1129 606 1164 Comnoch
626 1129 754 1164 milites
774 1148 781 1156 ·
806 1128 959 1176 magistri
984 1128 1101 1163 Adam
1121 1128 1277 1164 Gordon
1298 1134 1487 1177 precentor
1507 1148 1515 1156 ·
1546 1129 1748 1164 willelmus
1765 1128 1862 1165 Win-

356 1186 488 1221 chestre
517 1187 753 1222 thesaurarius
784 1186 997 1222 cathedralis
1025 1185 1168 1222 ecclesie
1195 1185 1427 1223 moraviensis
1447 1206 1454 1214 ·
1488 1187 1647 1222 Thomas
1675 1187 1795 1223 Grant
1826 1193 1861 1224 et

355 1244 514 1279 Thomas
538 1246 692 1280 Stewart
721 1245 817 1280 dicte
847 1243 988 1280 ecclesie
1017 1245 1179 1280 canonici
1209 1245 1506 1293 prebendariique
1531 1245 1653 1281 Sancti
1674 1245 1791 1293 Egidii
1817 1246 1860 1282 de

356 1302 463 1350 Elgin
491 1308 527 1338 et
556 1303 697 1338 Duthol
729 1304 766 1338 in
795 1304 918 1339 eadem
948 1323 956 1332 -
995 1303 1206 1339 Alexander
1235 1303 1443 1338 Suthirland
1476 1309 1512 1339 et
1543 1304 1722 1340 martinus
1753 1303 1862 1340 eccle—

355 1359 480 1396 siarum
511 1361 554 1396 de
586 1361 763 1410 Inuernys
790 1362 910 1397 Pettin
935 1367 971 1398 et
995 1361 1160 1398 Brachlie
1184 1361 1306 1397 vicarii
1322 1381 1330 1389 ·
1364 1361 1565 1397 VVillelmus
1588 1361 1723 1397 Caldor
1742 1362 1785 1397 de
1804 1375 1861 1397 eo-

356 1419 464 1454 dem·
499 1419 698 1455 Duncanus
726 1419 907 1468 ffi‘yntosh
933 1420 1138 1468 capitaneus
1166 1420 1209 1455 de
1238 1419 1453 1455 Clancattan
1473 1439 1481 1447 ·
1518 1419 1727 1455 Alexander
1752 1420 1861 1455 Cum-

358 1490 466 1524 myng
485 1477 528 1512 de
548 1477 655 1513 Altre
675 1497 682 1505 ·
712 1478 897 1514 Johannes
923 1478 1045 1527 Brody
1072 1478 1116 1513 de
1143 1478 1269 1513 eodem
1296 1497 1303 1505 ·
1334 1477 1537 1512 willelmus
1564 1477 1646 1525 Hay
1670 1477 1713 1512 de
1740 1477 1832 1512 Park
1852 1497 1860 1505 ·

362 1535 561 1570 Willelmus
580 1535 693 1571 Doles
718 1537 762 1572 de
782 1536 941 1585 Cantray
969 1556 977 1565 ·
1008 1536 1121 1584 Hugo
1142 1535 1252 1572 Alani
1272 1555 1280 1564 ·
1306 1536 1488 1571 Robertus
1508 1535 1642 1571 Caldor
1667 1555 1675 1563 ·
1704 1535 1862 1572 Thomas

361 1592 443 1640 Hay
458 1612 466 1620 ·
488 1594 653 1629 Andreas
669 1594 876 1643 Cummyng
889 1615 897 1623 ·
919 1594 1086 1630 Andreas
1106 1594 1230 1630 Fraser
1243 1614 1250 1622 ·
1272 1594 1482 1630 Alexander
1498 1593 1683 1629 Chessielm
1699 1613 1707 1621 ·
1728 1593 1862 1630 Willel-

358 1664 435 1685 mus
454 1651 640 1686 Chessielm
671 1658 706 1687 et
729 1653 898 1689 moreach
924 1653 1020 1690 (Doir
1046 1673 1054 1681 ·
1078 1653 1201 1688 arbitri
1226 1652 1456 1687 arbitratores
1479 1658 1514 1687 et
1538 1652 1740 1687 amicabiles
1768 1665 1861 1688 com-

358 1707 527 1756 positores
546 1715 580 1744 et
599 1723 808 1746 communes
826 1711 929 1746 amici
951 1724 1014 1759 per
1033 1717 1069 1747 et
1087 1711 1181 1746 inter
1200 1710 1437 1746 reverendum
1457 1710 1492 1745 in
1513 1709 1653 1745 Christo
1672 1715 1808 1758 patrem
1827 1715 1862 1745 et

359 1766 543 1801 dominum
564 1767 748 1803 dominum
771 1768 956 1804 Andream
974 1769 1045 1805 Dei
1065 1775 1101 1804 et
1118 1768 1307 1817 apostolice
1326 1768 1414 1803 sedis
1432 1768 1547 1815 gratia
1565 1768 1766 1816 episcopum
1785 1769 1861 1804 (Ὀο-

358 1825 551 1860 raviensem
569 1832 603 1860 et
618 1826 863 1861 honorabilem
879 1827 995 1862 virum
1018 1827 1216 1875 Hugonem
1234 1826 1406 1862 baronem
1425 1826 1469 1861 de
1491 1826 1666 1861 Kilravok
1679 1845 1686 1854 ·
1707 1826 1744 1860 in
1763 1824 1862 1861 causa

358 1882 415 1918 seu
430 1881 538 1918 causls
557 1883 601 1917 de
621 1889 656 1918 et
674 1883 776 1932 super
795 1885 898 1919 terris
917 1885 1087 1921 limitibus
1105 1891 1141 1921 et
1159 1885 1324 1920 marchiis
1342 1883 1512 1920 universis
1530 1890 1708 1920 terrarum
1726 1884 1770 1920 de
1788 1883 1862 1919 Kil-

358 1940 469 1975 ravok
485 1960 492 1968 ·
524 1940 621 1988 Croy
641 1947 677 1976 et
698 1941 927 1991 Kildrummy
955 1957 995 1979 ac
1022 1943 1176 1990 querelis
1202 1949 1238 1979 et
1264 1942 1504 1990 questionibus
1522 1941 1703 1978 occasione
1721 1941 1861 1990 premis-

359 1998 473 2033 sarum
498 1998 592 2034 inter
617 1999 757 2034 eosdem
786 2000 1041 2036 debatabihbus
1072 2002 1222 2050 desuper
1254 2001 1360 2036 motis
1386 2001 1445 2036 seu
1464 2000 1650 2036 movendis
1668 2000 1861 2035 secundum

358 2056 509 2091 sormam
529 2056 789 2104 speculatorum
808 2059 1047 2095 communiter
1069 2059 1174 2095 electi
1201 2079 1209 2087 ·
1239 2065 1348 2107 prout
1375 2059 1411 2094 in
1439 2058 1687 2107 compromisso
1715 2057 1862 2106 desuper

359 2114 456 2150 edito
481 2114 621 2163 plenius
639 2115 845 2151 continetur
865 2136 872 2144 ·
898 2117 1050 2164 prefatas
1074 2118 1193 2152 causas
1215 2116 1283 2153 sive
1307 2117 1446 2152 causam
1471 2117 1516 2152 de
1534 2122 1767 2163 utrarumque
1786 2128 1861 2163 par-

360 2173 449 2215 tium
475 2172 644 2208 consensu
669 2173 796 2220 absque
822 2175 1016 2209 earundem
1048 2175 1245 2223 prejudicio
1276 2175 1536 2210 continuarunt
1560 2173 1800 2209 extenderunt
1827 2179 1862 2209 et

359 2237 602 2279 prorogarunt
620 2231 729 2266 modo
748 2237 784 2267 et
801 2231 916 2267 forma
934 2232 1154 2280 subsequenti
1170 2253 1178 2261 ·
1207 2233 1285 2268 Nos
1304 2232 1514 2268 Alexander
1530 2232 1684 2267 Dunbar
1702 2231 1746 2266 de
1764 2230 1861 2267 Vest-

358 2289 428 2325 feld
451 2308 458 2317 ·
496 2288 652 2325 ,Iacobus
672 2288 826 2325 Dunbar
845 2290 889 2326 de
909 2290 1076 2326 Comnok
1096 2291 1225 2327 milites
1252 2310 1260 2319 ·
1296 2290 1417 2326 Adam
1436 2290 1592 2326 Gordon
1617 2295 1807 2338 precentor
1826 2294 1860 2324 et
