1912 2660
295 55 368 92 468
770 55 950 91 CARTE
976 54 1109 92 ORIG
1117 55 1319 92 INALES.

295 160 332 191 et
348 154 547 190 habendam
567 154 682 189 eidem
702 153 884 189 Willelmo
903 159 940 190 et
956 154 1145 190 heredibus
1164 155 1231 189 suis
1249 154 1307 189 seu
1325 154 1393 188 suis
1410 152 1586 201 asfignatis
1609 154 1652 190 de
1677 168 1733 191 me
1755 162 1791 192 et

295 212 484 247 heredibus
508 211 595 247 meis
619 211 677 246 seu
699 209 875 258 assignatis
893 212 983 246 adeo
1002 211 1111 246 libere
1129 211 1247 258 quiete
1266 210 1423 258 plenarie
1442 215 1477 246 et
1496 211 1691 247 honorifice
1709 225 1790 248 cum

295 268 460 304 omnibus
486 268 707 304 libertatibus
733 268 962 316 pertinenciis
988 273 1023 303 et
1049 267 1269 316 ayfiamentis
1292 273 1364 302 tam
1383 268 1574 304 nominatis
1592 282 1696 316 quam
1715 283 1791 305 non

291 326 484 361 nominatis
514 325 601 361 ficut
625 339 691 373 ego
718 325 837 372 aliquo
859 325 951 373 juris
978 325 1083 360 titulo
1108 325 1303 372 predictam
1330 325 1558 361 medietatem
1576 331 1670 362 terre
1690 327 1792 362 Tilli-

292 384 429 431 bardyn
443 383 587 419 liberius
601 383 759 431 quiecius
777 388 837 418 aut
855 382 1154 417 honorificencius
1168 382 1267 417 tenui
1279 382 1336 418 vel
1350 382 1469 430 aliquo
1488 388 1649 431 tempore
1667 390 1791 420 tenere

292 442 394 490 potui
410 460 418 469 ·
443 441 644 477 Reddendo
662 441 745 476 inde
764 439 948 475 annuatim
966 440 1051 474 mihi
1073 444 1108 475 et
1126 439 1315 475 heredibus
1329 441 1416 476 meis
1434 441 1491 476 seu
1510 440 1686 488 affignatis
1704 444 1791 479 duo-

292 500 415 535 decem
434 512 569 535 marcas
587 498 764 534 bonorum
783 503 818 532 et
837 496 1005 544 legalium
1023 496 1271 544 sterlingorum
1287 497 1332 532 ad
1346 503 1501 544 quatuor
1514 499 1599 533 anni
1619 500 1791 536 terminos

292 557 461 593 videlicet
486 562 558 592 tres
583 569 719 591 marcas
737 555 781 590 ad
801 553 1033 589 Pentecosten
1052 559 1087 589 et
1106 559 1176 590 tres
1195 568 1330 590 marcas
1347 556 1393 590 ad
1410 555 1534 591 festum
1554 556 1673 592 Sancti
1693 557 1791 594 Petri

292 615 338 650 ad
356 614 500 650 vincula
517 619 553 649 et
570 619 642 649 tres
661 625 796 648 marcas
815 612 859 646 ad
877 610 1001 647 festum
1019 611 1137 647 Sancti
1157 612 1304 648 martini
1323 613 1360 648 in
1377 626 1479 661 yeme
1502 619 1537 649 et
1561 619 1633 650 tres
1656 628 1791 651 marcas

293 672 338 707 ad
365 671 489 708 sestum
518 670 778 720 purificacionis
804 670 906 704 beate
925 669 1039 705 marie
1064 669 1225 717 Virginis
1250 683 1316 718 pro
1345 671 1443 706 omni
1469 671 1617 707 seruicio
1645 672 1792 708 seculari

293 729 483 765 exaccione
502 734 537 764 et
556 728 732 764 demanda
750 740 818 774 que
837 740 857 762 a
875 739 932 762 me
951 732 987 762 et
1004 727 1194 762 heredibus
1216 728 1304 763 meis
1330 733 1392 764 aut-
1418 727 1594 776 aflig'natis
1620 730 1792 778 imperpe-

291 792 393 822 tuum
409 787 453 822 de
467 787 626 834 predicta
638 791 733 820 terra
747 785 840 832 exigi
856 790 1027 832 poterunt-
1040 804 1047 812 ·
1069 785 1249 820 Faciendo
1264 785 1348 821 inde
1362 785 1547 822 seruicium
1565 787 1791 823 Scoticanum

292 844 503 879 forinsecum
522 843 566 878 de
585 843 680 878 dicta
698 847 794 878 terra
811 842 970 889 legitime
988 842 1148 878 debitum
1167 848 1203 878 et
1221 842 1349 879 sectam
1369 844 1467 879 curie
1485 844 1621 879 domini
1641 845 1792 881 Comitis

292 902 336 936 de
356 901 541 936 Strathern
561 920 569 928 ·
595 906 631 936 et
654 900 839 936 reddendo
867 900 964 935 dicto
989 900 1137 936 domino
1161 900 1295 937 Comiti
1318 901 1362 937 de
1382 901 1589 938 Stratheren
1607 904 1792 939 annuatim

294 960 491 995 duodecem
511 958 675 993 denarios
688 958 865 993 bonorum
881 963 917 993 et
930 958 1099 1006 legalium
1118 957 1369 1006 sterlingorum
1388 964 1424 995 et
1441 959 1604 996 abbathie
1619 961 1662 996 de
1681 961 1793 997 insula

292 1017 470 1051 missarum
494 1016 679 1051 annuatim
704 1016 762 1051 sex
788 1016 916 1051 solidos
935 1021 970 1051 et
989 1021 1070 1051 octo
1090 1016 1256 1052 denarios
1273 1016 1452 1052 bonorum
1471 1022 1507 1053 et
1524 1017 1692 1066 legalium
1711 1018 1793 1055 ster-

290 1074 471 1121 lingorum
491 1093 498 1101 ·
532 1074 629 1110 Volo
652 1073 759 1109 etiam
779 1079 814 1109 et
833 1074 993 1110 concedo
1011 1087 1078 1122 pro
1097 1087 1154 1110 me
1173 1079 1208 1110 et
1226 1074 1417 1110 heredibus
1435 1075 1522 1111 meis
1540 1075 1598 1111 seu
1616 1075 1792 1124 assignatis

289 1132 386 1179 quod
404 1132 508 1167 liceat
527 1132 622 1167 dicto
641 1132 788 1167 domino
808 1131 991 1167 Willelmo
1011 1137 1046 1167 et
1063 1132 1254 1168 heredibus
1276 1132 1344 1167 suis
1362 1132 1421 1168 seu
1440 1131 1616 1180 aflignatis
1634 1135 1793 1181 quando-

290 1202 431 1236 cunque
449 1189 605 1225 voluerit
623 1189 682 1225 seu
700 1189 882 1225 voluerint
900 1194 936 1225 et
955 1190 1087 1238 poterit
1105 1190 1164 1225 seu
1183 1190 1341 1237 poterint
1367 1195 1479 1225 totam
1508 1190 1638 1226 dictam
1662 1192 1793 1228 medie-

290 1252 399 1282 tatem
417 1252 513 1281 terre
536 1247 579 1281 de
598 1246 835 1294 Tulybardyn
859 1260 941 1281 cum
969 1247 1199 1293 pertinenciis
1225 1246 1295 1281 fine
1323 1247 1607 1283 contradictione
1632 1249 1702 1284 mei
1731 1256 1793 1285 aut

290 1304 462 1339 heredum
481 1317 644 1339 meorum
664 1308 726 1338 aut
744 1301 995 1351 assignatorum
1017 1303 1061 1338 de
1079 1303 1241 1351 predicto
1260 1304 1407 1339 domino
1427 1304 1570 1340 Comite
1593 1306 1638 1341 de
1657 1306 1792 1342 Strath-

289 1375 375 1397 eren
389 1367 424 1397 et
438 1361 628 1397 heredibus
642 1361 709 1396 suis
724 1361 987 1409 imperpetuum
1003 1361 1040 1395 in
1056 1360 1170 1408 capite
1186 1365 1308 1396 tenere
1323 1366 1358 1397 et
1372 1360 1544 1409 possidere
1559 1382 1567 1390 ·
1587 1363 1684 1400 Volo
1703 1365 1793 1400 insu-

289 1432 353 1467 per
372 1424 407 1454 et
425 1419 585 1454 concedo
602 1432 668 1467 pro
687 1431 744 1454 me
763 1423 799 1453 et
817 1418 1006 1454 heredibus
1032 1418 1121 1453 meis
1147 1418 1205 1453 seu
1232 1417 1409 1466 allignatis
1435 1420 1531 1466 quod
1557 1419 1581 1455 fi
1608 1422 1793 1471 contingat

288 1478 488 1525 predictum
507 1477 693 1512 dominum
705 1475 928 1512 WVillelmum
947 1476 991 1512 de
1010 1476 1175 1513 moravia
1192 1481 1275 1512 ante
1297 1477 1479 1512 dominam
1495 1477 1615 1514 Adam
1633 1480 1791 1528 sponsam

290 1535 387 1570 suam
405 1540 548 1583 neptem
563 1547 679 1570 meam
690 1534 727 1569 in
738 1534 810 1570 fata
822 1534 995 1570 decedere
1007 1534 1103 1582 quod
1115 1538 1228 1569 totam
1243 1534 1374 1570 dictam
1390 1535 1617 1572 medietatem
1637 1543 1731 1573 terre
1747 1539 1791 1574 de

292 1592 517 1640 Tulibardyn
535 1593 572 1627 in
591 1592 756 1628 omnibus
774 1597 809 1628 et
828 1605 891 1640 per
906 1592 1026 1627 omnia
1043 1590 1130 1628 ficut
1147 1592 1314 1640 scriptum
1335 1592 1383 1629 est
1400 1593 1461 1629 suo
1480 1600 1653 1642 perpetuo
1671 1601 1790 1632 teneat

291 1656 327 1686 et
340 1649 510 1696 poflideat
522 1669 530 1678 ·
551 1650 630 1698 Ego
644 1663 731 1686 vero
746 1650 906 1699 predicta
919 1651 1035 1687 (Dario.
1049 1655 1084 1686 et
1099 1650 1247 1686 heredes
1262 1651 1331 1686 mei
1346 1656 1458 1686 totam
1474 1652 1603 1687 dictam
1624 1654 1790 1690 medieta-

292 1715 364 1744 tem
397 1708 606 1743 orientalem
637 1713 732 1744 terre
761 1709 805 1743 de
834 1708 1060 1756 Tulibardyn
1089 1721 1146 1743 me
1168 1707 1252 1756 jure
1281 1708 1497 1744 hereditario
1521 1710 1790 1758 contingentem

292 1767 387 1802 dicto
415 1765 562 1800 domino
581 1765 763 1801 Willelmo
791 1771 827 1802 et
853 1765 1043 1802 heredibus
1069 1765 1136 1801 suis
1163 1765 1222 1801 seu
1246 1763 1422 1813 affignatis
1444 1772 1570 1802 contra
1588 1781 1711 1804 omnes
1729 1770 1791 1805 ho-

293 1824 406 1859 mines
424 1828 460 1858 et
478 1823 625 1858 feminas
643 1823 905 1871 imperpetuum
926 1823 1235 1859 warantizabimus
1253 1823 1531 1870 acquietabimus
1555 1830 1590 1860 et
1614 1826 1791 1863 deffende-

292 1895 371 1917 mus
391 1901 398 1909 ·
419 1886 454 1916 et
471 1880 516 1915 ad
535 1880 599 1915 hec
618 1881 739 1916 omnia
756 1887 791 1916 et
810 1880 946 1928 singula
963 1881 1125 1929 premissa
1142 1881 1296 1916 fideliter
1314 1881 1532 1917 observanda
1549 1883 1656 1919 fidem
1675 1898 1789 1921 meam

292 1939 395 1976 tactis
414 1937 635 1973 saerosanctis
654 1939 858 1986 ewangeliis
877 1939 1008 1986 prestiti
1027 1939 1250 1987 corporalem
1267 1958 1275 1967 ·
1300 1938 1344 1974 In
1363 1939 1463 1974 cuius
1481 1940 1531 1975 rei
1550 1941 1789 1979 testimonium

293 1997 443 2045 sigillum
463 2008 580 2031 meum
602 1995 819 2043 presentibus
833 1996 978 2044 apposui
994 2016 1001 2024 ·
1022 2002 1057 2032 et
1070 1997 1153 2043 quia
1171 1995 1321 2043 sigillum
1342 2009 1460 2032 meum
1480 2010 1554 2033 non
1572 1998 1650 2034 satis
1665 1999 1713 2035 est
1726 2014 1790 2036 no-

292 2062 369 2091 tum
388 2052 538 2101 sigillum
552 2053 776 2088 officialitatis
795 2053 932 2088 domini
949 2054 1115 2089 willelmi
1132 2054 1204 2089 Dei
1222 2054 1339 2101 gratia
1357 2054 1507 2102 episcopi
1527 2055 1789 2094 Dunblanenfis

292 2124 447 2148 unacum
465 2110 577 2159 figillo
595 2110 770 2148 Johannis
793 2111 855 2160 filij
879 2110 1023 2147 Ricardi
1047 2117 1134 2147 tunc
1161 2112 1332 2161 temporis
1350 2111 1595 2162 constabularij
1617 2113 1660 2149 de
1680 2115 1787 2152 Perth
