2066 2780
363 153 411 185 50
757 148 1073 185 REGISTRUM
1099 146 1462 184 MORAVIENSE.

364 254 445 296 torp
464 266 473 275 ·
493 247 541 283 G.
561 248 605 284 de
626 247 800 284 Rodewel
818 266 827 275 ·
847 247 989 283 Thoma
1006 247 1050 283 de
1069 246 1099 282 F
1101 246 1257 281 iskerton
1275 234 1532 280 Lincolnienfis
1549 241 1691 279 ecclefie
1709 246 1837 280 canon’
1851 265 1859 273 ·

364 304 525 353 magistro
544 304 726 342 Willelmo
743 305 817 341 filio
832 305 922 341 Full’
941 324 950 332 ·
970 304 1102 341 Eudon
1120 301 1296 351 prepofito
1317 321 1325 330 -
1345 307 1381 337 et
1398 300 1519 336 multis
1538 299 1614 335 aliis
1633 319 1641 328 ·

365 477 575 514 Alexander
593 477 712 514 servus
730 477 910 513 servorum
930 475 1001 510 Dei
1025 473 1163 509 dilectis
1187 472 1267 507 filiis
1291 472 1427 507 decano
1449 476 1485 507 et
1503 471 1660 519 capitulo
1679 472 1860 509 Lincolni-

363 534 450 571 enfis
468 534 609 571 ecclefie
627 535 774 570 salutem
793 539 828 569 et
841 532 1065 580 apostolicam
1085 530 1374 566 benedifflonem
1394 548 1402 556 ·
1419 528 1599 571 Quotiens
1612 543 1633 564 a
1646 530 1731 566 viris
1749 531 1859 567 eccle-

362 592 497 628 siasticis
534 593 662 628 devote
699 591 891 638 requiritur
925 595 966 624 ut
995 589 1044 624 eis
1070 588 1172 636 super
1200 586 1266 622 hiis
1293 599 1362 633 que
1389 586 1648 622 rationabiliter
1684 586 1859 636 possident

362 650 549 698 apostolice
568 649 846 685 confirmationis
864 646 1064 694 suffragium
1083 645 1308 680 conferamus
1327 663 1335 671 ·
1355 643 1401 679 ad
1415 644 1645 680 concedenda
1662 658 1730 692 que
1744 645 1859 693 postu-

362 707 437 743 lant
454 708 572 743 faciles
596 706 747 742 inveniri
766 706 933 741 debemus
952 723 960 731 ·
981 709 1016 739 et
1034 715 1159 738 eorum
1177 701 1445 737 rationabilibus
1463 702 1556 737 votis
1573 703 1771 750 gratuitum
1795 704 1858 739 im-

361 765 484 813 pertiri
502 764 706 800 consensum
737 783 745 791 ·
777 763 976 811 Eapropter
997 760 1119 796 dileffi
1138 760 1175 795 in
1194 759 1356 795 Domino
1375 759 1439 794 filii
1456 759 1577 795 vestris
1589 759 1690 808 justis
1708 760 1858 809 postula-

360 822 517 857 tionibus
547 821 699 869 benigne
729 826 926 856 annuentes
955 838 963 846 ·
990 818 1189 853 libertatem
1219 830 1324 864 quam
1353 817 1446 852 bone
1473 817 1645 853 memorie
1676 818 1857 854 Robertus

361 879 540 926 quondam
561 879 752 927 Episcopus
769 877 880 913 vester
898 876 997 912 vobis
1016 876 1053 910 in
1071 874 1260 923 prebendis
1278 874 1399 910 vestris
1413 880 1449 910 et
1467 873 1617 911 ecclesiis
1635 875 1680 910 ad
1699 888 1856 912 commu-

360 950 442 972 nam
460 936 607 972 vestram
633 935 890 984 pertinentibus
921 952 930 961 ·
959 939 995 968 et
1021 932 1289 968 subdiaconatui
1308 931 1449 968 ecclefie
1467 931 1579 968 vestre
1598 938 1633 968 et
1651 931 1792 969 ecclefie
1811 934 1856 969 de

360 993 524 1029 Lechton
545 994 587 1028 ad
608 993 760 1029 eundem
779 992 1068 1027 subdiaconatum
1087 990 1283 1039 pertinenti
1306 1009 1314 1017 ·
1340 990 1434 1025 circa
1451 994 1614 1038 tempora
1634 990 1692 1026 sue
1714 1004 1857 1039 promo-

359 1052 465 1087 tionis
483 1050 645 1087 concessit
665 1070 672 1078 ·
692 1055 727 1086 et
745 1050 872 1097 scripto
891 1049 1037 1097 proprio
1061 1047 1174 1096 figillo
1192 1047 1254 1083 suo
1274 1048 1443 1083 roborato
1465 1047 1621 1083 firmavit
1639 1067 1647 1076 ·
1667 1047 1753 1084 ficut
1777 1062 1855 1084 eam

359 1109 530 1144 l1a&enus
557 1108 700 1157 pacifice
726 1106 890 1142 habuistis
915 1127 923 1135 ·
954 1106 1138 1142 devotioni
1155 1105 1268 1142 vestre
1286 1106 1502 1141 auetoritate
1521 1105 1710 1153 apostolica
1728 1107 1856 1142 confir-

358 1179 493 1201 mamus
519 1172 554 1201 et
577 1165 745 1213 presentis
772 1164 888 1212 scripti
918 1164 1118 1212 patrocinio
1150 1163 1413 1199 communimus
1443 1182 1450 1191 ·
1479 1163 1671 1199 statuentes
1694 1169 1735 1199 ut
1764 1164 1855 1200 nulli

356 1224 539 1258 hominum
572 1223 675 1258 liceat
705 1222 796 1257 hanc
826 1222 992 1270 paginam
1018 1221 1135 1257 nostre
1167 1221 1449 1256 confirmationis
1478 1220 1717 1269 [infringere]
1740 1222 1797 1257 vel
1822 1223 1853 1257 ei

355 1281 576 1328 aliquatenus
594 1279 771 1316 contraire
797 1298 805 1307 ·
826 1279 862 1315 Si
876 1279 953 1326 quis
971 1284 1091 1315 autem
1110 1279 1178 1315 hoc
1196 1284 1409 1327 attemptare
1427 1278 1674 1327 presumpserit
1692 1279 1854 1327 indigna-

354 1339 487 1373 tionem
507 1337 761 1385 omnipotentis
779 1337 851 1372 Dei
880 1343 915 1372 et
945 1337 1133 1372 beatorum
1158 1336 1255 1372 Petri
1282 1342 1318 1372 et
1341 1336 1443 1372 Pauli
1471 1335 1711 1385 apostolorum
1736 1336 1768 1372 se
1790 1350 1854 1372 no-

355 1396 445 1431 verit
463 1395 683 1430 incursurum
704 1415 712 1422 ·
732 1394 871 1430 Datum
890 1394 1036 1430 Tusculi
1055 1414 1063 1423 ·
1085 1394 1209 1430 Idibus
1228 1394 1444 1443 Septembris
1464 1413 1472 1422 ·

358 1567 565 1603 Alexander
589 1568 707 1603 servus
731 1568 911 1604 servorum
930 1567 1002 1604 Dei
1021 1568 1160 1604 dilectis
1181 1568 1262 1603 filiis
1284 1568 1420 1604 decano
1439 1573 1475 1603 et
1493 1567 1650 1616 capitulo
1671 1567 1853 1604 Lincolni-

357 1623 443 1660 ensis
470 1623 608 1661 ecclesie
635 1625 780 1661 salutem
804 1631 840 1661 et
866 1625 1089 1674 apostolicam
1119 1626 1409 1662 benedictionem
1439 1644 1447 1653 ·
1480 1625 1539 1661 De
1568 1626 1787 1673 negligentia
1817 1632 1852 1661 et

357 1680 554 1718 remillione
579 1682 757 1730 pastoralis
783 1683 1026 1719 sollicitudinis
1052 1684 1181 1720 merito
1208 1683 1383 1732 poss'emus
1409 1683 1577 1730 redargui
1604 1689 1639 1718 et
1665 1683 1759 1719 circa
1777 1683 1851 1718 offi—

357 1740 451 1775 cium
478 1739 634 1775 nostrum
664 1738 796 1775 desides
818 1740 971 1789 judicari
1000 1760 1008 1769 ·
1037 1740 1062 1777 fi
1089 1747 1206 1777 errata
1233 1741 1413 1788 corrigere
1442 1759 1450 1768 ·
1480 1745 1516 1776 et
1542 1740 1585 1775 ab
1612 1739 1755 1776 ecclelia
1780 1741 1852 1776 Dei

356 1797 585 1832 enormitates
611 1797 900 1846 postponeremus
928 1804 963 1834 et
990 1812 1116 1847 pravas
1144 1798 1418 1835 consuetudines
1448 1798 1617 1834 radicitus
1646 1798 1823 1846 extirpare
1842 1818 1850 1826 ·

358 1854 526 1889 Relatum
550 1854 598 1890 est
618 1854 785 1902 siquidem
804 1855 946 1891 auribus
964 1856 1088 1892 nostris
1109 1857 1278 1904 quosdam
1300 1856 1367 1892 effe
1387 1855 1426 1891 in
1450 1854 1592 1892 ecclelia
1609 1855 1723 1891 vestra
1748 1869 1851 1891 cano-

355 1912 453 1947 nicos
475 1912 534 1959 qui
557 1912 753 1960 prebendas
771 1912 846 1948 suas
864 1912 990 1961 absque
1009 1914 1245 1950 diminutione
1262 1914 1461 1962 percipiant
1486 1933 1494 1941 ·
1520 1918 1556 1949 et
1579 1911 1640 1961 ipfi
1657 1918 1778 1949 tamen
1796 1926 1851 1949 ec-

355 1967 454 2004 clesie
473 1969 601 2004 divinis
619 1969 789 2017 obsequiis
807 1983 932 2007 vacare
950 1977 1207 2020 contempnant
1228 1990 1238 2000 ο
1265 1972 1423 2014 Quidam
1442 1972 1548 2007 etiam
1567 1970 1646 2006 sunt
1664 1971 1711 2006 ibi
1730 1971 1790 2018 qui
1808 1977 1849 2007 ut

355 2026 484 2061 dicitur
503 2027 547 2062 de
565 2027 711 2062 crimine
730 2027 886 2063 infamati
907 2029 1052 2065 suerunt
1070 2035 1106 2065 et
1122 2029 1166 2065 ab
1184 2043 1227 2066 eo
1246 2030 1290 2065 de
1308 2035 1428 2065 cetero
1452 2027 1623 2064 abstinere
1638 2027 1847 2076 juramento

353 2083 587 2119 firmaverunt
623 2103 631 2111 ·
667 2084 833 2132 neglecta
866 2085 959 2121 sama
994 2092 1029 2121 et
1059 2086 1267 2134 juramento
1302 2091 1509 2135 contempto
1541 2086 1586 2121 ad
1622 2085 1717 2121 idem
1752 2084 1846 2133 quafi

353 2141 448 2176 canis
466 2141 511 2176 ad
529 2141 704 2177 vomitum
731 2155 805 2177 non
832 2143 1052 2179 erubuerunt
1078 2145 1209 2180 reverti
1237 2164 1245 2172 ·
1275 2144 1371 2187 Quia
1392 2144 1502 2192 igitur
1525 2143 1590 2179 hec
1612 2141 1636 2177 fi
1658 2155 1745 2179 vera
1765 2143 1846 2178 sunt

352 2211 426 2233 non
459 2198 637 2246 possumus
667 2199 794 2246 absque
824 2199 1062 2236 diminutione
1091 2201 1184 2237 same
1210 2201 1327 2238 nostre
1357 2207 1394 2238 et
1423 2201 1622 2237 animarum
1649 2199 1844 2236 vestrarum

352 2256 566 2292 detrimento
586 2256 787 2293 incorrecta
804 2256 1005 2305 relinquere
1033 2278 1042 2286 ·
1070 2258 1270 2296 discretioni
1288 2258 1400 2297 vestre
1423 2271 1487 2308 per
1508 2257 1696 2306 apostolica
1719 2256 1846 2306 scripta
