2060 2660
236 961 305 994 103

332 179 344 209 1
358 173 401 209 16
724 171 830 208 REG
837 170 1039 208 ISTRUM
1067 169 1432 208 MORAVIENSE.

330 272 367 307 in
385 271 546 307 futurum
559 269 661 319 justis
678 270 793 306 modis
811 270 986 319 prestante
1005 269 1166 305 Domino
1184 267 1347 316 poteritis
1367 265 1510 314 adipisci
1533 264 1595 300 sub
1618 264 1712 300 beati
1733 265 1830 301 Petri

331 335 366 364 et
384 328 501 364 nostra
518 328 744 376 protestione
762 328 965 376 suscipimus
992 347 1001 355 ·
1029 333 1064 362 et
1087 325 1257 374 presentis
1280 324 1397 371 scripti
1415 322 1616 371 patrocinio
1634 323 1831 358 communi-

332 399 410 422 mus
428 406 436 414 ·
464 386 567 421 Nulli
586 399 672 433 ergo
691 387 839 421 omnino
858 385 1043 420 hominum
1059 384 1163 419 liceat
1177 383 1267 417 hanc
1281 381 1448 429 paginam
1463 379 1579 415 nostre
1593 381 1830 428 protefifionis

331 443 525 491 infringere
543 443 599 479 vel
618 443 650 479 ei
668 443 752 478 ausu
771 443 961 478 temerario
979 441 1156 477 contraire
1175 458 1184 467 ·
1215 439 1250 474 Si
1277 438 1354 485 quis
1380 442 1501 472 autem
1524 437 1593 473 hoc
1617 443 1830 486 attemptare

331 501 578 549 presumpserit
598 501 880 548 indignationem
900 497 1154 546 omnipotentis
1178 496 1250 531 Dei
1278 501 1314 530 et
1336 495 1523 530 beatorum
1549 494 1646 530 Petri
1671 500 1706 531 et
1729 495 1831 531 Pauli

331 557 569 606 apostolorum
599 558 674 605 ejus
701 558 734 592 se
762 556 903 592 noverit
930 555 1153 590 incursurum
1182 572 1190 581 ·
1219 553 1357 587 Datum
1387 552 1505 587 Rome
1533 552 1629 600 apud
1658 552 1830 589 Sant‘ftum

336 616 479 651 Petrum
499 615 557 650 ·vi·
578 615 664 650 Idus
683 614 818 662 Aprilis
838 633 846 641 ·
869 612 1096 661 pontificatus
1114 610 1222 646 nostri
1240 622 1336 645 anno
1356 609 1414 644 ·ix·

333 786 525 822 Ordinatio
551 785 700 822 Andree
728 783 1001 834 [Archibaldi]
1029 783 1178 832 episcopi
1206 783 1300 818 inter
1326 782 1522 831 capitulum
1545 783 1768 820 moraviense
1795 791 1830 820 et

335 843 612 880 Prebendarium
632 843 675 878 de
697 843 867 891 Kyngusy
886 861 894 870 ·

333 959 510 994 Omnibus
535 959 654 994 sanae
678 958 797 994 matris
819 955 959 992 ecclesie
982 955 1063 990 filiis
1086 956 1155 991 hoc
1173 956 1341 1004 scriptum
1359 955 1483 991 visuris
1500 955 1559 991 vel
1576 956 1751 992 audituris
1769 957 1830 992 ·A·

332 1015 553 1064 permissione
572 1016 691 1051 divina
709 1013 938 1051 moraviensis
959 1013 1140 1062 episcopus
1154 1013 1301 1049 salutem
1320 1019 1481 1049 eternam
1499 1014 1536 1049 in
1550 1014 1712 1049 Domino
1728 1033 1736 1042 ·
1749 1027 1830 1050 cum

333 1074 526 1122 capitulum
546 1072 685 1109 ecclesie
704 1070 933 1109 moraviensis
954 1076 1102 1119 propter
1124 1071 1243 1107 causas
1269 1071 1422 1108 diversas
1449 1077 1485 1107 et
1509 1072 1655 1120 negotia
1680 1072 1831 1108 eandem

333 1130 508 1166 ecclesiam
526 1131 710 1178 tangentia
727 1129 767 1165 sit
785 1143 844 1165 ere
863 1134 1011 1164 onerata
1032 1129 1149 1164 alieno
1173 1134 1208 1164 et
1231 1142 1298 1177 pro
1322 1142 1365 1165 eo
1389 1129 1486 1177 quod
1512 1142 1557 1165 ex
1583 1129 1740 1165 evidenti
1764 1130 1832 1165 uti-

333 1189 431 1223 litate
449 1187 551 1236 ipsius
569 1187 710 1223 ecclesie
728 1187 889 1235 magistro
909 1187 1055 1223 matheo
1076 1187 1119 1222 de
1141 1186 1239 1222 Urbe
1257 1187 1418 1236 scriptori
1437 1187 1573 1223 domini
1592 1187 1687 1235 Pape
1707 1187 1829 1223 decem

332 1258 465 1280 marcas
491 1258 627 1280 annuas
651 1245 843 1281 liberaliter
862 1243 1028 1280 conceslit
1055 1264 1063 1272 ·
1090 1257 1156 1280 nos
1174 1244 1385 1280 relevationi
1404 1244 1560 1293 ejusdem
1579 1250 1615 1281 et
1632 1245 1831 1294 indempni-

332 1303 395 1338 tati
427 1303 615 1350 providere
643 1303 826 1351 cupientes
854 1322 862 1330 ·
892 1302 1037 1338 volente
1066 1308 1102 1338 et
1130 1303 1372 1339 consentiente
1399 1303 1555 1351 expresse
1576 1302 1759 1339 Willelmo
1786 1303 1830 1338 de

334 1360 450 1408 Elgyn
474 1360 709 1408 prebendario
728 1361 772 1396 de
794 1360 975 1408 Kinguscy
999 1366 1035 1396 et
1058 1361 1092 1396 se
1119 1360 1164 1396 ad
1190 1360 1285 1396 istius
1312 1361 1547 1396 ordinationis
1573 1360 1690 1396 nostre
1717 1360 1831 1397 obser-

332 1418 511 1453 vationem
535 1432 600 1466 pro
627 1419 660 1454 se
686 1417 815 1466 sibique
840 1418 1040 1454 successuris
1058 1418 1266 1466 juramento
1285 1418 1520 1467 corporaliter
1542 1418 1686 1467 prestito
1710 1417 1830 1454 astrin-

333 1481 438 1522 gente
459 1495 466 1503 ·
491 1476 656 1511 volumus
675 1481 710 1512 et
727 1476 912 1512 statuendo
932 1477 1162 1512 concedimus
1179 1481 1216 1512 et
1234 1476 1441 1512 ordinamus
1458 1481 1499 1511 ut
1516 1476 1720 1524 predictum
1731 1476 1832 1524 *capi-

334 1533 448 1568 tulum
475 1534 643 1582 percipiat
671 1540 705 1569 et
731 1534 858 1570 habeat
883 1533 1027 1582 singulis
1051 1535 1154 1570 annis
1177 1534 1215 1569 in
1238 1534 1324 1570 festo
1344 1534 1466 1570 Santffi
1483 1534 1658 1571 Johannis
1677 1533 1831 1582 Baptiste

334 1590 370 1625 in
395 1596 468 1625 tota
491 1592 563 1626 vita
586 1591 712 1639 prefati
735 1592 889 1640 magistri
907 1592 1044 1629 mathei
1068 1606 1139 1627 ·xx·
1167 1605 1303 1627 marcas
1329 1592 1374 1627 de
1401 1592 1546 1628 decimis
1568 1591 1759 1639 garbarum
1787 1592 1831 1627 de

339 1647 509 1695 Kingussy
528 1654 562 1683 et
587 1649 643 1684 del
671 1649 780 1685 Inche
806 1650 1049 1697 percipiendas
1072 1663 1136 1698 per
1158 1663 1284 1686 manus
1306 1650 1459 1698 predisti
1479 1649 1548 1684 ·W·
1567 1649 1625 1685 vel
1648 1648 1831 1697 cujussibet

335 1705 558 1752 prebendarii
576 1706 613 1740 in
632 1707 754 1742 eadem
776 1708 956 1754 prebenda
978 1707 1126 1743 instituti
1149 1708 1207 1744 vel
1231 1712 1506 1756 procuratorum
1529 1707 1727 1743 eorundem
1757 1727 1764 1734 ·
1795 1713 1831 1742 et

336 1763 440 1797 etiam
468 1768 508 1797 ut
534 1763 716 1810 prodissus
743 1764 811 1799 -W·
840 1770 875 1800 et
900 1765 1125 1813 prebendarii
1152 1766 1196 1801 de
1222 1765 1397 1813 Kingussy
1422 1765 1539 1801 eidem
1561 1764 1745 1801 successuri
1768 1764 1831 1800 sol-

336 1826 421 1855 vant
442 1819 584 1867 singulis
607 1821 707 1856 annis
730 1822 766 1856 in
789 1822 990 1870 supradifz‘m
1016 1823 1101 1859 festo
1127 1823 1353 1872 procuratori
1376 1822 1529 1871 predisti
1552 1822 1697 1870 capituli
1720 1835 1829 1858 unam

336 1891 490 1913 marcam
515 1878 761 1926 sterlingorum
784 1880 828 1914 ad
853 1881 1017 1928 expensas
1035 1882 1213 1917 faciendas
1231 1881 1324 1917 circa
1341 1879 1538 1916 missionem
1562 1880 1658 1916 die‘oe
1679 1880 1830 1928 pecunie

336 1936 430 1983 apud
450 1936 609 1971 Bercwik
637 1956 644 1963 ·
677 1936 725 1971 ita
743 1937 838 1984 quod
857 1936 896 1973 sit
913 1938 950 1973 in
969 1939 1114 1987 optione
1133 1939 1220 1975 dieti
1238 1939 1411 1975 Willelmi
1435 1944 1471 1974 et
1496 1938 1728 1974 successorum
1754 1937 1830 1973 suo-

337 2006 415 2028 rum
438 2006 545 2029 unam
570 2007 724 2029 marcam
751 1993 893 2042 singulis
914 1997 1015 2032 annis
1039 1997 1173 2033 solvere
1200 1997 1257 2033 vel
1282 1997 1436 2046 propriis
1462 1995 1656 2045 sumptibus
1678 2000 1714 2031 et
1739 1996 1829 2043 peri-

337 2051 418 2086 culo
437 2051 570 2086 dictam
588 2051 757 2087 summam
778 2066 846 2088 ·xx·
866 2066 1064 2090 marcarum
1091 2056 1186 2103 apud
1214 2055 1376 2091 Berewic
1401 2059 1443 2090 ut
1468 2054 1670 2103 premissum
1697 2053 1745 2089 est
1771 2054 1830 2089 de-

337 2108 429 2144 ferre
448 2128 456 2136 ·
484 2108 663 2144 Volumus
689 2110 794 2145 etiam
822 2116 857 2145 et
883 2112 1110 2148 concedimus
1132 2113 1276 2149 volente
1299 2118 1335 2149 et
1357 2117 1539 2148 annuente
1556 2111 1719 2159 predifito
1738 2112 1830 2159 capi-

337 2166 414 2201 tulo
432 2179 497 2201 nos
515 2172 551 2202 et
568 2166 773 2203 successores
793 2168 928 2204 nostros
945 2170 1059 2205 teneri
1078 2175 1113 2206 et
1131 2171 1280 2219 obligari
1297 2171 1343 2206 ad
1360 2169 1641 2206 satisfaciendum
1665 2169 1828 2217 prediGto

339 2223 492 2271 capitulo
509 2224 553 2259 de
571 2225 732 2272 predista
750 2225 884 2261 summa
902 2239 1021 2262 annua
1036 2241 1105 2263 ·xx·
1121 2241 1320 2264 marcarum
1339 2228 1493 2264 termino
1510 2227 1674 2276 predisto
1693 2246 1702 2254 ·
1730 2232 1766 2262 et
1783 2227 1828 2262 ad

340 2281 596 2317 observandum
615 2283 805 2331 indempne
823 2284 1024 2332 predistum
1043 2286 1237 2334 capitulum
1264 2287 1300 2322 in
1325 2285 1489 2322 omnibus
1515 2290 1551 2321 et
1576 2297 1640 2333 per
1663 2285 1783 2320 omnia
1805 2283 1827 2319 si
