2060 2660
560 184 665 221 REG
673 184 877 222 ISTRUM
905 185 1267 224 MORAVIENSE.
1584 198 1653 233 193

162 285 255 321 Item
272 283 367 332 quod
385 283 521 318 domini
537 283 655 331 Reges
674 284 792 319 Scotie
810 282 937 331 finguli
954 284 991 318 in
1009 284 1076 318 suis
1094 285 1313 332 temporibus
1330 288 1493 333 quotiens
1512 290 1652 326 ecclefia

160 339 389 379 moraviensis
402 341 541 375 vacavit
559 346 594 376 et
612 341 854 389 temporalitas
872 339 974 389 ipsius
992 341 1037 375 ad
1055 354 1181 376 manus
1198 342 1351 389 ipsorum
1366 343 1448 391 jure
1467 347 1577 392 regali
1595 348 1653 383 de-

159 399 256 435 venit
273 398 442 446 predictis
460 397 598 433 affibus
610 398 695 446 jure
713 403 749 434 et
766 399 843 433 vice
857 403 893 433 et
911 398 1056 433 nomine
1075 397 1216 433 ecclefie
1235 400 1464 436 moraviensis
1478 407 1547 437 tam
1567 409 1654 439 tem-

158 457 302 505 poribus
328 456 499 491 comitum
527 456 690 492 moravie
716 469 822 503 quam
844 461 1034 503 antequam
1056 461 1195 491 creatus
1213 456 1295 491 effet
1315 457 1479 492 dominus
1497 458 1654 495 Thomas

159 513 305 549 Ranulfi
323 526 441 549 comes
460 514 622 549 moravia
640 512 690 548 ufi
708 513 855 548 fuerunt
872 519 1033 560 tempore
1051 513 1245 548 vacationis
1263 512 1351 548 sedis
1369 514 1570 561 episcopalis
1589 535 1596 543 ·
1620 522 1654 551 et

155 569 305 607 admistis
326 570 494 618 episcopis
512 584 575 618 per
595 571 714 618 Reges
727 570 812 618 jura
828 570 889 606 ista
906 575 941 606 et
960 570 1169 606 exercitium
1188 583 1313 605 eorum
1333 570 1561 607 restituerunt
1579 577 1653 607 tan-

155 641 258 676 quam
278 628 322 663 de
341 628 565 676 pertinentiis
583 628 642 663 sue
661 628 778 663 mense
797 647 806 656 ·

155 686 247 721 Item
266 685 363 732 quod
382 685 426 720 de
444 683 614 733 premiflis
638 685 803 720 omnibus
821 690 857 720 et
874 683 1018 732 singulis
1040 684 1108 719 fuit
1130 688 1167 719 et
1190 683 1238 719 est
1261 684 1404 731 publica
1420 697 1493 720 vox
1509 690 1545 721 et
1562 686 1654 722 fama

153 743 191 778 in
208 743 351 779 civitate
370 741 509 790 dyocefi
530 748 566 778 et
592 742 766 778 comitatu
783 742 945 779 (Doravie
975 761 983 770 ·
1013 747 1049 777 et
1067 754 1148 777 cum
1166 754 1248 789 pars
1266 741 1411 777 adversa
1430 742 1473 777 de
1485 742 1568 790 jure
1592 743 1652 778 suo

152 813 227 836 non
254 800 381 848 probet
408 813 475 836 nec
505 800 651 836 titulum
682 805 846 848 apertum
876 799 1021 847 petendi
1052 799 1206 834 intentet
1241 799 1395 847 petimus
1427 812 1493 835 nos
1527 800 1570 835 ab
1605 801 1653 849 ip-

152 858 269 894 sorum
293 858 516 906 impetitione
538 857 670 893 absolvi
697 858 755 893 vel
783 857 904 893 saltem
933 857 1074 893 admitti
1102 857 1147 892 ad
1175 856 1401 904 probandum
1428 858 1653 905 exceptiones

151 914 344 964 propofitas
364 935 372 943 ·
401 921 436 951 et
463 916 559 963 quod
585 916 653 951 hoc
680 915 816 951 debetis
833 915 949 951 facere
966 915 1124 963 plegium
1144 914 1182 949 in
1199 913 1320 950 vestris
1338 915 1501 950 manibus
1519 915 1653 951 inveni-

152 986 231 1008 mus
250 992 258 1000 ·

153 1145 359 1193 Appellatio
377 1159 398 1181 a
410 1145 547 1194 judicio
566 1145 664 1181 curie
682 1145 899 1181 vicecomitis
918 1164 926 1172 ·

56 1258 123 1294 164
151 1258 276 1296 Pateat
293 1258 462 1296 univerfis
481 1260 577 1307 quod
602 1273 667 1294 nos
692 1259 901 1295 Alexander
927 1259 999 1294 Dei
1026 1259 1140 1306 gratia
1167 1259 1349 1307 episcopus
1375 1260 1605 1297 moraviensis
1631 1276 1652 1297 a

144 1318 281 1365 judicio
307 1318 391 1353 dato
416 1324 541 1353 contra
561 1330 627 1352 nos
644 1323 686 1352 ut
704 1317 834 1352 dicitur
852 1317 889 1352 in
907 1317 1006 1352 curia
1023 1317 1242 1352 vicecomitis
1261 1316 1538 1353 excellentiflimi
1556 1320 1651 1367 prin-

149 1375 234 1423 cipis
253 1375 389 1410 domini
407 1375 516 1410 nostri
536 1375 687 1410 Roberti
707 1375 778 1409 Dei
795 1375 910 1422 gratia
930 1374 1040 1422 Regis
1060 1374 1250 1409 Scotorum
1274 1374 1415 1409 illustris
1437 1380 1537 1410 tenta
1555 1378 1650 1424 apud

150 1433 327 1481 Inuernys
345 1433 442 1468 sexto
463 1433 519 1468 die
539 1431 663 1468 menfis
681 1431 852 1468 Octobris
876 1445 971 1467 anno
999 1431 1149 1467 Domini
1176 1430 1357 1468 millefimo
1385 1436 1482 1468 -ccc⁶·
1505 1434 1650 1481 octoge-

147 1489 232 1525 fimo
256 1491 363 1526 tertio
389 1490 517 1525 ultimo
544 1490 704 1538 preteriti
724 1509 732 1517 ·
757 1490 859 1535 super
885 1490 979 1525 secta
1002 1502 1066 1537 per
1092 1502 1158 1524 nos
1186 1489 1281 1525 dicte
1308 1490 1406 1525 curie
1430 1490 1649 1526 vicecomitis

147 1548 309 1583 facienda
328 1568 336 1576 ·
359 1548 404 1583 ad
433 1548 568 1584 curiam
590 1547 779 1584 Justiciarii
803 1548 890 1583 dieti
914 1547 1050 1583 domini
1069 1546 1177 1582 nostri
1198 1547 1308 1594 Regis
1334 1547 1553 1595 appellamus
1576 1568 1584 1576 -
1613 1555 1649 1584 et

141 1606 319 1654 judicium
337 1606 477 1641 nullum
497 1606 563 1641 effe
581 1606 859 1654 pronunciamus
878 1624 886 1633 ·
912 1610 947 1641 et
965 1604 990 1639 fi
1001 1605 1178 1653 judicium
1199 1605 1269 1640 dici
1287 1604 1414 1640 debeat
1432 1605 1470 1640 in
1488 1605 1520 1641 se
1538 1606 1649 1653 putri-

147 1663 233 1698 dum
252 1663 300 1699 est
317 1669 352 1699 et
371 1669 580 1711 corruptum
605 1663 650 1698 ob
677 1664 768 1698 hanc
794 1664 971 1699 rationem
999 1682 1007 1690 ·
1037 1663 1119 1710 quia
1141 1676 1162 1697 a
1184 1667 1346 1710 tempore
1365 1662 1409 1698 de
1428 1662 1528 1711 cujus
1545 1663 1647 1699 initio

147 1721 319 1756 memoria
336 1721 523 1756 hominum
541 1734 615 1756 non
638 1720 751 1756 existit
778 1727 813 1756 et
839 1721 928 1757 citra
954 1721 1124 1756 continue
1143 1720 1294 1768 episcopi
1313 1721 1553 1756 moravienses
1571 1734 1648 1769 pre-

147 1778 339 1814 deceffores
367 1778 475 1814 nostri
503 1779 650 1814 suerunt·
678 1784 714 1814 et
741 1783 843 1814 erant
871 1784 907 1814 et
934 1792 1000 1814 nos
1028 1791 1094 1826 pro
1122 1783 1284 1826 tempore
1311 1777 1430 1813 nostro
1457 1778 1588 1814 fuimus
1613 1785 1648 1815 et

129 1848 131 1851 ’
146 1836 262 1871 sumus
280 1836 386 1871 hodie
404 1836 497 1871 salva
514 1836 666 1884 presenti
682 1835 919 1872 controverfia
932 1837 970 1871 in
983 1836 1089 1885 plena
1107 1841 1142 1872 et
1159 1836 1306 1884 pacifica
1322 1835 1525 1884 pofl'eflione
1544 1837 1646 1873 liber-

145 1894 225 1929 tatis
242 1907 317 1929 non
335 1894 487 1929 faciendi
506 1894 616 1929 sectas
635 1894 711 1929 istas
731 1914 739 1922 ·
759 1894 946 1930 scientibus
964 1900 999 1930 et
1017 1893 1254 1930 tolerantibus
1275 1893 1458 1929 catholicis
1481 1895 1646 1943 principi-

145 1951 209 1986 bus
235 1951 388 1986 dominis
412 1951 537 1986 nostris
557 1951 716 1999 Regibus
735 1951 852 1986 Scotie
879 1951 1057 1987 defunctis
1079 1956 1114 1987 et
1133 1951 1280 1986 domino
1304 1950 1423 1986 nostro
1444 1951 1545 1999 Rege
1572 1965 1646 1988 mo-

146 2009 256 2044 derno
283 2014 319 2044 et
340 2009 607 2044 vicecomitibus
626 2009 669 2044 de
689 2008 867 2057 Inuernys
885 2009 945 2056 qui
964 2009 1110 2044 fuerunt
1127 2022 1193 2057 pro
1212 2014 1375 2057 tempore
1403 2028 1410 2036 ·
1439 2014 1475 2044 et
1497 2008 1521 2043 fi
1544 2009 1645 2058 super

145 2066 211 2102 hoc
233 2066 300 2101 fuit
323 2065 490 2101 statutum
516 2066 660 2114 aliquod
679 2079 778 2102 more
796 2079 871 2102 non
889 2067 1067 2102 utentium
1087 2072 1123 2102 et
1140 2080 1204 2115 per
1221 2067 1324 2102 aetus
1342 2066 1539 2102 contrarios
1563 2081 1643 2103 cum

143 2124 311 2172 patientia
331 2124 500 2172 principis
520 2129 555 2159 et
573 2124 765 2159 tolerantia
791 2129 826 2159 et
853 2123 1093 2159 ministrorum
1119 2124 1262 2160 suorum
1290 2130 1325 2160 et
1351 2124 1448 2172 lapsu
1474 2125 1643 2172 temporis

143 2181 209 2217 fuit
231 2186 267 2217 et
289 2181 336 2217 est
365 2181 541 2217 sublatum
561 2201 568 2209 ·
599 2188 634 2217 et
658 2195 722 2230 per
752 2181 837 2217 alias
866 2182 1022 2218 rationes
1049 2195 1115 2230 pro
1142 2182 1222 2218 loco
1253 2187 1289 2217 et
1314 2187 1476 2229 tempore
1506 2182 1642 2229 presen-

143 2239 266 2274 tandas
289 2259 296 2267 ·
322 2239 366 2275 de
387 2239 514 2286 quibus
537 2239 772 2287 protestamur
797 2259 805 2267 ·
840 2239 885 2274 In
909 2239 1010 2289 cujus
1032 2240 1280 2288 appellationis
1303 2239 1541 2275 testimonium
1564 2252 1641 2287 pre-

852 2300 875 2332 2
895 2309 916 2332 B
