1912 2660
595 175 859 212 REGISTRU
867 175 908 211 M
938 175 1302 214 MORAVIENSE.
1619 185 1687 217 311

198 273 340 321 jacente
363 286 406 308 ex
429 279 528 321 parte
550 272 690 308 australi
720 273 825 321 burgi
850 274 893 309 de
921 274 1039 321 Elgyn
1064 293 1072 301 ·
1110 275 1202 309 inter
1230 281 1361 311 terram
1389 277 1585 313 Alexandri
1615 279 1690 313 Bur

204 344 247 366 ex
265 337 363 378 parte
382 330 546 365 orientali
564 350 572 358 ·
601 336 636 366 et
658 336 789 366 terram
815 331 968 378 prediffl
989 331 1138 366 Henrici
1161 332 1222 379 filij
1248 322 1396 368 Roberti
1416 347 1460 369 ex
1478 341 1575 381 parte
1600 337 1691 371 occi—

203 387 333 423 dentali
349 407 358 415 ·
377 401 457 423 cum
476 401 559 423 area
576 387 730 436 ejusdem
749 388 782 423 se
806 389 1022 424 extendente
1040 389 1085 423 ad
1104 390 1281 436 quandam
1300 390 1392 424 viam
1412 397 1507 426 retro
1525 393 1691 438 gardinas

201 445 349 493 predicti
366 445 470 492 burgi
490 464 498 473 ·
520 445 565 480 ad
583 446 911 492 augmentationem
930 446 1046 481 cultus
1070 446 1181 481 divini
1199 446 1396 481 faciendam
1421 447 1458 482 in
1479 454 1690 495 perpetuum

200 502 244 537 ad
267 502 378 538 altare
399 502 549 550 gloriose
577 503 737 550 Virginis
755 503 869 539 <narie
889 503 960 539 Dei
982 503 1172 551 genetricis
1200 504 1235 538 in
1263 503 1407 539 ecclesia
1433 505 1554 540 saneti
1574 505 1693 553 Egidij

203 559 246 595 de
266 559 384 608 Elgyn
403 587 412 595 .
459 560 654 596 Tenendos
681 566 717 596 et
740 561 921 596 habendos
948 561 1112 608 predi6’m
1133 561 1235 595 altari
1255 561 1381 597 Sancte
1407 562 1520 598 marie
1542 562 1586 596 ad
1610 575 1692 609 aug-

201 617 455 653 mentationem
479 624 686 666 perpetuam
712 618 844 654 ibidem
871 618 1069 653 faciendam
1088 631 1109 653 a
1131 631 1188 654 me
1212 619 1401 654 heredibus
1426 620 1513 654 meis
1539 625 1574 654 et
1598 618 1694 666 aflig-

200 675 290 710 natis
324 675 434 711 libere
472 676 590 723 quiete
628 676 787 724 plenarie
823 682 858 712 et
892 676 1088 711 honorifice
1133 696 1141 704 ·
1198 676 1392 712 secundum
1433 677 1532 723 quod
1567 677 1690 724 aliquis

200 732 364 768 dominus
381 733 473 768 infra
490 746 642 781 regnum
662 734 779 769 Scotie
796 734 896 769 dedit
912 734 970 769 vel
989 734 1073 769 dare
1090 734 1224 782 poterit
1246 734 1426 769 universas
1446 753 1454 762 ·
1477 733 1668 781 singulares
1681 754 1688 761 ·

199 790 255 825 vel
272 791 503 838 particulares
521 797 633 827 terras
650 791 695 827 ad
713 792 1042 839 augmentationem
1064 790 1205 827 ecclefie
1224 791 1281 827 vel
1310 791 1444 839 capelle
1471 792 1528 827 vel
1547 792 1691 827 alterius

199 847 438 896 cujuscunque
464 850 562 885 omni
582 849 665 898 jure
687 848 835 897 poffibili
854 850 1026 885 canonico
1045 850 1100 885 vel
1120 849 1215 885 civili
1234 869 1242 877 ·
1277 849 1357 897 Ego
1376 863 1462 885 vero
1489 850 1690 885 antedictus

201 905 401 942 Willelmus
436 907 584 943 heredes
618 908 687 943 mei
720 907 927 943 successores
958 913 993 943 et
1027 906 1184 954 assignati
1224 908 1427 954 quicunque
1458 907 1595 942 dictum
1631 920 1691 942 an-

199 976 311 998 nuum
330 964 510 999 redditum
528 965 684 1012 quinque
702 965 893 1000 solidorum
914 965 1049 1013 prefato
1067 965 1170 1000 altari
1189 965 1289 1000 beate
1308 965 1468 1012 Virginis
1492 966 1537 1000 ad
1555 963 1692 1000 subsidi-

199 1033 260 1055 um
295 1021 405 1070 salarij
435 1023 541 1058 unius
569 1023 741 1071 capellani
769 1023 900 1058 ibidem
931 1022 1142 1058 celebraturi
1171 1022 1481 1058 warantizabimus
1516 1023 1690 1070 acquieta-

199 1078 314 1113 bimus
341 1084 375 1114 et
393 1080 430 1114 in
448 1085 661 1128 perpetuum
684 1080 915 1116 defendemus
934 1100 942 1107 ·
968 1080 1019 1115 Et
1036 1079 1060 1114 fi
1078 1080 1263 1127 contingat
1288 1093 1344 1115 me
1364 1099 1372 1107 ·
1404 1080 1552 1116 heredes
1570 1093 1667 1116 meos
1682 1099 1689 1107 ·

198 1136 405 1172 successores
418 1137 477 1172 seu
491 1136 677 1185 assignatos
691 1138 918 1185 quoscunque
936 1143 1062 1173 contra
1080 1138 1170 1173 hane
1191 1138 1284 1185 piam
1303 1138 1535 1173 donationem
1555 1143 1591 1173 et
1609 1150 1692 1172 con-

198 1191 383 1230 ceflionem
403 1208 517 1230 meam
533 1196 781 1231 contravenire
796 1215 804 1223 ·
823 1196 920 1242 quod
938 1194 1022 1230 abfit
1037 1215 1044 1223 ·
1060 1195 1143 1230 volo
1160 1201 1194 1230 et
1214 1195 1372 1230 concedo
1388 1214 1396 1222 ·
1416 1195 1535 1243 obligo
1550 1208 1692 1242 quoque

198 1264 261 1298 per
279 1252 456 1299 presentes
473 1252 659 1300 personam
686 1266 799 1288 meam
821 1272 829 1280 ·
856 1242 1021 1301 personas
1047 1253 1219 1288 heredum
1245 1265 1406 1287 meorum
1426 1271 1434 1280 ·
1462 1250 1692 1288 successorum

198 1321 361 1344 meorum
381 1315 416 1344 et
434 1309 684 1357 assignatorum
704 1323 999 1358 quorumcunque
1019 1329 1027 1338 ·
1046 1310 1224 1356 terrasque
1244 1323 1339 1344 meas
1357 1329 1365 1337 ·
1393 1309 1566 1345 heredum
1585 1329 1593 1337 ·
1621 1310 1692 1345 suc-

197 1366 368 1401 cessorum
388 1372 423 1402 et
440 1366 691 1415 assignatorum
711 1381 872 1403 meorum
892 1368 929 1402 in
947 1373 1158 1416 perpetuum
1171 1367 1207 1401 in
1222 1372 1394 1414 quantum
1413 1367 1457 1402 de
1470 1367 1552 1415 jure
1567 1373 1692 1415 potero

199 1424 295 1459 omni
315 1424 423 1459 modo
442 1425 742 1460 excommunicari
755 1445 763 1453 ·
783 1426 968 1461 interdici·
988 1431 1023 1461 et
1041 1438 1104 1473 per
1123 1424 1364 1460 omnimodam
1383 1424 1565 1459 censuram
1584 1424 1693 1460 eccle-

198 1480 360 1517 fiaflicam
384 1482 543 1530 distringi
565 1496 627 1530 per
646 1483 845 1530 episcopum
866 1482 1124 1519 moraviensem
1148 1487 1184 1517 et
1208 1480 1310 1529 ipsius
1328 1482 1522 1529 capitulum
1543 1482 1603 1529 qui
1627 1495 1692 1529 pro

198 1544 358 1586 tempore
377 1539 530 1575 fuerint·
559 1540 620 1575 sub
639 1553 730 1588 pena
743 1540 978 1587 quadraginta
996 1540 1166 1575 librarum
1184 1539 1433 1587 sterlingorum
1451 1539 1629 1574 bonorum
1648 1539 1692 1574 ad

198 1596 364 1631 fabricam
378 1596 518 1633 ecclesie
534 1598 744 1633 cathedralis
756 1596 986 1634 moraviensis
1000 1597 1247 1633 solvendarum
1260 1601 1342 1631 ante
1356 1596 1471 1631 omnis
1485 1596 1554 1631 litis
1566 1597 1694 1644 ingres-

198 1653 271 1688 sum
296 1653 367 1689 fine
385 1668 596 1702 quacunque
615 1653 812 1690 remiflione
830 1655 1119 1703 applicandarum
1139 1674 1147 1682 ·
1175 1654 1406 1689 nihilominus
1427 1653 1577 1701 presenti
1597 1659 1693 1688 carta

198 1724 277 1747 mea
300 1712 337 1746 in
360 1712 421 1747 suo
448 1713 577 1748 robore
604 1718 777 1761 perpetuo
805 1713 977 1748 duratura
996 1732 1004 1740 ·
1034 1713 1077 1748 In
1097 1712 1197 1760 cujus
1215 1711 1265 1746 rei
1288 1710 1525 1746 testimonium
1543 1710 1692 1758 sigillum

200 1782 316 1804 meum
344 1770 562 1817 presentibus
588 1770 731 1818 apposui
762 1775 798 1805 et
822 1769 933 1818 sigilla
962 1770 1150 1806 reverendi
1181 1769 1218 1804 in
1256 1767 1395 1804 Christo
1421 1769 1529 1816 patris
1558 1768 1692 1803 domini

175 1845 178 1848 >
201 1826 399 1862 Alexandri
414 1828 484 1863 Dei
503 1828 617 1875 gratia
631 1826 859 1864 OEoravienfis
874 1828 1024 1876 episcopi
1037 1840 1200 1862 unacum
1219 1825 1331 1873 figillo
1350 1826 1532 1860 communi
1551 1825 1690 1861 ecclesie

199 1884 397 1932 supradicte
415 1898 456 1920 ac
474 1886 655 1920 communi
670 1884 781 1933 sigillo
795 1885 899 1933 burgi
915 1886 958 1921 de
974 1885 1092 1933 Elgyn
1104 1884 1234 1932 apponi
1249 1883 1467 1931 presentibus
1481 1884 1667 1931 procuravi
1682 1903 1689 1909 ·

200 1941 335 1977 Datum
359 1943 453 1990 apud
474 1943 590 1991 Elgyn
611 1957 680 1978 ·xx·
700 1943 756 1978 die
776 1942 943 1979 Octobris
971 1955 1066 1978 anno
1092 1942 1206 1990 gratie
1231 1945 1300 1978 φο·
1326 1939 1570 1977 trecentesimo
1594 1954 1689 1976 sexa-

198 2000 332 2046 gesimo
352 2001 458 2036 tertio
478 2020 486 2028 ·
