2060 2660
356 174 425 210 192
756 172 1072 209 REGISTRUM
1101 171 1465 208 MORAVIENSE.

355 271 465 318 Spyni
483 277 519 307 et
537 277 633 307 terra
651 272 695 307 de
718 272 916 319 Kynuedor
931 278 965 307 et
984 278 1080 307 terra
1098 271 1208 306 insule
1227 284 1309 306 cum
1329 269 1495 304 omnibus
1514 268 1737 316 pertinentiis
1756 269 1822 304 suis
1836 282 1856 304 a

355 341 400 362 ·x·
420 341 480 364 xx·
500 343 583 365 xxx·
603 330 650 365 xl·
670 330 692 364 l·
712 330 760 365 lx·
781 336 816 365 et
835 344 876 365 ·c-
897 330 999 364 annis
1019 335 1054 364 et
1072 329 1161 364 citra
1179 334 1215 363 et
1232 328 1327 362 ultra
1350 340 1370 361 a
1394 332 1554 373 tempore
1579 331 1615 360 et
1636 338 1699 373 per
1717 331 1856 374 tempus

354 385 398 421 de
416 386 517 434 cujus
535 388 716 423 contrario
736 388 908 422 memoria
926 387 1111 421 hominum
1131 398 1203 420 non
1227 383 1341 419 existit
1367 383 1514 418 suerunt
1540 388 1576 418 et
1601 383 1681 419 sunt
1708 384 1751 419 de
1773 384 1856 432 jure

354 449 389 478 et
407 443 451 479 de
470 445 694 492 pertinentiis
712 445 930 493 episcopatus
949 441 1180 480 moraviensis
1199 447 1234 477 et
1252 441 1370 476 mense
1389 441 1592 489 episcopalis
1611 441 1855 489 episcoporum

354 501 629 538 moraviensium
643 522 651 530 ·

355 559 447 594 Item
465 560 562 607 quod
581 566 706 608 portus
724 559 768 594 de
787 559 892 606 Loss'y
911 558 995 592 alias
1014 557 1058 592 de
1078 557 1187 604 Spyni
1207 561 1242 591 et
1261 556 1339 591 loca
1357 556 1511 604 piscandi
1531 557 1575 592 de
1593 557 1720 604 quibus
1737 558 1855 605 agitur

353 616 431 652 sunt
456 618 547 653 infra
571 623 681 653 metas
705 617 763 652 seu
789 616 916 651 limites
939 621 974 650 et
997 615 1088 649 infra
1110 614 1335 649 latitudinem
1356 614 1563 662 prediorum
1581 614 1792 650 rusticorum
1811 616 1855 651 de

353 675 462 723 Spyni
486 695 493 703 ·
527 675 726 723 Kynuedor
744 680 780 709 et
798 674 841 708 de
861 673 972 708 insula
990 685 1058 719 que
1078 672 1230 707 latitudo
1243 671 1350 720 juxta
1368 672 1461 720 ripas
1482 671 1531 707 est
1552 673 1657 707 etiam
1680 673 1795 721 palam
1820 679 1855 709 et

353 733 492 768 notorie
512 752 520 760 ·

354 790 443 826 Item
459 790 554 838 quod
570 789 967 838 episcopimoravienses
982 788 1041 834 qui
1055 787 1200 822 fuerunt
1215 801 1280 836 pro
1295 794 1456 836 tempore
1472 788 1730 836 predecessores
1747 788 1853 824 nostri

351 848 480 884 habere
496 849 757 884 consueverunt
772 853 806 882 et
823 847 1024 881 habuerunt
1042 845 1231 893 piscatores
1250 846 1397 894 piscium
1416 846 1637 881 marinorum
1656 846 1854 882 habitantes

349 905 386 940 in
404 906 489 941 villa
507 906 550 941 de
570 906 679 954 Spyni
699 918 779 940 cum
804 904 976 939 uxoribus
1001 909 1036 938 et
1060 903 1201 938 familiis
1220 904 1429 951 navigantes
1448 904 1491 939 de
1511 904 1621 952 Spyni
1639 905 1684 939 ad
1703 918 1800 940 mare
1819 910 1854 939 et

348 964 559 999 reducentes
585 963 729 998 batellas
757 962 832 997 suas
859 974 940 997 cum
968 961 1117 1009 piscibus
1143 974 1207 1009 per
1230 962 1367 996 dicium
1394 967 1538 1009 portum
1557 962 1703 997 nomine
1723 968 1758 997 et
1770 962 1853 1010 jure

348 1021 591 1069 episcoporum
604 1018 878 1057 moraviensium
897 1039 905 1047 -
921 1018 1109 1054 scientibus
1127 1025 1163 1054 et
1180 1019 1397 1068 patientibus
1415 1019 1604 1055 comitibus
1622 1026 1657 1055 et
1675 1019 1853 1067 burgensi-

348 1078 412 1113 bus
431 1079 474 1114 de
495 1079 612 1127 Elgyn
629 1098 637 1105 ·

350 1136 440 1171 Item
459 1137 555 1183 quod
581 1136 673 1171 bone
701 1135 871 1171 memorie
896 1135 1064 1170 dominus
1086 1135 1270 1172 Johannes
1293 1135 1337 1170 de
1364 1135 1510 1183 Pylmor
1534 1135 1716 1183 episcopus
1735 1137 1853 1172 mora-

347 1193 470 1228 viensis
497 1194 722 1229 immediatus
749 1193 970 1241 predecessor
998 1192 1115 1228 noster
1142 1193 1332 1229 intendens
1359 1193 1548 1229 meliorare
1576 1199 1611 1228 et
1634 1193 1852 1241 profundare

346 1251 483 1286 cursum
501 1251 587 1286 dieti
604 1257 728 1299 portus
741 1270 749 1278 ·
765 1264 839 1285 non
855 1251 889 1286 vi
903 1270 911 1278 ·
925 1263 999 1285 non
1014 1250 1103 1286 clam
1119 1270 1127 1278 ·
1143 1264 1218 1286 non
1231 1251 1392 1300 precario
1406 1271 1413 1279 ·
1430 1251 1487 1286 sed
1502 1256 1671 1298 tanquam
1687 1251 1852 1286 dominus

346 1309 431 1344 dic'ti
451 1315 575 1356 portus
593 1315 629 1344 et
641 1308 724 1357 jure
743 1309 803 1344 suo
819 1315 855 1344 et
874 1309 910 1343 in
929 1322 968 1344 re
987 1308 1047 1343 sua
1065 1315 1233 1357 operatus
1253 1309 1301 1345 est
1319 1310 1355 1344 in
1375 1309 1446 1357 ipso
1466 1314 1573 1357 portu
1592 1314 1756 1344 evertens
1774 1322 1851 1344 cur-

346 1367 418 1401 sum
446 1380 535 1414 aque
558 1380 579 1402 a
597 1367 708 1402 veteri
727 1367 830 1402 alveo
853 1365 1034 1402 submersit
1052 1366 1100 1402 ibi
1118 1367 1299 1403 naviculas
1319 1387 1327 1395 ·
1348 1367 1535 1403 scientibus
1558 1373 1593 1402 et
1616 1366 1851 1401 tolerantibus

345 1425 474 1460 comite
493 1425 655 1461 moravie
674 1431 710 1460 et
728 1423 960 1473 burgensibus
978 1425 1039 1472 qui
1059 1425 1256 1461 intererant
1271 1445 1279 1453 ·

351 1482 439 1518 Item
457 1483 553 1530 quod
573 1483 616 1518 de
635 1482 704 1518 istis
723 1483 888 1518 omnibus
906 1483 973 1518 fuit
992 1488 1027 1518 et
1046 1482 1094 1518 est
1111 1483 1253 1531 publica
1270 1484 1363 1519 fama
1378 1503 1386 1511 ·

349 1540 439 1576 Item
461 1541 670 1588 excipiendo
689 1541 839 1576 dicimus
858 1547 894 1577 et
912 1541 1063 1589 probare
1085 1541 1305 1577 intendimus
1328 1541 1424 1589 quod
1450 1540 1538 1576 ὀίἇὶὶ
1563 1540 1714 1588 episcopi
1733 1543 1851 1577 mora-

347 1598 480 1634 vienses
507 1598 655 1645 quilibet
678 1599 715 1633 in
742 1599 809 1634 suis
835 1599 1057 1647 temporibus
1082 1599 1212 1635 habere
1236 1599 1499 1635 consueverunt
1526 1604 1562 1634 et
1589 1598 1791 1633 habuerunt
1816 1605 1851 1633 et

347 1669 412 1691 nos
440 1656 564 1691 nostris
592 1657 811 1704 temporibus
839 1657 1027 1693 habuimus
1056 1663 1092 1693 et
1120 1657 1290 1693 habemus
1318 1657 1363 1692 ad
1392 1656 1532 1705 presens
1559 1656 1747 1704 piscatores
1769 1669 1850 1691 cum

348 1713 469 1762 coblys
497 1714 553 1749 seu
584 1714 721 1749 batellis
745 1714 789 1749 ad
812 1716 1025 1763 capiendum
1055 1715 1228 1751 salmones
1252 1721 1288 1751 et
1313 1715 1448 1763 grylsos
1472 1720 1508 1750 et
1529 1714 1690 1762 pectines
1718 1720 1754 1749 et
1782 1714 1850 1749 alia

347 1785 479 1819 genera
497 1772 641 1820 piscium
661 1786 741 1807 cum
762 1773 919 1808 rethibus
938 1779 973 1809 et
992 1774 1104 1809 hamis
1129 1773 1190 1808 soli
1209 1779 1245 1809 et
1263 1774 1300 1808 in
1319 1773 1469 1808 solidum
1493 1772 1530 1807 in
1555 1771 1641 1807 locis
1660 1772 1704 1807 de
1722 1772 1849 1819 quibus

348 1830 466 1877 agitur
484 1830 610 1877 absque
630 1830 884 1878 impedimento
904 1831 960 1866 vel
980 1832 1267 1867 contradictione
1283 1831 1435 1866 Comitis
1448 1830 1610 1867 moravie
1624 1829 1681 1865 vel
1696 1829 1848 1877 burgen-

349 1886 433 1923 sium
463 1888 506 1923 de
537 1887 654 1936 Elgyn
681 1888 774 1923 salva
800 1889 951 1936 presenti
983 1888 1223 1925 controversia
1247 1889 1393 1924 nomine
1418 1894 1454 1924 et
1471 1888 1556 1936 jure
1580 1887 1697 1923 mense
1720 1888 1848 1935 episco-

348 1946 417 1994 pali
437 1946 681 1994 episcoporum
701 1946 975 1983 moraviensium
992 1967 1000 1976 ν

348 2004 440 2039 Item
459 2004 556 2051 quod
576 2002 635 2051 ipsi
653 2004 910 2051 predecessores
929 2005 1036 2040 nostri
1055 2011 1090 2041 et
1110 2019 1174 2041 nos
1193 2011 1228 2041 et
1246 2005 1305 2040 alii
1325 2005 1470 2040 nomine
1489 2004 1643 2052 ipsorum
1665 2017 1705 2039 ac
1727 2003 1846 2039 nostro

346 2067 586 2098 exercuerunt
604 2067 639 2096 et
657 2062 880 2097 exercuimus
899 2062 978 2098 istos
997 2064 1097 2098 aGtos
1116 2063 1308 2112 navigandi
1324 2083 1332 2090 ·
1348 2062 1494 2098 batellas
1513 2062 1557 2097 ad
1577 2075 1673 2097 mare
1692 2061 1847 2097 ducendi

345 2125 382 2155 et
399 2119 593 2154 reducendi
614 2139 621 2146 ·
643 2119 757 2154 rethia
775 2125 810 2154 et
829 2120 951 2155 hamos
963 2120 1118 2168 jaciendi
1139 2128 1173 2157 et
1192 2122 1299 2170 pisces
1317 2120 1479 2169 capiendi
1494 2120 1555 2155 soli
1570 2125 1605 2154 et
1620 2120 1655 2154 in
1671 2119 1821 2154 solidum
1837 2139 1844 2146 ·

349 2178 439 2213 Item
468 2178 564 2225 quod
594 2177 672 2212 loca
699 2177 852 2225 piscandi
881 2177 960 2213 suut
988 2179 1078 2214 infra
1105 2177 1330 2215 latitudinem
1358 2179 1538 2214 dictorum
1566 2177 1772 2225 prediorum
1803 2178 1846 2213 de

344 2235 453 2283 Spyni
472 2241 508 2270 et
529 2234 729 2282 Kynuedor
748 2241 783 2270 et
802 2235 846 2271 de
865 2235 976 2271 insula
994 2236 1108 2284 palam
1128 2243 1164 2273 et
1182 2238 1323 2273 notorie
1339 2257 1347 2266 ·
