1912 2660
276 134 350 167 332
671 131 802 168 REGI
805 130 989 168 STRUM
1016 130 1381 168 MORAVIENSE.

280 229 447 278 personas
468 229 598 266 vestras
621 235 657 265 et
680 230 798 266 locum
818 230 856 265 in
874 243 945 278 quo
965 230 1086 266 divino
1105 230 1271 277 obsequio
1295 228 1372 263 estis
1396 227 1587 276 mancipati
1610 241 1691 265 cum
1711 243 1784 266 om-

280 287 384 323 nibus
411 301 479 335 que
498 288 535 323 in
552 287 809 336 presentiarum
832 287 1091 323 rationabiliter
1117 286 1296 335 possidetis
1318 290 1381 320 aut
1403 285 1441 320 in
1464 285 1626 321 futurum
1645 288 1785 324 conces-

281 344 376 381 slonc
394 345 606 393 pontificum
621 365 629 373 -
654 345 845 393 largitione
869 358 994 393 regum
1014 344 1072 380 vel
1090 343 1292 392 principum
1311 362 1320 370 ·
1349 342 1529 378 oblatione
1547 343 1707 380 fidelium
1725 345 1784 381 seu

282 403 359 438 aliis
379 402 480 451 justis
507 403 623 439 modis
648 402 824 451 prestante
848 402 1010 438 Domino
1031 399 1238 449 [poteritis]
1257 399 1399 448 adipisci
1424 399 1486 436 sub
1512 400 1605 437 beati
1625 401 1723 438 Petri
1749 408 1786 438 et

281 460 399 496 nostra
425 461 651 509 prote6fione
678 460 879 508 suscipimus
902 479 909 487 ·
939 458 1146 506 Specialiter
1172 462 1293 492 autem
1319 457 1483 493 ordinem
1506 458 1617 506 ipsum
1636 461 1786 508 provida

283 519 540 555 deliberatione
570 519 614 554 de
643 517 775 553 affensu
805 516 981 552 diocesani
1007 515 1174 550 statutum
1202 514 1418 551 auetoritate
1444 515 1633 564 apostolica
1659 518 1786 553 confir-

283 590 421 612 mamus
448 581 484 612 et
510 576 679 624 presentis
703 575 821 623 scripti
847 573 1048 620 patrocinio
1075 573 1339 608 communimus
1358 592 1366 601 ·
1394 573 1498 609 Nulli
1524 587 1610 622 ergo
1638 576 1785 612 omnino

281 634 468 670 hominum
493 634 598 669 liceat
625 633 716 668 hanc
734 632 901 680 paginam
919 630 1036 666 nostre
1054 630 1290 678 protectionis
1308 635 1345 666 et
1363 631 1645 668 confirmationis
1663 633 1785 669 infrin-

280 705 366 739 gere
390 692 447 728 vel
475 691 507 727 ei
534 692 618 727 ausu
643 689 833 726 temerario
861 688 1040 724 contraire
1059 707 1068 716 ·
1097 688 1134 724 Si
1152 688 1230 736 quis
1253 693 1373 724 autem
1391 689 1459 724 hoc
1477 694 1690 738 attemptare
1708 704 1785 739 pre-

280 750 463 798 sumpserit
484 749 768 796 indignationem
796 746 1052 794 omnipotentis
1079 746 1152 782 Dei
1173 751 1209 782 et
1235 745 1330 782 beati
1352 746 1449 782 Petri
1474 752 1510 782 et
1532 747 1634 783 Pauli
1652 749 1785 797 aposto-

281 808 400 843 lorum
428 807 503 855 ejus
528 807 560 842 se
585 806 728 841 noverit
751 804 976 840 incursurum
992 823 1000 832 ·
1028 804 1168 839 Datum
1188 803 1306 839 Rome
1327 804 1422 852 apud
1445 804 1618 841 SanGmm
1637 806 1784 842 Petrum

282 864 561 913 [incarnationis
580 863 774 899 Dominice
801 875 896 898 anno
924 861 1074 907 ·mccv·]
1103 861 1178 910 ·iiij·
1209 861 1296 897 Idus
1319 861 1532 898 Februarii·
1557 864 1786 913 pontificatus

281 922 389 958 nostri
408 935 503 958 anno
522 921 593 971 ·vij·

282 1096 420 1132 Littera
439 1095 482 1131 de
501 1094 645 1131 confilio
664 1094 874 1143 provinciali
893 1094 1107 1130 celebrando
1126 1094 1164 1129 in
1182 1093 1302 1130 Scotia
1318 1094 1462 1143 singulis
1480 1096 1582 1131 annis
1603 1116 1610 1124 ·

282 1211 471 1246 Honorius
497 1210 679 1259 episcopus
705 1210 825 1247 servus
850 1210 1032 1246 servorum
1062 1209 1134 1246 Dei
1157 1209 1328 1247 universis
1355 1211 1524 1260 episcopis
1548 1213 1649 1260 regni
1669 1213 1785 1250 Scotie

280 1269 426 1305 salutem
457 1274 493 1304 et
523 1268 749 1317 apostolicam
781 1268 1070 1304 benedictionem
1090 1288 1099 1296 ·
1141 1268 1297 1311 Quidam
1329 1268 1484 1304 vestrum
1516 1270 1641 1306 nostris
1671 1284 1786 1319 nuper

280 1326 424 1362 auribus
438 1327 697 1362 intimaverunt
712 1327 809 1374 quod
823 1340 906 1363 cum
924 1339 999 1362 non
1018 1326 1174 1362 habeatis
1192 1326 1495 1375 archiepiscopum
1513 1327 1614 1376 cujus
1632 1330 1786 1365 auctori-

280 1391 353 1420 tate
371 1383 503 1433 possitis
525 1385 744 1433 provinciale
772 1385 963 1420 concilium
991 1384 1171 1420 celebrare
1196 1385 1348 1432 contigit
1366 1385 1403 1420 in
1422 1397 1534 1433 regno
1554 1386 1671 1422 Scotie
1689 1388 1785 1434 quod

281 1442 329 1478 cst
352 1456 373 1478 a
395 1442 474 1478 sede
493 1442 683 1491 apostolica
699 1448 772 1478 tam
798 1448 978 1478 remotum
1002 1442 1131 1478 statuta
1148 1442 1284 1491 negligi
1302 1442 1444 1478 concilii
1461 1444 1637 1491 generalis
1656 1464 1664 1472 ·
1684 1457 1786 1480 enor-

282 1501 353 1536 mia
377 1501 530 1548 plurima
558 1501 733 1536 committi
760 1514 829 1548 que
855 1506 1044 1536 remanent
1066 1501 1266 1549 impunita·
1295 1501 1388 1536 Cum
1416 1506 1535 1537 autem
1554 1503 1787 1550 provincialia

283 1557 426 1593 confilia
444 1559 560 1594 omitti
578 1571 653 1594 non
672 1559 804 1594 debent
823 1578 831 1587 ·
850 1559 888 1594 in
907 1558 1035 1606 quibus
1053 1559 1097 1594 de
1116 1559 1338 1606 corrigendis
1365 1558 1556 1595 exceffibus
1575 1565 1610 1595 et
1629 1560 1786 1596 moribus

284 1616 518 1651 informandis
546 1616 697 1664 diligens
720 1616 768 1653 est
785 1617 970 1653 habendus
989 1630 1071 1653 cum
1091 1616 1163 1652 Dei
1182 1617 1311 1652 timore
1329 1617 1504 1652 traetatus
1523 1637 1531 1645 ·
1551 1630 1591 1653 ac
1615 1618 1786 1654 canonice

285 1673 476 1721 relegende
495 1674 575 1709 sunt
592 1675 715 1722 regule
734 1688 774 1710 ac
788 1675 959 1711 servande
979 1694 987 1703 ·
1007 1675 1160 1710 maxime
1174 1687 1243 1722 que
1261 1675 1298 1709 in
1313 1674 1438 1710 eodem
1458 1675 1610 1711 concilio
1628 1676 1786 1723 generali

285 1731 365 1766 sunt
382 1730 509 1767 statute
529 1751 537 1759 ·
566 1745 630 1780 per
648 1732 837 1781 apostolica
854 1732 955 1769 vobis
976 1733 1104 1781 scripta
1121 1733 1331 1768 mandamus
1355 1733 1522 1780 quatinus
1548 1746 1628 1769 cum
1656 1739 1787 1769 metro-

286 1788 485 1837 politanum
505 1789 697 1825 noscamini
716 1804 790 1826 non
808 1791 939 1827 habere
958 1810 966 1819 ·
986 1791 1202 1827 aufiwritate
1221 1789 1338 1826 nostra
1357 1791 1575 1839 provinciale
1594 1791 1785 1827 concilium

287 1846 472 1882 celebretis
491 1866 500 1875 ο
528 1847 666 1883 Datum
685 1848 720 1883 T
720 1849 817 1899 yber’
836 1849 935 1885 ·xiiii·
958 1849 1139 1886 Kalendas
1157 1848 1258 1886 Junii
1277 1867 1285 1876 ·
1314 1848 1542 1898 pontificatus
1565 1848 1673 1885 nostri
1691 1862 1786 1884 anno

286 1917 384 1940 nono
412 1923 421 1934 ι

290 2077 507 2127 Compositio
525 2078 619 2114 inter
639 2078 852 2127 Episcopum
872 2080 1075 2117 Ross'ensem
1096 2086 1131 2117 et
1148 2081 1352 2119 ,Iohannem
1372 2081 1502 2130 Byseth
1518 2100 1526 2108 ·

191 2198 262 2231 ,⁶258
291 2195 411 2230 Sciant
436 2194 615 2243 presentes
643 2199 679 2230 et
703 2194 830 2243 posteri
858 2196 1133 2232 controversiam
1161 2210 1230 2245 que
1252 2196 1459 2233 vertebatur
1482 2196 1576 2231 inter
1604 2195 1788 2231 dominum

292 2253 493 2289 Robertum
509 2252 711 2288 Roffensem
731 2253 932 2302 episcopum
951 2260 986 2290 et
1004 2255 1208 2291 Johannem
1223 2254 1353 2303 Byseth
1372 2254 1475 2302 super
1486 2253 1568 2302 jure
1583 2258 1791 2302 patronatus
