2060 2660
576 163 894 200 REGISTRUM
922 164 1287 203 MORAVIENSE.
1601 176 1672 208 ί205

180 278 259 300 rum
286 262 559 299 satisfactionem
585 274 782 309 congruam
807 262 1021 310 compellere
1045 275 1109 310 per
1130 277 1274 299 omnem
1297 267 1479 303 censuram
1502 282 1608 316 quam
1630 271 1674 305 de

178 321 320 358 consilio
348 320 461 357 vestro
488 319 648 354 videritis
674 324 915 367 opportunam
940 338 949 347 ·
986 319 1034 354 Et
1059 320 1143 366 quia
1170 333 1237 367 ego
1264 321 1369 357 senex
1398 330 1433 359 et
1460 325 1582 361 debilis
1608 340 1673 374 pro

177 378 284 415 caufis
301 377 471 427 predkfftis
489 377 655 426 injuriam
675 382 711 412 et
729 376 1008 412 combustionem
1027 376 1168 412 ecclefie
1186 390 1265 413 mee
1283 379 1445 427 prosequi
1462 381 1611 418 ulterius
1628 384 1673 418 ad

176 437 315 485 presens
338 449 413 471 non
433 435 538 471 valeo
558 454 566 462 ·
596 434 735 470 causam
760 434 868 482 ipsam
892 433 1064 482 majestati
1088 434 1186 482 regie
1210 435 1249 469 in
1273 435 1460 472 subsidium
1481 438 1614 486 justitie
1638 446 1674 475 et

175 494 354 530 servitium
383 493 456 529 Dei
482 498 518 529 et
545 492 665 528 sancte
692 492 776 527 fidei
803 492 1005 528 orthodoxe
1034 492 1316 540 prosequendam
1347 499 1384 529 et
1415 495 1673 531 emendandam

175 552 359 587 committo
380 570 388 579 ·
415 550 502 586 ficut
520 549 733 586 venerabilis
755 556 855 598 pater
877 550 1044 585 dominus
1063 549 1244 598 episcopus
1264 549 1439 586 Roffenfis
1457 552 1514 586 cui
1532 552 1598 588 hec
1616 566 1674 588 ex-

174 609 340 657 ponenda
357 607 514 644 commisi
528 608 739 643 excellentie
757 608 854 655 regie
867 607 1008 656 plenius
1026 607 1204 642 intimabit
1218 608 1297 656 [cui
1312 608 1502 656 dignetur]
1518 609 1674 657 majestas

177 667 274 714 regia
291 667 394 715 super
412 666 478 701 hiis
496 666 642 701 credere
659 684 667 693 ·
687 670 723 700 et
741 665 829 700 mihi
843 664 958 700 vestro
977 664 1161 712 capellano
1179 678 1243 713 per
1261 665 1372 713 ipsum
1391 667 1573 715 precipere
1592 680 1674 702 con-

172 723 325 760 fidenter
344 743 353 752 ·
381 724 559 771 Scriptum
575 723 669 771 apud
689 723 841 758 Sconam
860 722 1016 758 secundo
1036 722 1092 757 die
1108 722 1319 757 Decembris
1336 737 1432 759 anno
1451 725 1553 771 regni
1570 724 1674 760 vestri

173 782 288 829 primo
308 801 316 810 ·
335 788 497 830 tempore
515 781 760 817 coronationis
778 780 890 816 vestre
909 780 1091 827 querelam
1110 780 1175 815 feci
1197 779 1254 815 sed
1274 781 1383 816 nichil
1401 781 1546 817 invenio
1564 782 1674 817 refor-

172 845 306 875 matum
323 859 331 867 ·
356 840 543 887 Sceptrum
559 837 713 874 vestrum
728 838 868 885 regium
883 838 1048 874 inclitum
1067 842 1104 873 et
1121 837 1248 873 solium
1267 838 1305 873 in
1322 838 1510 875 sanctitate
1528 845 1564 875 et
1575 839 1673 888 justi-

171 897 221 932 tia
237 897 447 933 corroboret
464 901 501 932 et
518 896 649 944 dirigat
667 896 929 932 dominantium
950 896 1117 932 dominus
1135 900 1171 931 et
1189 908 1252 931 rex
1270 909 1397 944 regum
1417 916 1425 924 ·

173 1069 356 1117 Inquisitio
374 1070 476 1118 super
495 1070 599 1106 terris
617 1069 661 1105 de
681 1069 885 1118 Aldrochty
901 1088 909 1097 ·

78 1175 147 1213 174‘
171 1185 252 1221 Hec
278 1184 456 1233 inquisitio
481 1185 577 1221 facta
603 1185 652 1220 est
677 1198 797 1220 coram
822 1185 970 1220 domino
996 1184 1171 1233 Episcopo
1194 1186 1409 1223 moravienfi
1432 1188 1528 1235 apud
1548 1188 1669 1223 villam

168 1243 365 1279 molendini
395 1243 551 1292 ejusdem
572 1242 680 1290 juxta.
704 1243 844 1290 Elgyne
868 1242 1068 1291 penultimo
1088 1243 1144 1279 die
1163 1242 1288 1279 menfis
1307 1243 1461 1292 Augusti
1478 1258 1574 1281 anno
1594 1245 1670 1281 Do-

167 1301 253 1336 mini
272 1300 453 1338 roillefimo
472 1304 597 1337 ·ccc¹¹¹⁰·
616 1299 845 1348 nonagesimo
864 1300 971 1336 tertio
991 1320 999 1328 ·
1019 1313 1083 1348 per
1101 1301 1317 1337 reverendos
1335 1307 1371 1337 et
1389 1302 1556 1338 discretos
1574 1303 1669 1338 viros

166 1372 322 1406 quorum
336 1359 484 1394 uomina
497 1359 577 1394 sunt
590 1358 656 1394 hec
671 1378 679 1386 ·
700 1358 883 1394 Robertus
898 1358 941 1393 de
958 1357 1167 1394 Cheshelme
1185 1358 1287 1394 miles
1306 1359 1473 1395 dominus
1488 1359 1643 1408 ejusdem
1659 1380 1667 1388 ·

164 1416 349 1452 Johannes
364 1417 408 1452 de
422 1416 537 1451 Dolas
551 1417 718 1451 dominus
732 1415 887 1464 ejusdem
901 1435 909 1443 ·
926 1415 1136 1451 Alexander
1150 1416 1194 1452 de
1214 1415 1296 1452 Ines
1310 1417 1477 1453 dominus
1490 1417 1646 1466 ejusdem
1658 1438 1667 1446 ·

168 1474 372 1509 Willelmus
392 1475 435 1510 de
455 1473 665 1510 Cheshelme
685 1493 693 1501 ·
713 1473 915 1508 W'illelmus
935 1472 1042 1520 Hage
1062 1492 1070 1500 ·
1098 1473 1298 1509 Willelmus
1318 1474 1507 1523 VVyseman
1524 1475 1640 1511 senior
1658 1496 1666 1504 ·

167 1531 210 1566 W
213 1532 368 1568 illelmus
381 1532 570 1580 Wyseman
580 1532 707 1580 junior
719 1550 727 1559 ·
747 1531 972 1579 Reginaldus
987 1531 1031 1566 de
1045 1530 1279 1579 Innerlochty
1291 1551 1300 1559 ·
1320 1532 1522 1568 Willelmus
1533 1532 1643 1569 Vaws
1658 1553 1666 1561 ·

165 1589 367 1625 W'illelmus
393 1589 487 1625 filius
514 1589 701 1626 michaelis
726 1608 735 1616 ·
764 1588 923 1624 Thomas
950 1589 994 1624 de
1025 1589 1158 1624 Pilmor
1183 1609 1191 1617 ·
1222 1589 1381 1625 Thomas
1407 1590 1452 1626 de
1479 1590 1639 1626 Kirkton
1657 1611 1665 1619 ·

162 1646 346 1683 Johannes
369 1647 514 1682 Walker
533 1666 542 1674 ·
572 1647 740 1682 Andreas
766 1646 964 1682 Fawconer
984 1665 992 1674 ·
1019 1646 1203 1683 Johannes
1228 1646 1323 1682 filius
1346 1646 1490 1683 Cristini
1508 1667 1517 1675 ·
1545 1654 1581 1683 et
1605 1648 1666 1685 Jo-

163 1704 297 1739 hannes
316 1704 409 1739 filius
429 1704 602 1739 Willelmi
622 1724 630 1732 ·
651 1704 711 1751 qui
724 1704 837 1752 jurati
855 1716 986 1751 magno
998 1703 1207 1752 juramento
1226 1704 1351 1740 dicunt
1368 1704 1465 1752 quod
1484 1705 1666 1742 Robertus

163 1761 282 1797 Sibald
302 1768 403 1810 pater
422 1762 603 1809 quondam
622 1762 645 1798 J
648 1762 798 1797 ohannis
817 1761 936 1797 Sibald
956 1761 1044 1797 obiit
1061 1761 1204 1797 vestitus
1223 1767 1259 1797 et
1276 1760 1416 1810 sayfitus
1436 1768 1478 1798 ut
1496 1763 1540 1799 de
1558 1763 1664 1800 feodo

126 1842 129 1845 <
162 1819 206 1855 de
226 1825 320 1855 terra
339 1820 383 1855 de
401 1820 590 1867 aldrochty
609 1832 689 1855 cum
710 1819 934 1867 pertiuentiis
952 1838 961 1847 ·
988 1824 1024 1855 et
1050 1819 1147 1866 quod
1174 1819 1293 1855 dictus
1313 1819 1498 1856 Johannes
1515 1820 1564 1856 est
1580 1821 1665 1869 legi-

163 1877 270 1912 timus
284 1884 320 1913 et
333 1877 569 1926 propinquior
584 1877 686 1912 heres
700 1877 787 1912 dieti
802 1877 983 1924 quondam
996 1876 1148 1913 Roberti
1162 1877 1273 1925 patris
1286 1877 1337 1913 sui
1352 1877 1396 1913 de
1410 1878 1534 1914 eadem
1546 1884 1643 1915 terra
1654 1900 1662 1907 ·

163 1934 220 1970 sed
233 1948 308 1970 non
322 1935 370 1971 est
384 1935 558 1983 legittime
573 1935 676 1970 etatis
691 1954 699 1962 -
718 1948 839 1982 ymmo
854 1934 946 1970 infra
959 1947 1093 1970 annum
1107 1935 1252 1970 tertium
1269 1954 1278 1963 ·
1298 1940 1334 1971 et
1347 1935 1444 1983 quod
1458 1936 1556 1972 dieta
1569 1942 1664 1973 terra

162 1992 257 2028 valet
274 2006 338 2041 per
357 2006 492 2028 annum
512 1993 556 2028 de
571 1992 720 2040 antiquo
739 1997 886 2028 extento
905 1992 965 2027 ·xl·
980 1992 1121 2028 solidos·
1136 1992 1203 2028 hiis
1222 1998 1342 2028 autem
1361 1993 1484 2030 diebus
1502 2008 1572 2030 ·xx·
1587 1995 1664 2031 soli-

162 2050 225 2085 dos
243 2069 252 2078 ·
280 2056 316 2086 et
342 2050 440 2098 quod
466 2055 612 2086 tenetur
638 2051 675 2085 in
703 2050 817 2098 capite
844 2050 888 2085 de
912 2050 1087 2099 Episcopo
1111 2057 1147 2086 et
1170 2049 1314 2087 ecclefia
1331 2051 1545 2088 moraviensi
1563 2072 1572 2081 ·
1599 2053 1662 2089 sol-

161 2108 278 2144 vendo
305 2108 490 2144 annuatim
518 2108 665 2143 domino
686 2108 860 2156 Episcopo
879 2107 1092 2145 moraviensi
1112 2108 1171 2145 sex
1193 2108 1324 2145 solidos
1341 2114 1378 2145 et
1394 2110 1479 2145 οᾶὶο
1498 2110 1661 2147 denarios

161 2166 206 2201 ad
225 2169 396 2202 terminos
415 2165 641 2202 Pentecostes
659 2171 695 2202 et
714 2166 837 2202 Sancti
856 2165 1004 2202 martini
1025 2165 1065 2201 in
1088 2180 1191 2215 yeme
1209 2179 1273 2215 per
1291 2166 1433 2215 equales
1449 2167 1631 2216 portiones
1650 2188 1658 2196 ·

163 2229 199 2259 et
224 2224 440 2261 inveniendo
468 2223 612 2272 singulis
637 2223 740 2260 annis
766 2229 905 2260 tantum
932 2228 988 2259 ter
1013 2236 1179 2261 carucam
1208 2224 1305 2261 suam
1324 2244 1333 2254 ·
1360 2230 1398 2261 et
1420 2230 1475 2261 ter
1499 2225 1537 2260 in
1562 2238 1657 2261 anno
