<?xml version="1.0" encoding="UTF-8"?>
<!DOCTYPE html PUBLIC "-//W3C//DTD XHTML 1.0 Transitional//EN"
    "http://www.w3.org/TR/xhtml1/DTD/xhtml1-transitional.dtd">
<html xmlns="http://www.w3.org/1999/xhtml" xml:lang="en" lang="en">
 <head>
  <title>
</title>
<meta http-equiv="Content-Type" content="text/html;charset=utf-8" />
  <meta name='ocr-system' content='tesseract 3.04.00' />
  <meta name='ocr-capabilities' content='ocr_page ocr_carea ocr_par ocr_line ocrx_word'/>
</head>
<body>
  <div class='ocr_page' id='page_1' title='image "./registrumepisc5800morauoft_0365.png"; bbox 0 0 2060 2660; ppageno 0'>
   <div class='ocr_carea' id='block_1_1' title="bbox 22 1333 93 1371">
    <p class='ocr_par' dir='ltr' id='par_1_1' title="bbox 22 1333 93 1371">
     <span class='ocr_line' id='line_1_1' title="bbox 22 1333 93 1371; baseline 0 0"><span class='ocrx_word' id='word_1_1' title='bbox 22 1333 93 1371; x_wconf 72' lang='lat'>:207</span> 
     </span>
    </p>
   </div>
   <div class='ocr_carea' id='block_1_2' title="bbox 522 202 1610 251">
    <p class='ocr_par' dir='ltr' id='par_1_2' title="bbox 522 202 1610 251">
     <span class='ocr_line' id='line_1_2' title="bbox 522 202 1610 251; baseline 0.005 -12"><span class='ocrx_word' id='word_1_2' title='bbox 522 202 839 240; x_wconf 89' lang='lat' dir='ltr'>REGISTRUM</span> <span class='ocrx_word' id='word_1_3' title='bbox 867 204 1226 242; x_wconf 89' lang='lat' dir='ltr'>MORAVIENSE.</span> <span class='ocrx_word' id='word_1_4' title='bbox 1539 213 1610 251; x_wconf 70' lang='lat'>257</span> 
     </span>
    </p>
   </div>
   <div class='ocr_carea' id='block_1_3' title="bbox 126 301 1611 398">
    <p class='ocr_par' dir='ltr' id='par_1_3' title="bbox 126 301 1611 398">
     <span class='ocr_line' id='line_1_3' title="bbox 128 301 1611 354; baseline 0.001 -13"><span class='ocrx_word' id='word_1_5' title='bbox 128 305 291 341; x_wconf 87' lang='lat' dir='ltr'>dominos</span> <span class='ocrx_word' id='word_1_6' title='bbox 303 303 515 351; x_wconf 88' lang='lat' dir='ltr'><strong>Episcopum</strong></span> <span class='ocrx_word' id='word_1_7' title='bbox 528 301 717 337; x_wconf 87' lang='lat' dir='ltr'>Decanum</span> <span class='ocrx_word' id='word_1_8' title='bbox 737 308 772 338; x_wconf 88' lang='lat' dir='ltr'>et</span> <span class='ocrx_word' id='word_1_9' title='bbox 786 303 976 338; x_wconf 86' lang='lat' dir='ltr'>canonicos</span> <span class='ocrx_word' id='word_1_10' title='bbox 990 303 1084 338; x_wconf 88' lang='lat' dir='ltr'>edita</span> <span class='ocrx_word' id='word_1_11' title='bbox 1100 303 1242 339; x_wconf 84' lang='lat' dir='ltr'>fuerant</span> <span class='ocrx_word' id='word_1_12' title='bbox 1259 309 1295 339; x_wconf 85' lang='lat' dir='ltr'>et</span> <span class='ocrx_word' id='word_1_13' title='bbox 1312 305 1474 340; x_wconf 86' lang='lat' dir='ltr'>ordinata</span> <span class='ocrx_word' id='word_1_14' title='bbox 1490 319 1611 354; x_wconf 89' lang='lat' dir='ltr'>perpe-</span> 
     </span>
     <span class='ocr_line' id='line_1_4' title="bbox 126 361 480 398; baseline -0.011 0"><span class='ocrx_word' id='word_1_15' title='bbox 126 362 269 398; x_wconf 88' lang='lat' dir='ltr'>tualiter</span> <span class='ocrx_word' id='word_1_16' title='bbox 287 361 458 396; x_wconf 84' lang='lat' dir='ltr'>duratura</span> <span class='ocrx_word' id='word_1_17' title='bbox 472 379 480 387; x_wconf 90' lang='lat'><em>·</em></span> 
     </span>
    </p>
   </div>
   <div class='ocr_carea' id='block_1_4' title="bbox 121 473 1614 1210">
    <p class='ocr_par' dir='ltr' id='par_1_4' title="bbox 121 473 1614 1210">
     <span class='ocr_line' id='line_1_5' title="bbox 127 473 1610 522; baseline 0 -11"><span class='ocrx_word' id='word_1_18' title='bbox 127 475 342 512; x_wconf 88' lang='lat' dir='ltr'>Conclusum</span> <span class='ocrx_word' id='word_1_19' title='bbox 361 473 409 509; x_wconf 87' lang='lat' dir='ltr'>est</span> <span class='ocrx_word' id='word_1_20' title='bbox 426 487 489 522; x_wconf 90' lang='lat' dir='ltr'>per</span> <span class='ocrx_word' id='word_1_21' title='bbox 508 474 681 509; x_wconf 89' lang='lat' dir='ltr'>decanum</span> <span class='ocrx_word' id='word_1_22' title='bbox 701 479 738 509; x_wconf 87' lang='lat' dir='ltr'>et</span> <span class='ocrx_word' id='word_1_23' title='bbox 755 473 950 521; x_wconf 89' lang='lat' dir='ltr'>capitulum</span> <span class='ocrx_word' id='word_1_24' title='bbox 965 493 973 501; x_wconf 94' lang='lat'><strong>·</strong></span> <span class='ocrx_word' id='word_1_25' title='bbox 992 473 1112 509; x_wconf 91' lang='lat' dir='ltr'>nullos</span> <span class='ocrx_word' id='word_1_26' title='bbox 1131 474 1319 509; x_wconf 88' lang='lat' dir='ltr'>canonicos</span> <span class='ocrx_word' id='word_1_27' title='bbox 1338 476 1357 522; x_wconf 88' lang='lat'>[</span> <span class='ocrx_word' id='word_1_28' title='bbox 1455 474 1474 520; x_wconf 95' lang='lat'>]</span> <span class='ocrx_word' id='word_1_29' title='bbox 1493 476 1610 511; x_wconf 87' lang='lat' dir='ltr'>deberi</span> 
     </span>
     <span class='ocr_line' id='line_1_6' title="bbox 124 532 1611 580; baseline 0.001 -12"><span class='ocrx_word' id='word_1_30' title='bbox 124 532 187 568; x_wconf 83' lang='lat' dir='ltr'>nifi</span> <span class='ocrx_word' id='word_1_31' title='bbox 213 532 332 568; x_wconf 89' lang='lat' dir='ltr'>habita</span> <span class='ocrx_word' id='word_1_32' title='bbox 362 532 476 580; x_wconf 91' lang='lat' dir='ltr'>prima</span> <span class='ocrx_word' id='word_1_33' title='bbox 506 532 664 579; x_wconf 85' lang='lat' dir='ltr'>generali</span> <span class='ocrx_word' id='word_1_34' title='bbox 692 532 951 567; x_wconf 85' lang='lat' dir='ltr'>convocatione</span> <span class='ocrx_word' id='word_1_35' title='bbox 983 551 992 559; x_wconf 91' lang='lat'><strong>·</strong></span> <span class='ocrx_word' id='word_1_36' title='bbox 1035 532 1083 567; x_wconf 83' lang='lat' dir='ltr'>Et</span> <span class='ocrx_word' id='word_1_37' title='bbox 1116 532 1212 579; x_wconf 94' lang='lat' dir='ltr'>quod</span> <span class='ocrx_word' id='word_1_38' title='bbox 1240 545 1445 568; x_wconf 86' lang='lat' dir='ltr'>communes</span> <span class='ocrx_word' id='word_1_39' title='bbox 1471 533 1611 569; x_wconf 89' lang='lat' dir='ltr'>ecclefie</span> 
     </span>
     <span class='ocr_line' id='line_1_7' title="bbox 124 588 1612 638; baseline 0 -12"><span class='ocrx_word' id='word_1_40' title='bbox 124 590 257 626; x_wconf 90' lang='lat' dir='ltr'>nemini</span> <span class='ocrx_word' id='word_1_41' title='bbox 283 589 484 625; x_wconf 83' lang='lat' dir='ltr'>affedentur</span> <span class='ocrx_word' id='word_1_42' title='bbox 509 588 571 624; x_wconf 88' lang='lat' dir='ltr'>nifi</span> <span class='ocrx_word' id='word_1_43' title='bbox 597 589 710 624; x_wconf 92' lang='lat' dir='ltr'>solum</span> <span class='ocrx_word' id='word_1_44' title='bbox 737 589 873 624; x_wconf 91' lang='lat' dir='ltr'>colonis</span> <span class='ocrx_word' id='word_1_45' title='bbox 893 608 901 617; x_wconf 91' lang='lat'><strong>·</strong></span> <span class='ocrx_word' id='word_1_46' title='bbox 929 594 965 624; x_wconf 89' lang='lat' dir='ltr'>et</span> <span class='ocrx_word' id='word_1_47' title='bbox 999 589 1096 636; x_wconf 92' lang='lat' dir='ltr'>quod</span> <span class='ocrx_word' id='word_1_48' title='bbox 1123 589 1167 624; x_wconf 91' lang='lat' dir='ltr'>de</span> <span class='ocrx_word' id='word_1_49' title='bbox 1196 590 1398 625; x_wconf 85' lang='lat' dir='ltr'>communia</span> <span class='ocrx_word' id='word_1_50' title='bbox 1432 589 1612 638; x_wconf 78' lang='lat' dir='ltr'>pensiones</span> 
     </span>
     <span class='ocr_line' id='line_1_8' title="bbox 123 645 1612 695; baseline 0 -12"><span class='ocrx_word' id='word_1_51' title='bbox 123 660 333 695; x_wconf 87' lang='lat' dir='ltr'>quecunque</span> <span class='ocrx_word' id='word_1_52' title='bbox 360 647 494 682; x_wconf 90' lang='lat' dir='ltr'>nemini</span> <span class='ocrx_word' id='word_1_53' title='bbox 520 647 764 682; x_wconf 89' lang='lat' dir='ltr'>concedantur</span> <span class='ocrx_word' id='word_1_54' title='bbox 783 665 791 673; x_wconf 93' lang='lat'><strong>·</strong></span> <span class='ocrx_word' id='word_1_55' title='bbox 811 651 847 681; x_wconf 91' lang='lat' dir='ltr'>et</span> <span class='ocrx_word' id='word_1_56' title='bbox 865 659 989 682; x_wconf 90' lang='lat' dir='ltr'>omnes</span> <span class='ocrx_word' id='word_1_57' title='bbox 1007 645 1190 694; x_wconf 87' lang='lat' dir='ltr'>penfiones</span> <span class='ocrx_word' id='word_1_58' title='bbox 1208 647 1305 694; x_wconf 89' lang='lat' dir='ltr'>prius</span> <span class='ocrx_word' id='word_1_59' title='bbox 1322 647 1496 682; x_wconf 77' lang='lat' dir='ltr'>concessas</span> <span class='ocrx_word' id='word_1_60' title='bbox 1513 661 1612 683; x_wconf 87' lang='lat' dir='ltr'>revo-</span> 
     </span>
     <span class='ocr_line' id='line_1_9' title="bbox 123 702 1612 752; baseline 0.001 -13"><span class='ocrx_word' id='word_1_61' title='bbox 123 718 242 740; x_wconf 86' lang='lat' dir='ltr'>camus</span> <span class='ocrx_word' id='word_1_62' title='bbox 267 710 302 740; x_wconf 88' lang='lat' dir='ltr'>et</span> <span class='ocrx_word' id='word_1_63' title='bbox 327 704 487 739; x_wconf 89' lang='lat' dir='ltr'>revocari</span> <span class='ocrx_word' id='word_1_64' title='bbox 506 704 728 739; x_wconf 84' lang='lat' dir='ltr'>decrevimus</span> <span class='ocrx_word' id='word_1_65' title='bbox 746 703 885 739; x_wconf 86' lang='lat' dir='ltr'>decimo</span> <span class='ocrx_word' id='word_1_66' title='bbox 904 709 1031 751; x_wconf 88' lang='lat' dir='ltr'>quarto</span> <span class='ocrx_word' id='word_1_67' title='bbox 1055 704 1111 739; x_wconf 90' lang='lat' dir='ltr'>die</span> <span class='ocrx_word' id='word_1_68' title='bbox 1135 702 1259 738; x_wconf 83' lang='lat' dir='ltr'>menfis</span> <span class='ocrx_word' id='word_1_69' title='bbox 1284 704 1498 752; x_wconf 84' lang='lat' dir='ltr'>Septembris</span> <span class='ocrx_word' id='word_1_70' title='bbox 1518 718 1612 740; x_wconf 86' lang='lat' dir='ltr'>anno</span> 
     </span>
     <span class='ocr_line' id='line_1_10' title="bbox 123 759 1611 797; baseline 0 0"><span class='ocrx_word' id='word_1_71' title='bbox 123 762 273 797; x_wconf 90' lang='lat' dir='ltr'>Domini</span> <span class='ocrx_word' id='word_1_72' title='bbox 291 767 357 797; x_wconf 92' lang='lat' dir='ltr'>etc·</span> <span class='ocrx_word' id='word_1_73' title='bbox 379 761 602 797; x_wconf 88' lang='lat' dir='ltr'>Presentibus</span> <span class='ocrx_word' id='word_1_74' title='bbox 620 761 750 796; x_wconf 89' lang='lat' dir='ltr'>ibidem</span> <span class='ocrx_word' id='word_1_75' title='bbox 769 759 993 796; x_wconf 81' lang='lat' dir='ltr'>illustrissimo</span> <span class='ocrx_word' id='word_1_76' title='bbox 1011 761 1090 797; x_wconf 91' lang='lat' dir='ltr'>viro</span> <span class='ocrx_word' id='word_1_77' title='bbox 1111 760 1261 796; x_wconf 90' lang='lat' dir='ltr'>Andrea</span> <span class='ocrx_word' id='word_1_78' title='bbox 1279 761 1431 797; x_wconf 86' lang='lat' dir='ltr'>Stewart</span> <span class='ocrx_word' id='word_1_79' title='bbox 1449 761 1582 797; x_wconf 89' lang='lat' dir='ltr'>decano</span> <span class='ocrx_word' id='word_1_80' title='bbox 1604 781 1611 789; x_wconf 92' lang='lat'><strong>·</strong></span> 
     </span>
     <span class='ocr_line' id='line_1_11' title="bbox 123 818 1614 866; baseline 0 -12"><span class='ocrx_word' id='word_1_81' title='bbox 123 819 263 854; x_wconf 89' lang='lat' dir='ltr'>Thoma</span> <span class='ocrx_word' id='word_1_82' title='bbox 281 819 380 854; x_wconf 91' lang='lat' dir='ltr'>Vaus</span> <span class='ocrx_word' id='word_1_83' title='bbox 398 824 608 866; x_wconf 86' lang='lat' dir='ltr'>precentore</span> <span class='ocrx_word' id='word_1_84' title='bbox 623 838 631 846; x_wconf 94' lang='lat'><strong>·</strong></span> <span class='ocrx_word' id='word_1_85' title='bbox 653 818 863 854; x_wconf 89' lang='lat' dir='ltr'>Alexandro</span> <span class='ocrx_word' id='word_1_86' title='bbox 884 818 1032 854; x_wconf 86' lang='lat' dir='ltr'>Stewart</span> <span class='ocrx_word' id='word_1_87' title='bbox 1050 818 1261 853; x_wconf 87' lang='lat' dir='ltr'>cancellario</span> <span class='ocrx_word' id='word_1_88' title='bbox 1280 837 1288 845; x_wconf 91' lang='lat'><strong>·</strong></span> <span class='ocrx_word' id='word_1_89' title='bbox 1316 818 1496 853; x_wconf 88' lang='lat' dir='ltr'>Willelmo</span> <span class='ocrx_word' id='word_1_90' title='bbox 1516 819 1614 854; x_wconf 86' lang='lat' dir='ltr'>Win-</span> 
     </span>
     <span class='ocr_line' id='line_1_12' title="bbox 121 875 1612 923; baseline 0 -12"><span class='ocrx_word' id='word_1_91' title='bbox 121 876 253 912; x_wconf 84' lang='lat' dir='ltr'>chestre</span> <span class='ocrx_word' id='word_1_92' title='bbox 281 876 497 912; x_wconf 88' lang='lat' dir='ltr'>thesaurario</span> <span class='ocrx_word' id='word_1_93' title='bbox 518 895 526 903; x_wconf 95' lang='lat'>·</span> <span class='ocrx_word' id='word_1_94' title='bbox 553 876 719 912; x_wconf 81' lang='lat' dir='ltr'>Johanne</span> <span class='ocrx_word' id='word_1_95' title='bbox 746 875 977 923; x_wconf 54' lang='lat' dir='ltr'>WVynchester</span> <span class='ocrx_word' id='word_1_96' title='bbox 1003 875 1201 911; x_wconf 84' lang='lat' dir='ltr'>subdecano</span> <span class='ocrx_word' id='word_1_97' title='bbox 1223 895 1231 903; x_wconf 96' lang='lat'><strong>·</strong></span> <span class='ocrx_word' id='word_1_98' title='bbox 1260 876 1405 911; x_wconf 91' lang='lat' dir='ltr'>domino</span> <span class='ocrx_word' id='word_1_99' title='bbox 1433 875 1612 912; x_wconf 88' lang='lat' dir='ltr'>Willelmo</span> 
     </span>
     <span class='ocr_line' id='line_1_13' title="bbox 121 933 1612 981; baseline 0 -12"><span class='ocrx_word' id='word_1_100' title='bbox 121 933 333 969; x_wconf 84' lang='lat' dir='ltr'>Gawbraith</span> <span class='ocrx_word' id='word_1_101' title='bbox 351 933 556 969; x_wconf 83' lang='lat' dir='ltr'>succentore</span> <span class='ocrx_word' id='word_1_102' title='bbox 573 953 580 961; x_wconf 92' lang='lat'>·</span> <span class='ocrx_word' id='word_1_103' title='bbox 602 933 761 981; x_wconf 87' lang='lat' dir='ltr'>Fynlayo</span> <span class='ocrx_word' id='word_1_104' title='bbox 779 933 857 968; x_wconf 89' lang='lat' dir='ltr'>Bell</span> <span class='ocrx_word' id='word_1_105' title='bbox 875 934 1017 968; x_wconf 70' lang='lat' dir='ltr'>re&amp;ore</span> <span class='ocrx_word' id='word_1_106' title='bbox 1036 933 1079 968; x_wconf 94' lang='lat' dir='ltr'>de</span> <span class='ocrx_word' id='word_1_107' title='bbox 1095 933 1213 981; x_wconf 86' lang='lat' dir='ltr'>Croye</span> <span class='ocrx_word' id='word_1_108' title='bbox 1225 952 1234 961; x_wconf 88' lang='lat'><strong>·</strong></span> <span class='ocrx_word' id='word_1_109' title='bbox 1254 933 1417 981; x_wconf 87' lang='lat' dir='ltr'>magistro</span> <span class='ocrx_word' id='word_1_110' title='bbox 1433 934 1612 969; x_wconf 89' lang='lat' dir='ltr'>Richardo</span> 
     </span>
     <span class='ocr_line' id='line_1_14' title="bbox 122 990 1614 1039; baseline 0 -13"><span class='ocrx_word' id='word_1_111' title='bbox 122 991 255 1026; x_wconf 88' lang='lat' dir='ltr'>Forbes</span> <span class='ocrx_word' id='word_1_112' title='bbox 281 992 423 1026; x_wconf 70' lang='lat' dir='ltr'>re&amp;ore</span> <span class='ocrx_word' id='word_1_113' title='bbox 445 991 489 1026; x_wconf 91' lang='lat' dir='ltr'>de</span> <span class='ocrx_word' id='word_1_114' title='bbox 508 991 663 1026; x_wconf 82' lang='lat' dir='ltr'>Duffous</span> <span class='ocrx_word' id='word_1_115' title='bbox 683 1010 691 1018; x_wconf 95' lang='lat'><strong>·</strong></span> <span class='ocrx_word' id='word_1_116' title='bbox 720 990 862 1025; x_wconf 90' lang='lat' dir='ltr'>Thoma</span> <span class='ocrx_word' id='word_1_117' title='bbox 880 991 1031 1026; x_wconf 89' lang='lat' dir='ltr'>Sinclair</span> <span class='ocrx_word' id='word_1_118' title='bbox 1049 991 1093 1026; x_wconf 90' lang='lat' dir='ltr'>de</span> <span class='ocrx_word' id='word_1_119' title='bbox 1112 990 1286 1026; x_wconf 92' lang='lat' dir='ltr'>Abirlour</span> <span class='ocrx_word' id='word_1_120' title='bbox 1305 1011 1313 1019; x_wconf 94' lang='lat'><em>·</em></span> <span class='ocrx_word' id='word_1_121' title='bbox 1345 991 1509 1039; x_wconf 85' lang='lat' dir='ltr'>magistro</span> <span class='ocrx_word' id='word_1_122' title='bbox 1528 991 1614 1027; x_wconf 90' lang='lat' dir='ltr'>Wil-</span> 
     </span>
     <span class='ocr_line' id='line_1_15' title="bbox 121 1048 1611 1096; baseline 0.001 -13"><span class='ocrx_word' id='word_1_123' title='bbox 121 1048 228 1083; x_wconf 89' lang='lat' dir='ltr'>lelmo</span> <span class='ocrx_word' id='word_1_124' title='bbox 249 1048 403 1084; x_wconf 86' lang='lat' dir='ltr'>Mowalt</span> <span class='ocrx_word' id='word_1_125' title='bbox 430 1053 465 1084; x_wconf 92' lang='lat' dir='ltr'>et</span> <span class='ocrx_word' id='word_1_126' title='bbox 491 1048 655 1095; x_wconf 79' lang='lat' dir='ltr'>magistro</span> <span class='ocrx_word' id='word_1_127' title='bbox 675 1048 818 1083; x_wconf 89' lang='lat' dir='ltr'>Thoma</span> <span class='ocrx_word' id='word_1_128' title='bbox 837 1048 964 1083; x_wconf 87' lang='lat' dir='ltr'>Tullot</span> <span class='ocrx_word' id='word_1_129' title='bbox 989 1048 1032 1083; x_wconf 89' lang='lat' dir='ltr'>de</span> <span class='ocrx_word' id='word_1_130' title='bbox 1061 1048 1189 1096; x_wconf 88' lang='lat' dir='ltr'>Dupill</span> <span class='ocrx_word' id='word_1_131' title='bbox 1211 1053 1247 1084; x_wconf 88' lang='lat' dir='ltr'>et</span> <span class='ocrx_word' id='word_1_132' title='bbox 1270 1048 1360 1096; x_wconf 91' lang='lat' dir='ltr'>Moy</span> <span class='ocrx_word' id='word_1_133' title='bbox 1385 1049 1585 1084; x_wconf 59' lang='lat' dir='ltr'>reetoribus</span> <span class='ocrx_word' id='word_1_134' title='bbox 1604 1069 1611 1077; x_wconf 92' lang='lat'>·</span> 
     </span>
     <span class='ocr_line' id='line_1_16' title="bbox 122 1105 1612 1153; baseline 0.002 -14"><span class='ocrx_word' id='word_1_135' title='bbox 122 1105 285 1153; x_wconf 85' lang='lat' dir='ltr'>magistro</span> <span class='ocrx_word' id='word_1_136' title='bbox 299 1105 465 1142; x_wconf 85' lang='lat' dir='ltr'>Johanne</span> <span class='ocrx_word' id='word_1_137' title='bbox 480 1105 614 1141; x_wconf 91' lang='lat' dir='ltr'>Caldor</span> <span class='ocrx_word' id='word_1_138' title='bbox 628 1105 769 1140; x_wconf 71' lang='lat' dir='ltr'>re&amp;0re</span> <span class='ocrx_word' id='word_1_139' title='bbox 787 1105 830 1140; x_wconf 88' lang='lat' dir='ltr'>de</span> <span class='ocrx_word' id='word_1_140' title='bbox 845 1105 1002 1140; x_wconf 87' lang='lat' dir='ltr'>Dutholl</span> <span class='ocrx_word' id='word_1_141' title='bbox 1017 1125 1025 1133; x_wconf 93' lang='lat'><strong>·</strong></span> <span class='ocrx_word' id='word_1_142' title='bbox 1047 1105 1196 1141; x_wconf 91' lang='lat' dir='ltr'>Andrea</span> <span class='ocrx_word' id='word_1_143' title='bbox 1211 1105 1422 1142; x_wconf 90' lang='lat' dir='ltr'>Merscheall</span> <span class='ocrx_word' id='word_1_144' title='bbox 1439 1106 1612 1142; x_wconf 81' lang='lat' dir='ltr'>canonico</span> 
     </span>
     <span class='ocr_line' id='line_1_17' title="bbox 122 1162 1349 1210; baseline 0 -13"><span class='ocrx_word' id='word_1_145' title='bbox 122 1168 266 1198; x_wconf 82' lang='lat' dir='ltr'>centum</span> <span class='ocrx_word' id='word_1_146' title='bbox 284 1162 478 1198; x_wconf 91' lang='lat' dir='ltr'>solidorum</span> <span class='ocrx_word' id='word_1_147' title='bbox 498 1181 506 1190; x_wconf 90' lang='lat'><strong>·</strong></span> <span class='ocrx_word' id='word_1_148' title='bbox 529 1162 689 1198; x_wconf 86' lang='lat' dir='ltr'>Henrico</span> <span class='ocrx_word' id='word_1_149' title='bbox 711 1162 888 1209; x_wconf 85' lang='lat' dir='ltr'>Kyngorn</span> <span class='ocrx_word' id='word_1_150' title='bbox 906 1163 1047 1198; x_wconf 70' lang='grc' dir='ltr'>Γεᾶὶοτθ</span> <span class='ocrx_word' id='word_1_151' title='bbox 1066 1163 1110 1198; x_wconf 92' lang='lat' dir='ltr'>de</span> <span class='ocrx_word' id='word_1_152' title='bbox 1131 1162 1322 1210; x_wconf 85' lang='lat' dir='ltr'>Kyngusye</span> <span class='ocrx_word' id='word_1_153' title='bbox 1341 1182 1349 1190; x_wconf 92' lang='lat'><strong>·</strong></span> 
     </span>
    </p>
   </div>
   <div class='ocr_carea' id='block_1_5' title="bbox 120 1331 1614 2345">
    <p class='ocr_par' dir='ltr' id='par_1_5' title="bbox 120 1331 1611 1540">
     <span class='ocr_line' id='line_1_18' title="bbox 122 1331 1611 1369; baseline 0 -1"><span class='ocrx_word' id='word_1_154' title='bbox 122 1331 475 1369; x_wconf 89' lang='lat' dir='ltr'><strong>CONVOCATIO</strong></span> <span class='ocrx_word' id='word_1_155' title='bbox 500 1331 803 1368; x_wconf 89' lang='lat' dir='ltr'>GENERALIS</span> <span class='ocrx_word' id='word_1_156' title='bbox 828 1332 1081 1368; x_wconf 84' lang='lat' dir='ltr'>canonicorum</span> <span class='ocrx_word' id='word_1_157' title='bbox 1101 1333 1310 1369; x_wconf 86' lang='lat' dir='ltr'>cathedralis</span> <span class='ocrx_word' id='word_1_158' title='bbox 1331 1331 1471 1369; x_wconf 90' lang='lat' dir='ltr'>ecclefie</span> <span class='ocrx_word' id='word_1_159' title='bbox 1490 1332 1611 1368; x_wconf 84' lang='lat' dir='ltr'>Mora-</span> 
     </span>
     <span class='ocr_line' id='line_1_19' title="bbox 120 1389 1611 1438; baseline 0.001 -14"><span class='ocrx_word' id='word_1_160' title='bbox 120 1389 244 1426; x_wconf 87' lang='lat' dir='ltr'>vienfis</span> <span class='ocrx_word' id='word_1_161' title='bbox 272 1390 367 1426; x_wconf 69' lang='lat' dir='ltr'>facta</span> <span class='ocrx_word' id='word_1_162' title='bbox 392 1390 429 1424; x_wconf 90' lang='lat' dir='ltr'>in</span> <span class='ocrx_word' id='word_1_163' title='bbox 456 1390 578 1425; x_wconf 89' lang='lat' dir='ltr'>eadem</span> <span class='ocrx_word' id='word_1_164' title='bbox 606 1403 670 1438; x_wconf 92' lang='lat' dir='ltr'>per</span> <span class='ocrx_word' id='word_1_165' title='bbox 696 1390 932 1425; x_wconf 88' lang='lat' dir='ltr'>reverendum</span> <span class='ocrx_word' id='word_1_166' title='bbox 961 1390 998 1425; x_wconf 91' lang='lat' dir='ltr'>in</span> <span class='ocrx_word' id='word_1_167' title='bbox 1026 1390 1164 1427; x_wconf 86' lang='lat' dir='ltr'>Christo</span> <span class='ocrx_word' id='word_1_168' title='bbox 1194 1396 1331 1437; x_wconf 90' lang='lat' dir='ltr'>patrem</span> <span class='ocrx_word' id='word_1_169' title='bbox 1359 1403 1399 1426; x_wconf 87' lang='lat' dir='ltr'>ac</span> <span class='ocrx_word' id='word_1_170' title='bbox 1427 1390 1611 1426; x_wconf 91' lang='lat' dir='ltr'>dominum</span> 
     </span>
     <span class='ocr_line' id='line_1_20' title="bbox 121 1447 1611 1496; baseline 0.001 -14"><span class='ocrx_word' id='word_1_171' title='bbox 121 1448 306 1483; x_wconf 89' lang='lat' dir='ltr'>dominum</span> <span class='ocrx_word' id='word_1_172' title='bbox 326 1447 511 1482; x_wconf 89' lang='lat' dir='ltr'>Andream</span> <span class='ocrx_word' id='word_1_173' title='bbox 531 1447 602 1482; x_wconf 92' lang='lat' dir='ltr'>Dei</span> <span class='ocrx_word' id='word_1_174' title='bbox 626 1453 661 1483; x_wconf 88' lang='lat' dir='ltr'>et</span> <span class='ocrx_word' id='word_1_175' title='bbox 684 1447 870 1495; x_wconf 86' lang='lat' dir='ltr'>apostolice</span> <span class='ocrx_word' id='word_1_176' title='bbox 889 1447 976 1482; x_wconf 83' lang='lat' dir='ltr'>sedis</span> <span class='ocrx_word' id='word_1_177' title='bbox 999 1448 1113 1495; x_wconf 87' lang='lat' dir='ltr'>gratia</span> <span class='ocrx_word' id='word_1_178' title='bbox 1130 1448 1330 1496; x_wconf 89' lang='lat' dir='ltr'>episcopum</span> <span class='ocrx_word' id='word_1_179' title='bbox 1351 1447 1611 1483; x_wconf 89' lang='lat' dir='ltr'>Moraviensem</span> 
     </span>
     <span class='ocr_line' id='line_1_21' title="bbox 122 1503 970 1540; baseline 0 0"><span class='ocrx_word' id='word_1_180' title='bbox 122 1506 257 1540; x_wconf 80' lang='lat' dir='ltr'>-xxiiii0-</span> <span class='ocrx_word' id='word_1_181' title='bbox 277 1503 402 1540; x_wconf 84' lang='lat' dir='ltr'>mensls</span> <span class='ocrx_word' id='word_1_182' title='bbox 421 1504 591 1540; x_wconf 66' lang='lat' dir='ltr'>Octobris</span> <span class='ocrx_word' id='word_1_183' title='bbox 609 1518 704 1540; x_wconf 90' lang='lat' dir='ltr'>anno</span> <span class='ocrx_word' id='word_1_184' title='bbox 723 1510 790 1540; x_wconf 89' lang='lat' dir='ltr'>etc·</span> <span class='ocrx_word' id='word_1_185' title='bbox 809 1505 970 1540; x_wconf 86' lang='lat' dir='ltr'>lxxxvii⁰·</span> 
     </span>
    </p>

    <p class='ocr_par' dir='ltr' id='par_1_6' title="bbox 122 1561 1613 2243">
     <span class='ocr_line' id='line_1_22' title="bbox 125 1561 1612 1610; baseline -0.001 -13"><span class='ocrx_word' id='word_1_186' title='bbox 125 1563 299 1598; x_wconf 90' lang='lat' dir='ltr'>Absentes</span> <span class='ocrx_word' id='word_1_187' title='bbox 326 1562 369 1597; x_wconf 85' lang='lat' dir='ltr'>ab</span> <span class='ocrx_word' id='word_1_188' title='bbox 396 1562 519 1598; x_wconf 88' lang='lat' dir='ltr'>eadem</span> <span class='ocrx_word' id='word_1_189' title='bbox 549 1562 712 1609; x_wconf 83' lang='lat' dir='ltr'>magister</span> <span class='ocrx_word' id='word_1_190' title='bbox 739 1561 902 1598; x_wconf 85' lang='lat' dir='ltr'>Gavinus</span> <span class='ocrx_word' id='word_1_191' title='bbox 925 1562 1078 1598; x_wconf 87' lang='lat' dir='ltr'>Dunbar</span> <span class='ocrx_word' id='word_1_192' title='bbox 1100 1563 1254 1598; x_wconf 85' lang='lat' dir='ltr'>decanus</span> <span class='ocrx_word' id='word_1_193' title='bbox 1272 1581 1280 1590; x_wconf 92' lang='lat'><strong>·</strong></span> <span class='ocrx_word' id='word_1_194' title='bbox 1312 1561 1474 1610; x_wconf 88' lang='lat' dir='ltr'>magister</span> <span class='ocrx_word' id='word_1_195' title='bbox 1493 1562 1612 1596; x_wconf 90' lang='lat' dir='ltr'>Adam</span> 
     </span>
     <span class='ocr_line' id='line_1_23' title="bbox 124 1619 1613 1667; baseline -0.001 -13"><span class='ocrx_word' id='word_1_196' title='bbox 124 1620 304 1655; x_wconf 91' lang='lat' dir='ltr'>Gordoun</span> <span class='ocrx_word' id='word_1_197' title='bbox 330 1625 520 1667; x_wconf 89' lang='lat' dir='ltr'>precentor</span> <span class='ocrx_word' id='word_1_198' title='bbox 538 1638 546 1647; x_wconf 86' lang='lat'><strong>·</strong></span> <span class='ocrx_word' id='word_1_199' title='bbox 576 1619 738 1667; x_wconf 86' lang='lat' dir='ltr'>magister</span> <span class='ocrx_word' id='word_1_200' title='bbox 763 1620 972 1655; x_wconf 86' lang='lat' dir='ltr'>Alexander</span> <span class='ocrx_word' id='word_1_201' title='bbox 997 1620 1145 1655; x_wconf 88' lang='lat' dir='ltr'>Stewart</span> <span class='ocrx_word' id='word_1_202' title='bbox 1170 1619 1399 1655; x_wconf 88' lang='lat' dir='ltr'>cancellarius</span> <span class='ocrx_word' id='word_1_203' title='bbox 1422 1638 1430 1647; x_wconf 93' lang='lat'><strong>·</strong></span> <span class='ocrx_word' id='word_1_204' title='bbox 1459 1619 1613 1656; x_wconf 86' lang='lat' dir='ltr'>Jacobus</span> 
     </span>
     <span class='ocr_line' id='line_1_24' title="bbox 125 1676 1613 1724; baseline -0.001 -12"><span class='ocrx_word' id='word_1_205' title='bbox 125 1677 283 1712; x_wconf 87' lang='lat' dir='ltr'>Allirdes</span> <span class='ocrx_word' id='word_1_206' title='bbox 301 1677 569 1712; x_wconf 83' lang='lat' dir='ltr'>archidiaconus</span> <span class='ocrx_word' id='word_1_207' title='bbox 589 1696 596 1704; x_wconf 96' lang='lat'>·</span> <span class='ocrx_word' id='word_1_208' title='bbox 616 1677 798 1713; x_wconf 83' lang='lat' dir='ltr'>Johannes</span> <span class='ocrx_word' id='word_1_209' title='bbox 819 1677 963 1712; x_wconf 89' lang='lat' dir='ltr'>Ireland</span> <span class='ocrx_word' id='word_1_210' title='bbox 981 1677 1165 1713; x_wconf 84' lang='lat' dir='ltr'>succentor</span> <span class='ocrx_word' id='word_1_211' title='bbox 1179 1696 1187 1704; x_wconf 92' lang='lat'><strong>·</strong></span> <span class='ocrx_word' id='word_1_212' title='bbox 1208 1677 1389 1712; x_wconf 82' lang='lat' dir='ltr'>Robertus</span> <span class='ocrx_word' id='word_1_213' title='bbox 1407 1676 1613 1724; x_wconf 84' lang='lat' dir='ltr'>Dalloquhy</span> 
     </span>
     <span class='ocr_line' id='line_1_25' title="bbox 123 1734 1611 1783; baseline -0.001 -14"><span class='ocrx_word' id='word_1_214' title='bbox 123 1734 377 1783; x_wconf 86' lang='lat' dir='ltr'>prebendarius</span> <span class='ocrx_word' id='word_1_215' title='bbox 408 1734 452 1769; x_wconf 91' lang='lat' dir='ltr'>de</span> <span class='ocrx_word' id='word_1_216' title='bbox 486 1734 653 1782; x_wconf 89' lang='lat' dir='ltr'>Kynnoir</span> <span class='ocrx_word' id='word_1_217' title='bbox 685 1754 692 1762; x_wconf 92' lang='lat'><strong>·</strong></span> <span class='ocrx_word' id='word_1_218' title='bbox 731 1734 911 1770; x_wconf 89' lang='lat' dir='ltr'>Robertus</span> <span class='ocrx_word' id='word_1_219' title='bbox 944 1735 1041 1770; x_wconf 86' lang='lat' dir='ltr'>Keth</span> <span class='ocrx_word' id='word_1_220' title='bbox 1071 1734 1326 1783; x_wconf 86' lang='lat' dir='ltr'>prebendarius</span> <span class='ocrx_word' id='word_1_221' title='bbox 1356 1734 1400 1769; x_wconf 92' lang='lat' dir='ltr'>de</span> <span class='ocrx_word' id='word_1_222' title='bbox 1431 1734 1585 1769; x_wconf 86' lang='lat' dir='ltr'>Duffous</span> <span class='ocrx_word' id='word_1_223' title='bbox 1604 1752 1611 1760; x_wconf 93' lang='lat'>·</span> 
     </span>
     <span class='ocr_line' id='line_1_26' title="bbox 123 1790 1613 1840; baseline -0.001 -13"><span class='ocrx_word' id='word_1_224' title='bbox 123 1791 286 1840; x_wconf 86' lang='lat' dir='ltr'>magister</span> <span class='ocrx_word' id='word_1_225' title='bbox 302 1792 486 1828; x_wconf 82' lang='lat' dir='ltr'>Johannes</span> <span class='ocrx_word' id='word_1_226' title='bbox 513 1791 665 1827; x_wconf 87' lang='lat' dir='ltr'>Stewart</span> <span class='ocrx_word' id='word_1_227' title='bbox 690 1791 944 1839; x_wconf 82' lang='lat' dir='ltr'>prebendarius</span> <span class='ocrx_word' id='word_1_228' title='bbox 968 1792 1012 1827; x_wconf 91' lang='lat' dir='ltr'>de</span> <span class='ocrx_word' id='word_1_229' title='bbox 1031 1791 1149 1840; x_wconf 88' lang='lat' dir='ltr'>Spyne</span> <span class='ocrx_word' id='word_1_230' title='bbox 1168 1811 1176 1819; x_wconf 93' lang='lat'><em>·</em></span> <span class='ocrx_word' id='word_1_231' title='bbox 1204 1791 1367 1839; x_wconf 86' lang='lat' dir='ltr'>magister</span> <span class='ocrx_word' id='word_1_232' title='bbox 1381 1791 1501 1827; x_wconf 90' lang='lat' dir='ltr'>Adam</span> <span class='ocrx_word' id='word_1_233' title='bbox 1520 1790 1613 1826; x_wconf 93' lang='lat' dir='ltr'>Gor-</span> 
     </span>
     <span class='ocr_line' id='line_1_27' title="bbox 124 1848 1613 1898; baseline -0.001 -13"><span class='ocrx_word' id='word_1_234' title='bbox 124 1848 222 1885; x_wconf 86' lang='lat' dir='ltr'>doun</span> <span class='ocrx_word' id='word_1_235' title='bbox 248 1849 503 1898; x_wconf 86' lang='lat' dir='ltr'>prebendarius</span> <span class='ocrx_word' id='word_1_236' title='bbox 521 1849 565 1884; x_wconf 91' lang='lat' dir='ltr'>de</span> <span class='ocrx_word' id='word_1_237' title='bbox 585 1849 715 1896; x_wconf 89' lang='lat' dir='ltr'>Pettyn</span> <span class='ocrx_word' id='word_1_238' title='bbox 739 1868 747 1877; x_wconf 90' lang='lat'><strong>·</strong></span> <span class='ocrx_word' id='word_1_239' title='bbox 781 1849 941 1896; x_wconf 83' lang='lat' dir='ltr'>magister</span> <span class='ocrx_word' id='word_1_240' title='bbox 958 1849 1113 1886; x_wconf 87' lang='lat' dir='ltr'>Jacobus</span> <span class='ocrx_word' id='word_1_241' title='bbox 1131 1849 1264 1884; x_wconf 83' lang='lat' dir='ltr'>Willan</span> <span class='ocrx_word' id='word_1_242' title='bbox 1290 1848 1543 1898; x_wconf 82' lang='lat' dir='ltr'>prebendarius</span> <span class='ocrx_word' id='word_1_243' title='bbox 1570 1848 1613 1883; x_wconf 89' lang='lat' dir='ltr'>de</span> 
     </span>
     <span class='ocr_line' id='line_1_28' title="bbox 124 1905 1613 1955; baseline 0 -13"><span class='ocrx_word' id='word_1_244' title='bbox 124 1907 243 1943; x_wconf 89' lang='lat' dir='ltr'>Adwe</span> <span class='ocrx_word' id='word_1_245' title='bbox 262 1926 270 1935; x_wconf 91' lang='lat'><strong>·</strong></span> <span class='ocrx_word' id='word_1_246' title='bbox 293 1906 455 1955; x_wconf 84' lang='lat' dir='ltr'>magister</span> <span class='ocrx_word' id='word_1_247' title='bbox 474 1906 632 1941; x_wconf 82' lang='lat' dir='ltr'>Thomas</span> <span class='ocrx_word' id='word_1_248' title='bbox 651 1905 753 1955; x_wconf 92' lang='lat' dir='ltr'>Lessy</span> <span class='ocrx_word' id='word_1_249' title='bbox 770 1906 1024 1955; x_wconf 87' lang='lat' dir='ltr'>prebendarius</span> <span class='ocrx_word' id='word_1_250' title='bbox 1042 1907 1085 1942; x_wconf 92' lang='lat' dir='ltr'>de</span> <span class='ocrx_word' id='word_1_251' title='bbox 1106 1906 1217 1955; x_wconf 88' lang='lat' dir='ltr'>Moye</span> <span class='ocrx_word' id='word_1_252' title='bbox 1237 1926 1245 1935; x_wconf 92' lang='lat'><strong>·</strong></span> <span class='ocrx_word' id='word_1_253' title='bbox 1264 1907 1430 1942; x_wconf 83' lang='lat' dir='ltr'>dominus</span> <span class='ocrx_word' id='word_1_254' title='bbox 1449 1907 1613 1942; x_wconf 85' lang='lat' dir='ltr'>Andreas</span> 
     </span>
     <span class='ocr_line' id='line_1_29' title="bbox 123 1964 1613 2013; baseline -0.001 -13"><span class='ocrx_word' id='word_1_255' title='bbox 123 1964 225 2012; x_wconf 88' lang='lat' dir='ltr'>Lessy</span> <span class='ocrx_word' id='word_1_256' title='bbox 242 1964 497 2013; x_wconf 89' lang='lat' dir='ltr'>prebendarius</span> <span class='ocrx_word' id='word_1_257' title='bbox 520 1964 563 1999; x_wconf 95' lang='lat' dir='ltr'>de</span> <span class='ocrx_word' id='word_1_258' title='bbox 584 1964 755 2012; x_wconf 83' lang='lat' dir='ltr'>Kyngusy</span> <span class='ocrx_word' id='word_1_259' title='bbox 774 1983 782 1992; x_wconf 87' lang='lat'><strong>·</strong></span> <span class='ocrx_word' id='word_1_260' title='bbox 811 1964 973 2011; x_wconf 86' lang='lat' dir='ltr'>magister</span> <span class='ocrx_word' id='word_1_261' title='bbox 992 1964 1200 2000; x_wconf 84' lang='lat' dir='ltr'>Alexander</span> <span class='ocrx_word' id='word_1_262' title='bbox 1227 1964 1442 2000; x_wconf 90' lang='lat' dir='ltr'>Sutherland</span> <span class='ocrx_word' id='word_1_263' title='bbox 1467 1964 1613 2012; x_wconf 88' lang='lat' dir='ltr'>preben-</span> 
     </span>
     <span class='ocr_line' id='line_1_30' title="bbox 123 2021 1611 2070; baseline 0 -13"><span class='ocrx_word' id='word_1_264' title='bbox 123 2022 240 2057; x_wconf 90' lang='lat' dir='ltr'>darius</span> <span class='ocrx_word' id='word_1_265' title='bbox 259 2022 302 2058; x_wconf 91' lang='lat' dir='ltr'>de</span> <span class='ocrx_word' id='word_1_266' title='bbox 322 2021 517 2057; x_wconf 88' lang='lat' dir='ltr'>Abirloure</span> <span class='ocrx_word' id='word_1_267' title='bbox 537 2041 545 2049; x_wconf 90' lang='lat'><strong>·</strong></span> <span class='ocrx_word' id='word_1_268' title='bbox 571 2021 733 2069; x_wconf 85' lang='lat' dir='ltr'>magister</span> <span class='ocrx_word' id='word_1_269' title='bbox 753 2021 873 2057; x_wconf 92' lang='lat' dir='ltr'>David</span> <span class='ocrx_word' id='word_1_270' title='bbox 893 2021 1130 2070; x_wconf 89' lang='lat' dir='ltr'>Monypenny</span> <span class='ocrx_word' id='word_1_271' title='bbox 1147 2021 1400 2070; x_wconf 86' lang='lat' dir='ltr'>prebendarius</span> <span class='ocrx_word' id='word_1_272' title='bbox 1418 2021 1462 2057; x_wconf 91' lang='lat' dir='ltr'>de</span> <span class='ocrx_word' id='word_1_273' title='bbox 1482 2021 1588 2069; x_wconf 84' lang='lat' dir='ltr'>Ryny</span> <span class='ocrx_word' id='word_1_274' title='bbox 1604 2040 1611 2047; x_wconf 92' lang='lat'><strong>·</strong></span> 
     </span>
     <span class='ocr_line' id='line_1_31' title="bbox 122 2078 1613 2127; baseline -0.001 -12"><span class='ocrx_word' id='word_1_275' title='bbox 122 2079 283 2127; x_wconf 77' lang='lat' dir='ltr'>mag-ister</span> <span class='ocrx_word' id='word_1_276' title='bbox 306 2078 495 2114; x_wconf 85' lang='lat' dir='ltr'>Lanssotus</span> <span class='ocrx_word' id='word_1_277' title='bbox 522 2079 566 2114; x_wconf 90' lang='lat' dir='ltr'>de</span> <span class='ocrx_word' id='word_1_278' title='bbox 592 2078 758 2114; x_wconf 89' lang='lat' dir='ltr'>Moravia</span> <span class='ocrx_word' id='word_1_279' title='bbox 781 2078 1036 2127; x_wconf 85' lang='lat' dir='ltr'>prebendarius</span> <span class='ocrx_word' id='word_1_280' title='bbox 1062 2079 1106 2115; x_wconf 88' lang='lat' dir='ltr'>de</span> <span class='ocrx_word' id='word_1_281' title='bbox 1133 2079 1265 2116; x_wconf 86' lang='lat' dir='ltr'>Botare</span> <span class='ocrx_word' id='word_1_282' title='bbox 1284 2099 1292 2107; x_wconf 94' lang='lat'><strong>·</strong></span> <span class='ocrx_word' id='word_1_283' title='bbox 1322 2079 1487 2115; x_wconf 86' lang='lat' dir='ltr'>dominus</span> <span class='ocrx_word' id='word_1_284' title='bbox 1505 2078 1613 2114; x_wconf 86' lang='lat' dir='ltr'>Alex-</span> 
     </span>
     <span class='ocr_line' id='line_1_32' title="bbox 123 2136 1611 2185; baseline -0.001 -13"><span class='ocrx_word' id='word_1_285' title='bbox 123 2137 232 2172; x_wconf 76' lang='lat' dir='ltr'>ander</span> <span class='ocrx_word' id='word_1_286' title='bbox 251 2137 371 2173; x_wconf 89' lang='lat' dir='ltr'>Caunt</span> <span class='ocrx_word' id='word_1_287' title='bbox 389 2136 645 2184; x_wconf 90' lang='lat' dir='ltr'>prebendarius</span> <span class='ocrx_word' id='word_1_288' title='bbox 663 2136 707 2172; x_wconf 93' lang='lat' dir='ltr'>de</span> <span class='ocrx_word' id='word_1_289' title='bbox 728 2136 976 2184; x_wconf 89' lang='lat' dir='ltr'>Innerkethny</span> <span class='ocrx_word' id='word_1_290' title='bbox 995 2156 1003 2165; x_wconf 91' lang='lat'><strong>·</strong></span> <span class='ocrx_word' id='word_1_291' title='bbox 1022 2136 1277 2185; x_wconf 89' lang='lat' dir='ltr'>prebendarius</span> <span class='ocrx_word' id='word_1_292' title='bbox 1295 2136 1340 2172; x_wconf 88' lang='lat' dir='ltr'>de</span> <span class='ocrx_word' id='word_1_293' title='bbox 1359 2136 1476 2184; x_wconf 90' lang='lat' dir='ltr'>Croye</span> <span class='ocrx_word' id='word_1_294' title='bbox 1504 2155 1512 2163; x_wconf 93' lang='lat'><strong>·</strong></span> <span class='ocrx_word' id='word_1_295' title='bbox 1544 2148 1611 2170; x_wconf 85' lang='lat' dir='ltr'>ma·</span> 
     </span>
     <span class='ocr_line' id='line_1_33' title="bbox 122 2193 1322 2243; baseline 0 -14"><span class='ocrx_word' id='word_1_296' title='bbox 122 2193 225 2241; x_wconf 83' lang='lat' dir='ltr'>gister</span> <span class='ocrx_word' id='word_1_297' title='bbox 245 2194 426 2230; x_wconf 81' lang='lat' dir='ltr'>Robertus</span> <span class='ocrx_word' id='word_1_298' title='bbox 446 2194 555 2229; x_wconf 88' lang='lat' dir='ltr'>Rook</span> <span class='ocrx_word' id='word_1_299' title='bbox 575 2213 728 2222; x_wconf 85' lang='lat'><strong>······</strong></span> <span class='ocrx_word' id='word_1_300' title='bbox 748 2194 1003 2243; x_wconf 89' lang='lat' dir='ltr'>prebendarius</span> <span class='ocrx_word' id='word_1_301' title='bbox 1021 2194 1065 2230; x_wconf 90' lang='lat' dir='ltr'>de</span> <span class='ocrx_word' id='word_1_302' title='bbox 1086 2194 1294 2243; x_wconf 87' lang='lat' dir='ltr'>Kyncardin</span> <span class='ocrx_word' id='word_1_303' title='bbox 1313 2213 1322 2222; x_wconf 94' lang='lat'><strong>·</strong></span> 
     </span>
    </p>

    <p class='ocr_par' dir='ltr' id='par_1_7' title="bbox 123 2250 1614 2301">
     <span class='ocr_line' id='line_1_34' title="bbox 123 2250 1614 2301; baseline -0.001 -14"><span class='ocrx_word' id='word_1_304' title='bbox 123 2251 201 2287; x_wconf 86' lang='lat' dir='ltr'>Nos</span> <span class='ocrx_word' id='word_1_305' title='bbox 220 2251 384 2288; x_wconf 86' lang='lat' dir='ltr'>Andreas</span> <span class='ocrx_word' id='word_1_306' title='bbox 402 2251 474 2287; x_wconf 89' lang='lat' dir='ltr'>Dei</span> <span class='ocrx_word' id='word_1_307' title='bbox 499 2256 534 2287; x_wconf 89' lang='lat' dir='ltr'>et</span> <span class='ocrx_word' id='word_1_308' title='bbox 562 2251 749 2301; x_wconf 90' lang='lat' dir='ltr'>apostolice</span> <span class='ocrx_word' id='word_1_309' title='bbox 773 2252 861 2287; x_wconf 87' lang='lat' dir='ltr'>sedis</span> <span class='ocrx_word' id='word_1_310' title='bbox 888 2252 1003 2299; x_wconf 86' lang='lat' dir='ltr'>gratia</span> <span class='ocrx_word' id='word_1_311' title='bbox 1028 2251 1208 2300; x_wconf 84' lang='lat' dir='ltr'>episcopus</span> <span class='ocrx_word' id='word_1_312' title='bbox 1236 2250 1467 2288; x_wconf 85' lang='lat' dir='ltr'>Moravienfis</span> <span class='ocrx_word' id='word_1_313' title='bbox 1492 2262 1614 2286; x_wconf 84' lang='lat' dir='ltr'>omnes</span> 
     </span>
    </p>

    <p class='ocr_par' dir='ltr' id='par_1_8' title="bbox 829 2312 897 2345">
     <span class='ocr_line' id='line_1_35' title="bbox 829 2312 897 2345; baseline 0.015 -1"><span class='ocrx_word' id='word_1_314' title='bbox 829 2312 852 2344; x_wconf 68' lang='lat'>2</span> <span class='ocrx_word' id='word_1_315' title='bbox 874 2321 897 2345; x_wconf 80' lang='lat' dir='ltr'>K</span> 
     </span>
    </p>
   </div>
  </div>
 </body>
</html>
