2060 2660
67 922 136 959 136

561 190 876 227 REGISTRUM
905 190 1269 229 MORAVIENSE.
1591 202 1659 237 149

167 292 284 327 henne
303 289 483 338 Spaldyng
504 308 513 317 ·
544 288 664 324 Adam
686 288 814 324 Herok
834 308 843 316 ·
871 288 1054 324 Willelmo
1072 289 1271 325 subdecano
1296 309 1305 319 ·
1334 291 1468 328 Jacobo
1487 294 1531 329 de
1549 295 1660 331 Glen-

165 349 278 397 kerny
291 368 299 376 ·
313 346 465 383 dominis
481 346 641 382 Henrico
656 352 799 382 centum
815 346 1008 381 solidorum
1022 365 1030 373 ·
1044 346 1069 383 J
1070 346 1211 382 ohanne
1226 347 1269 382 de
1281 347 1413 396 Wytby
1427 350 1660 396 prebendario

166 406 210 442 de
226 405 354 453 Kynor
374 424 383 433 ·
405 404 523 440 Adam
543 404 779 452 prebendario
798 404 842 439 de
862 404 982 451 Spyny
1001 404 1180 439 canonicis
1198 403 1339 440 ecclefie
1358 406 1585 442 moraviensis
1601 428 1608 436 ·
1626 415 1661 444 et

164 463 284 498 multis
301 462 378 498 aliis
407 481 415 490 ·
457 461 594 497 Datum
614 462 708 509 apud
728 461 846 509 Elgyn
866 460 974 496 ·xxiii·
995 461 1052 497 die
1071 459 1196 496 mensis
1213 462 1329 498 martii
1358 481 1366 489 ·
1396 475 1491 498 anno
1510 464 1659 501 Domini

164 524 223 558 Νη
224 523 310 556 ·⁰ccc
313 520 371 555 ·ix·
399 519 572 555 Canonici
591 519 769 567 presentes
787 518 1088 566 subscripserunt·
1108 518 1274 555 videlicet
1288 519 1468 555 Walterus
1483 520 1658 556 decanus·

164 577 233 612 ··W
252 582 462 626 precentor·
491 576 672 612 Henricus
690 577 949 612 thesaurarius·
968 576 1152 613 ,Iohannes
1171 576 1215 611 de
1234 576 1443 625 Spaldyng·
1463 577 1662 644 Willelmus

163 635 408 671 subdecanus·
439 634 558 669 Adam
576 634 732 670 Herok·
751 634 907 671 ,Iacobus
926 633 970 669 de
989 634 1230 682 Glenkerny·

164 807 273 843 Carta
292 807 336 842 de
356 806 607 855 Uchtyrspyny
626 826 634 833 ·

163 921 341 959 Omnibus
359 922 450 957 hanc
469 926 603 957 cartam
623 921 747 957 visuris
764 920 822 957 vel
840 920 1015 956 audituris
1037 920 1158 957 David
1184 918 1407 968 permiffione
1435 921 1556 958 divina
1581 924 1665 972 epis-

164 993 273 1028 copus
286 978 517 1016 moravienfis
534 979 681 1015 salutem
700 979 737 1014 in
756 978 918 1014 Domino
937 978 1186 1026 sempiternam
1201 997 1209 1005 ·
1233 978 1417 1014 Noveritis
1430 979 1584 1015 univerfi
1597 993 1663 1016 nos

164 1038 208 1073 de
235 1038 396 1073 unanimi
423 1037 591 1073 consensu
618 1035 762 1072 confilio
787 1042 823 1072 et
843 1036 1030 1072 voluntate
1050 1036 1190 1072 Decani
1213 1041 1249 1071 et
1270 1036 1415 1084 capituli
1433 1037 1663 1074 moravienfis

165 1096 294 1131 dediffe
319 1100 354 1131 et
376 1093 572 1131 conceffifl'e
590 1100 625 1130 et
644 1095 708 1129 hac
726 1094 878 1142 presenti
897 1099 994 1129 carta
1011 1093 1129 1129 nostra
1147 1093 1366 1130 confirmasse
1385 1094 1567 1131 Willelmo
1589 1096 1663 1131 filio

166 1153 248 1189 Ade
266 1153 330 1188 filii
349 1153 518 1201 Stephani
536 1151 700 1200 burgenfi
718 1153 762 1188 de
782 1153 900 1200 Elgyn
917 1157 1029 1187 totam
1049 1157 1182 1188 terram
1204 1151 1359 1188 nostram
1386 1153 1430 1188 de
1449 1153 1664 1203 Wtyrspyny

165 1211 202 1246 in
219 1211 408 1246 scambium
427 1224 492 1259 pro
507 1215 603 1246 terra
617 1210 661 1246 de
675 1210 708 1246 le
724 1210 916 1257 watford
932 1229 939 1237 ·
955 1221 1021 1256 pro
1035 1215 1131 1245 terra
1145 1210 1188 1245 de
1204 1209 1418 1258 Inuerlothy
1430 1230 1438 1238 ·
1454 1211 1662 1247 molendino

165 1269 209 1304 de
230 1268 440 1317 Inverlothy
465 1287 473 1296 ·
499 1281 566 1316 pro
584 1273 680 1303 terra
702 1268 746 1303 de
768 1267 802 1303 le
824 1267 981 1304 (Diltoun
999 1279 1069 1314 que
1087 1267 1154 1302 fuit
1171 1267 1351 1314 quondam
1373 1267 1522 1304 Andree
1541 1269 1585 1304 de
1606 1269 1663 1304 In-

164 1326 318 1361 verlothi
338 1345 345 1353 ·
371 1339 453 1361 cum
471 1331 549 1361 toto
562 1325 645 1374 jure
664 1325 760 1372 quod
778 1324 901 1360 habuit
919 1324 976 1360 vel
994 1324 1124 1360 habere
1142 1324 1260 1372 potuit
1278 1324 1315 1360 in
1333 1324 1542 1373 supradictis
1560 1327 1663 1362 terris

164 1388 200 1418 et
218 1383 426 1419 molendino
451 1397 533 1419 cum
552 1383 716 1419 omnibus
733 1382 957 1431 pertinentiis
975 1387 1010 1417 et
1029 1382 1136 1417 reffffis
1154 1380 1268 1417 divifis
1292 1382 1359 1417 suis
1384 1402 1392 1410 ·
1417 1384 1610 1419 tenendam
1629 1390 1664 1420 et

163 1440 363 1477 habendam
382 1441 498 1476 eidem
518 1441 699 1476 Willelmo
718 1445 754 1476 et
772 1439 911 1475 duobus
928 1439 1118 1475 heredibus
1144 1439 1212 1474 suis
1238 1439 1282 1475 de
1309 1439 1342 1475 se
1369 1440 1662 1488 provenientibus

163 1511 227 1546 per
241 1499 357 1534 1061335
372 1499 496 1534 divisas
514 1499 589 1534 suas
604 1504 640 1534 et
653 1511 733 1533 cum
750 1497 915 1533 omnibus
926 1496 1028 1546 justis
1045 1497 1268 1545 pertinentiis
1285 1497 1353 1532 suis
1371 1497 1481 1533 libere
1496 1517 1504 1525 ·
1519 1499 1638 1545 quiete
1653 1519 1661 1526 ·

163 1556 321 1603 plenarie
336 1562 372 1592 et
386 1556 582 1592 honorifice
601 1576 609 1583 ·
628 1556 666 1591 in
684 1556 792 1591 moris
811 1575 820 1583 ·
840 1553 991 1590 marefiis
1011 1574 1019 1582 ·
1038 1554 1076 1590 in
1089 1555 1198 1603 pratis
1216 1560 1252 1590 et
1270 1555 1404 1602 pascuis
1423 1574 1431 1583 ·
1452 1555 1490 1590 in
1503 1555 1607 1591 bosco
1626 1562 1661 1591 et

162 1613 270 1661 plano
289 1633 297 1641 ·
327 1614 364 1649 in
382 1613 537 1661 stangnis
555 1619 591 1649 et
609 1613 761 1662 piscariis
780 1632 788 1641 ·
811 1618 847 1648 et
864 1613 902 1648 in
920 1612 1085 1648 omnibus
1102 1612 1178 1647 aliis
1196 1612 1406 1660 asyamentis
1424 1618 1459 1648 et
1477 1613 1663 1649 reetitudi-

160 1670 265 1706 nibus
291 1671 337 1706 ad
363 1672 560 1719 predictam
583 1677 715 1707 terram
734 1671 778 1706 de
797 1670 1038 1719 VVthyrspyny
1054 1669 1315 1718 pertinentibus
1332 1669 1390 1705 vel
1407 1672 1662 1718 quoquomodo

160 1728 340 1776 pertinere
357 1729 557 1764 valentibus
572 1748 580 1756 ·
600 1729 694 1764 salvo
713 1728 815 1764 nobis
832 1727 897 1764 fitu
915 1727 1112 1764 molendini
1130 1727 1226 1775 quod
1245 1732 1394 1763 vocatur
1412 1727 1660 1764 molendinum

161 1785 391 1822 Vicecomitis
403 1786 446 1822 de
454 1786 573 1834 Elgyn
588 1786 690 1835 super
704 1799 830 1833 aquam
845 1786 889 1822 de
898 1785 1028 1833 Loffyn
1042 1804 1049 1813 ·
1063 1784 1248 1820 reddendo
1263 1784 1365 1820 nobis
1378 1785 1462 1829 inde
1476 1786 1660 1821 annuatim

125 1846 127 1848 ’
162 1847 197 1878 et
214 1843 463 1879 successoribus
480 1844 605 1879 nostris
624 1844 694 1892 ipse
713 1850 748 1879 et
766 1844 914 1879 heredes
931 1843 982 1878 sui
1000 1842 1191 1891 supradifiti
1209 1842 1247 1878 in
1264 1847 1342 1878 tota
1358 1843 1433 1879 vita
1451 1856 1576 1879 eorum
1594 1857 1661 1892 pro

162 1901 260 1936 omni
281 1901 423 1937 servitio
443 1921 451 1930 ·
479 1902 668 1938 exactione
688 1921 696 1929 ·
725 1901 980 1937 consuetudine
1005 1906 1040 1936 et
1064 1901 1241 1936 demanda
1257 1913 1367 1936 unam
1386 1901 1513 1936 libram
1531 1901 1662 1950 piperis

161 1958 206 1994 ad
222 1958 348 1995 festum
368 1959 491 1995 Saneti
510 1959 630 2007 Egidii
654 1959 788 1995 abbatis
817 1978 826 1987 ·
856 1964 892 1994 et
916 1958 1105 1994 duodecim
1131 1958 1294 1994 homines
1319 1958 1357 1993 in
1381 1964 1579 2007 autumpno
1598 1972 1661 2007 per

161 2028 273 2052 unum
292 2016 386 2052 diem
405 2017 497 2053 bene
516 2022 691 2053 metentes
710 2036 718 2045 ·
738 2022 773 2052 et
789 2016 953 2052 faciendo
971 2016 1182 2052 forinsecum
1201 2016 1382 2052 servitium
1398 2017 1534 2052 domini
1550 2017 1661 2064 Regis

162 2079 333 2121 quantum
346 2075 503 2123 pertinet
520 2075 565 2110 ad
583 2080 715 2110 terram
733 2074 932 2123 medietam
952 2093 961 2102 ·
980 2079 1016 2110 et
1033 2074 1195 2110 faciendo
1215 2074 1323 2110 modo
1342 2074 1510 2110 consueto
1529 2075 1660 2110 multu-

161 2144 237 2167 ram
254 2132 299 2167 ad
317 2132 564 2168 molendinum
582 2132 740 2168 nostrum
758 2133 802 2168 de
817 2131 977 2181 malathy
990 2132 1094 2181 super
1112 2132 1243 2180 Loffyn
1262 2151 1271 2159 ·
1300 2131 1441 2174 Quibus
1459 2132 1659 2168 decedenti-

161 2188 226 2224 bus
242 2190 407 2225 volumus
424 2196 465 2226 ut
483 2190 645 2239 predicta
666 2196 763 2225 terra
783 2203 864 2225 cum
886 2190 1052 2226 omnibus
1078 2190 1302 2239 pertinentiis
1327 2190 1395 2225 suis
1420 2190 1530 2225 libere
1553 2189 1657 2238 plene

162 2251 198 2281 et
214 2246 351 2295 integre
369 2248 414 2283 ad
426 2247 487 2296 jus
506 2253 542 2284 et
559 2248 813 2296 proprietatem
832 2248 950 2283 mense
968 2248 1171 2296 episcopalis
1189 2246 1418 2285 moraviensis
1436 2247 1558 2283 redeat
1580 2259 1657 2294 per-

162 2308 270 2351 petuo
288 2303 493 2352 poffidenda
512 2325 520 2334 ·
547 2306 592 2341 In
606 2305 708 2354 cujus
726 2306 777 2342 rei
795 2305 1035 2341 testimonium
1048 2319 1122 2341 una
1138 2318 1221 2342 eum
1238 2304 1350 2354 sigillo
1368 2304 1487 2340 nostro
1505 2303 1655 2352 presenti
