2066 2780
569 114 886 150 REGISTRUM
914 114 1275 152 MORAVIENSE.
1622 124 1671 156 53

178 216 254 251 sens
279 214 386 250 fuerit
414 232 422 241 ·
450 213 507 248 vel
533 213 579 248 ad
605 213 780 248 decanum
806 211 830 247 fi
855 212 1048 260 Episcopus
1068 212 1190 248 absens
1207 212 1247 248 fit
1274 232 1282 241 ·
1310 219 1346 249 et
1362 214 1406 250 fic
1424 216 1670 263 ingrediantur

177 273 313 308 stallum
331 271 431 306 suum
459 289 467 297 ·
495 270 544 305 ita
569 275 691 306 tamen
716 270 813 318 quod
839 268 863 304 fi
888 269 1142 304 transeundum
1169 268 1209 305 fit
1228 283 1292 317 per
1315 270 1426 318 ipsum
1445 274 1504 319 qui
1522 274 1669 310 chorum

179 330 270 377 regit
294 327 448 363 transeat
477 328 569 362 inter
597 327 709 375 ipsum
736 333 772 363 et
799 326 936 362 clerum
962 326 1057 361 illius
1084 326 1194 374 partis
1239 346 1247 354 ·
1292 327 1329 362 Si
1355 334 1474 364 autem
1502 343 1545 365 ex
1571 338 1670 379 parte

178 385 390 422 occidentali
407 385 660 432 ingrediuntur
678 385 790 420 statim
809 382 951 432 ingrefli
968 383 1143 419 inclinent
1159 384 1191 419 se
1205 384 1322 432 primo
1340 385 1385 420 ad
1403 386 1513 422 altare
1533 406 1540 415 ·
1555 388 1671 435 postea

176 443 222 479 ad
248 442 450 491 episcopum
476 447 512 478 et
535 442 581 478 ad
605 443 780 478 decanum
825 461 833 469 ·
875 441 978 477 Idem
1006 441 1212 477 observetur
1241 455 1286 477 ex
1312 447 1413 490 parte
1439 444 1634 490 aquilonari
1663 465 1670 473 ·

178 500 309 536 Clerici
327 500 387 535 sub
406 500 471 535 hac
488 500 604 535 forma
624 500 774 536 chorum
798 500 972 534 intrantes
998 498 1154 534 modeste
1178 504 1214 534 et
1241 499 1405 535 ordinate
1430 500 1497 535 sese
1525 501 1561 535 in
1587 502 1672 537 locis

176 557 243 593 suis
266 557 438 605 recipiant
462 577 471 585 ·
490 570 565 593 non
582 557 773 593 insolenter
791 557 922 592 formas
943 555 1178 592 transilientes
1205 576 1213 584 ·
1242 557 1368 592 eodem
1393 558 1501 592 modo
1520 558 1553 593 se
1570 558 1673 594 habe-

175 620 238 650 ant
256 619 426 650 exeuntes
445 634 453 642 ·
476 615 524 650 Et
536 614 561 650 fi
577 627 780 662 quenquam
796 613 997 662 oportuerit
1014 613 1058 648 ab
1075 626 1149 648 una
1165 619 1266 662 parte
1284 614 1384 649 chori
1397 615 1505 662 usque
1519 615 1556 650 in
1569 615 1672 651 aliam

176 671 322 707 transire
344 673 382 707 in
406 677 566 707 extrema
587 677 688 720 parte
713 672 814 707 chori
833 671 953 706 versus
977 670 1152 706 orientem
1170 671 1228 706 vel
1247 671 1469 707 occidentem
1490 672 1673 708 transitum

177 729 281 765 faciet
298 749 307 757 ·
327 735 363 765 et
380 730 417 764 in
436 730 555 765 eundo
575 735 611 765 et
629 729 815 765 redeundo
833 729 878 764 ad
896 728 1008 763 altare
1032 728 1065 763 se
1088 728 1236 763 inclinet
1264 748 1272 756 ·
1299 728 1358 764 sed
1379 729 1422 764 ab
1447 730 1511 764 hac
1535 729 1674 765 necessi-

176 792 249 822 tate
267 787 426 822 re&ores
444 787 544 822 chori
562 787 789 835 excipiuntur
817 806 825 814 -
855 786 900 822 In
918 786 1028 821 choro
1045 785 1187 821 nullum
1205 786 1268 821 fiat
1285 799 1448 822 murmur
1466 800 1487 822 a
1504 787 1638 822 clericis
1665 807 1673 815 ·

177 844 235 880 sed
252 844 395 880 honeste
413 844 446 880 se
465 844 617 880 habeant
634 843 704 880 fine
722 844 819 892 turpi
837 844 906 879 risu
925 848 961 879 et
972 843 1058 891 joco
1078 863 1086 870 ·
1107 848 1142 878 et
1154 856 1268 891 pauca
1285 843 1483 879 habeantur
1497 845 1674 892 colloquia

177 907 213 936 et
231 902 419 937 necessaria
437 907 473 937 et
493 902 628 937 dimiffa
645 915 734 937 voce
761 921 769 930 ·
800 901 883 937 Hoc
902 906 1022 936 autem
1041 900 1089 936 est
1105 901 1365 937 attendendum
1384 902 1481 949 quod
1498 903 1575 950 quis
1594 903 1675 938 cho-

178 972 259 994 rum
273 958 321 994 est
333 959 504 1006 ingressus
519 979 527 987 ·
542 965 583 995 ut
595 959 719 995 Tertie
738 979 747 987 ·
768 959 874 995 Sexte
894 978 901 986 -
921 959 1029 994 None
1044 978 1052 986 ·
1067 958 1125 994 vel
1138 958 1384 1007 Completorio
1400 965 1500 995 extra
1514 960 1675 1002 Quadra-

178 1015 343 1063 gefimam
361 1015 496 1052 interfit
514 1015 575 1064 ipfi
593 1015 663 1052 fine
682 1017 783 1052 causa
804 1022 887 1052 ante
911 1016 1020 1052 finem
1043 1016 1132 1051 hore
1156 1016 1279 1064 egredi
1302 1030 1378 1052 non
1402 1017 1521 1052 licebit
1549 1037 1557 1045 ·
1586 1018 1633 1053 Et
1650 1017 1675 1052 fi

178 1087 261 1109 cum
289 1074 408 1121 aliquo
436 1075 497 1122 qui
524 1087 600 1110 non
625 1074 666 1110 fit
692 1075 736 1110 de
763 1075 873 1110 choro
897 1075 995 1121 loqui
1019 1074 1145 1110 debeat
1171 1075 1217 1110 ad
1240 1075 1459 1122 loquendum
1490 1088 1571 1110 cum
1602 1076 1675 1124 ipso

178 1131 328 1167 chorum
347 1132 552 1179 egrediatur
579 1152 587 1159 ·
617 1132 699 1168 Hec
724 1137 845 1167 autem
871 1130 911 1166 fit
937 1132 1053 1167 forma
1079 1132 1240 1167 omnium
1267 1131 1380 1167 standi
1406 1138 1442 1168 et
1467 1132 1612 1168 sedendi
1637 1133 1674 1168 in

179 1189 288 1224 choro
316 1209 325 1217 ·
353 1202 477 1224 omnes
499 1189 630 1225 debent
646 1189 735 1225 stare
753 1190 798 1224 ad
816 1202 939 1224 omnes
961 1189 1067 1224 horas
1087 1189 1203 1224 tocius
1226 1189 1312 1224 anni
1339 1209 1347 1217 ·
1375 1202 1457 1224 cum
1483 1190 1673 1238 subscripto

178 1252 298 1282 tamen
316 1247 560 1282 moderamine
579 1266 588 1274 ·
607 1247 652 1282 ad
670 1247 831 1294 vesperas
853 1266 861 1274 ·
885 1246 1005 1281 versus
1028 1246 1237 1294 responsorii
1255 1247 1395 1282 canitur
1417 1260 1438 1282 a
1460 1247 1598 1282 duobus
1615 1248 1672 1283 vel

177 1303 338 1351 pluribus
365 1305 485 1340 sedere
513 1304 654 1352 poffunt
678 1304 787 1351 usque
811 1304 857 1339 ad
883 1304 1016 1339 Gloria
1035 1303 1152 1339 Patri
1180 1322 1188 1331 ·
1218 1304 1321 1351 pueri
1346 1309 1467 1339 tamen
1495 1305 1532 1339 in
1559 1305 1674 1352 prima

177 1361 420 1410 reinceptione
446 1362 526 1397 finis
553 1361 761 1410 responsorii
787 1361 937 1409 surgunt
962 1360 1038 1409 post
1060 1361 1200 1396 versum
1224 1366 1405 1396 cantatum
1435 1381 1443 1389 ·
1477 1361 1673 1397 secundarii

177 1417 333 1455 similiter
350 1420 510 1455 restores
533 1419 634 1454 chori
659 1419 697 1454 in
722 1418 813 1454 festis
840 1418 1039 1466 duplicibus
1066 1438 1075 1446 ·
1103 1418 1242 1454 Eodem
1270 1419 1378 1454 modo
1409 1419 1447 1453 in
1476 1418 1674 1454 ebdomada

179 1476 307 1512 Pasche
331 1477 427 1512 sedet
453 1477 582 1512 chorus
607 1477 693 1512 dum
716 1476 835 1512 versus
858 1476 1012 1523 gradalis
1033 1475 1173 1511 canitur
1196 1481 1232 1511 et
1251 1475 1371 1511 versus
1389 1475 1563 1511 Alleluia
1582 1495 1590 1503 ·
1611 1477 1673 1511 Ad

176 1534 368 1569 matutinas
385 1547 526 1582 quoque
544 1534 640 1569 sedet
658 1534 787 1569 chorus
806 1534 892 1569 dum
910 1533 1083 1569 leetiones
1101 1533 1272 1580 leguntur
1296 1538 1331 1568 et
1355 1533 1573 1581 responsoria
1590 1546 1671 1569 cum

175 1591 242 1626 suis
259 1591 414 1627 verfibus
431 1597 622 1627 cantantur
643 1591 752 1638 usque
774 1592 819 1626 ad
849 1591 983 1626 Gloria
1009 1610 1018 1618 ·
1045 1590 1104 1626 vel
1122 1590 1266 1637 quando
1293 1590 1426 1626 Gloria
1444 1603 1519 1625 non
1542 1590 1672 1626 dicitur

175 1649 282 1696 usque
308 1650 354 1684 ad
381 1649 661 1697 reinceptionem
689 1649 898 1696 responsorii
926 1668 934 1675 ·
973 1648 1119 1683 Poffunt
1150 1647 1296 1683 alternis
1322 1647 1459 1683 vicibus
1489 1647 1609 1683 sedere
1635 1649 1672 1683 in

176 1706 274 1741 omni
299 1706 493 1754 psalmodia
518 1712 744 1754 preterquam
772 1707 810 1741 in
837 1705 1036 1753 duplicibus
1061 1704 1153 1741 festis
1184 1724 1192 1732 ·
1224 1705 1275 1740 ita
1300 1705 1430 1740 scilicet
1458 1710 1498 1740 ut
1528 1706 1671 1752 quando

106 1771 108 1773 '
174 1776 268 1799 unus
294 1764 331 1799 in
357 1777 431 1800 uno
459 1764 592 1812 psalmo
617 1764 713 1799 sedet
739 1764 852 1799 socius
878 1763 954 1811 ejus
979 1763 1163 1811 proximus
1189 1761 1254 1798 stet
1281 1781 1289 1789 ·
1318 1767 1354 1798 et
1378 1763 1447 1798 hoc
1473 1763 1569 1799 idem
1594 1763 1673 1799 fieri

174 1821 286 1868 potest
311 1821 349 1856 in
372 1822 565 1870 psalmodia
592 1821 711 1857 Prime
735 1821 878 1868 quando
898 1821 1028 1856 dicitur
1045 1820 1156 1856 Deus
1173 1819 1285 1856 Deus
1310 1832 1416 1856 meus
1437 1825 1503 1856 etc·
1532 1821 1602 1857 Sed
1628 1822 1671 1856 ab

174 1878 235 1914 ista
258 1879 395 1914 alterna
413 1878 556 1915 sellione
575 1879 802 1927 excipiuntur
819 1879 922 1927 pueri
940 1884 975 1914 et
993 1878 1092 1914 chori
1109 1878 1270 1914 re&ores
1297 1897 1305 1905 ·
1332 1878 1394 1925 qui
1411 1878 1449 1913 in
1467 1878 1565 1914 omni
1586 1879 1671 1927 psal-

175 1936 294 1972 modia
306 1936 394 1972 stare
414 1937 546 1973 debent
563 1937 733 1972 continue
761 1956 769 1964 ·
799 1936 862 1972 Ad
879 1936 1013 1972 miffam
1034 1936 1141 1972 etiam
1166 1936 1308 1972 sedetur
1334 1936 1420 1971 dum
1444 1936 1617 1972 leetiones
1635 1942 1670 1973 et

175 1993 316 2041 epistole
347 1995 518 2042 leguntur
550 2014 558 2022 ·
596 2000 632 2030 et
664 1994 807 2042 quando
840 1994 984 2042 gradale
1015 2007 1097 2030 cum
1127 1994 1189 2029 suo
1219 1994 1322 2030 versu
1352 1994 1492 2030 canitur
1526 1995 1668 2042 quando

174 2051 304 2086 chorus
322 2065 397 2087 non
415 2052 552 2100 regitur
571 2071 579 2079 ·
595 2057 631 2087 et
648 2052 694 2087 ad
711 2052 850 2087 versum
868 2050 1050 2099 gradalem
1070 2056 1106 2087 et
1123 2052 1168 2087 ad
1181 2051 1321 2087 versum
1334 2050 1507 2087 Alleluia
1526 2052 1668 2099 quando

174 2108 303 2144 chorus
321 2110 458 2157 regitur
476 2110 603 2145 eodem
621 2109 729 2145 modo
754 2128 762 2137 ·
782 2109 913 2145 Clerici
939 2109 985 2144 ad
1009 2109 1078 2145 hoc
1102 2109 1262 2158 deputati
1280 2109 1325 2144 ad
1342 2109 1493 2156 gradum
1511 2109 1568 2145 vel
1585 2115 1668 2145 ante

173 2165 282 2201 altare
301 2172 446 2202 cantent
463 2167 582 2203 versus
599 2172 733 2203 tractus
750 2167 906 2203 alternos
925 2187 934 2195 ·
952 2168 1038 2203 item
1056 2167 1132 2216 post
1152 2167 1374 2203 offertorium
1395 2167 1502 2214 usque
1525 2167 1571 2201 ad
1588 2167 1668 2202 Per

174 2224 300 2259 omnia
314 2230 350 2260 et
365 2224 440 2272 post
455 2225 621 2262 Sanctus
634 2225 742 2272 usque
755 2225 800 2261 ad
814 2225 910 2261 aliud
922 2225 1001 2261 Per
1016 2226 1143 2261 omnia
1162 2244 1170 2253 ·
1191 2225 1276 2261 dum
1290 2230 1410 2260 tamen
1425 2225 1562 2272 erigant
1580 2223 1612 2259 se
1630 2224 1667 2259 in
