1912 2660
616 169 930 205 REGISTRUM
959 169 1319 207 MORAVIENSE.
1632 178 1699 210 341

224 326 424 364 Conventio
442 325 535 360 inter
552 324 790 372 portionarios
808 324 852 359 de
871 323 1002 359 Duffus
1021 343 1031 351 =

123 433 195 469 263
222 440 399 476 Noverint
424 437 576 475 univerfi
601 438 742 487 presens
764 437 930 485 scriptum
949 438 1054 473 visuri
1072 438 1129 473 vel
1151 438 1308 473 audituri
1330 440 1426 486 quod
1444 453 1539 477 anno
1558 443 1707 480 Domini

221 496 398 535 ‹nillefimo
418 500 493 532 ·cc⁰-
513 495 727 543 octogefimo
745 495 841 531 sexto
861 514 869 523 ·
890 495 946 530 die
964 495 1158 530 Dominica
1175 496 1337 543 proxima
1350 503 1432 532 ante
1448 497 1708 536 Annunciatio-

221 568 303 591 nem
321 554 423 590 beate
438 554 552 591 (Darie
570 553 731 600 Virginis
749 572 757 580 ·
783 553 819 588 in
847 551 988 588 ecclefia
1011 552 1203 588 cathedrali
1232 553 1275 589 de
1304 553 1421 601 Elgyn
1441 573 1449 581 ·
1475 555 1553 590 talis
1579 557 1710 603 questio

223 613 317 647 facta
334 611 400 647 suit
418 611 510 647 inter
529 610 748 646 Willelmum
767 610 811 645 de
830 610 985 645 Fedreth
1003 610 1261 657 portionarium
1281 611 1325 645 de
1343 611 1503 647 Duffhus
1521 619 1556 647 et
1575 613 1713 649 Cristia-

224 682 306 704 nam
321 669 478 717 sponsam
494 668 590 703 suam
610 680 653 703 ex
671 680 743 702 una
759 672 859 715 parte
875 686 883 695 ·
903 673 938 703 et
955 667 1111 702 nobilem
1130 667 1246 702 virum
1266 668 1450 703 dominum
1471 669 1709 717 Reginaldum

224 726 257 761 le
277 726 399 762 Chene
418 726 529 761 filium
548 725 694 762 militem
713 738 756 760 ex
774 724 885 760 altera
899 743 908 752 ·
927 724 1093 760 videlicet
1110 725 1207 771 quod
1225 725 1381 772 prefatus
1400 725 1468 760 ·W-
1490 732 1525 761 et
1539 726 1594 762 ·C·
1610 728 1713 763 dede-

226 789 310 819 runt
329 789 364 819 et
385 783 627 819 concefl'erunt
646 788 681 818 et
699 782 851 831 presenti
869 782 996 830 scripto
1015 782 1317 818 confirmaverunt
1335 782 1470 830 prefato
1489 784 1635 820 domino
1655 785 1712 820 ·R·

225 846 378 888 quatuor
405 841 548 876 davatas
570 846 664 875 terre
691 853 776 887 quas
803 852 899 874 nunc
922 839 1055 875 habent
1073 839 1110 874 in
1129 839 1362 887 Strathnavyr
1381 859 1389 867 ·
1409 853 1448 876 ac
1467 841 1573 876 etiam
1592 855 1714 877 omnes

226 898 311 933 alias
334 903 445 933 terras
470 910 556 945 quas
582 910 794 944 quocunque
817 897 923 932 titulo
948 896 1004 932 vel
1028 910 1071 932 ex
1100 910 1309 944 quacunque
1339 896 1558 934 conceflione
1585 899 1714 935 habere

226 960 396 1003 poterunt
416 955 453 989 in
474 955 595 990 futuro
623 955 659 989 in
684 960 888 990 tenemento
908 954 952 989 de
971 954 1205 1001 Strathnavyr
1223 974 1231 982 ·
1257 955 1428 990 tenendas
1446 961 1481 991 et
1499 956 1676 992 habendas
1695 971 1714 991 a

226 1012 394 1060 predictis
413 1012 482 1046 -w-
501 1017 536 1047 et
551 1012 605 1047 ·C·
622 1017 657 1047 et
671 1011 859 1047 heredibus
876 1011 943 1046 suis
962 1012 1076 1046 eidem
1095 1011 1240 1047 domino
1257 1012 1459 1060 Reginaldo
1477 1019 1513 1049 et
1526 1013 1715 1049 heredibus

227 1070 294 1105 suis
312 1070 562 1118 inperpetuum
579 1082 659 1105 cum
678 1069 841 1104 omnibus
853 1068 993 1117 juribus
1008 1088 1016 1096 ·
1035 1068 1255 1104 libertatibus
1269 1088 1278 1096 ·
1297 1070 1570 1106 rectitudinibus
1585 1090 1593 1098 ·
1612 1070 1716 1119 ayfia-

226 1128 354 1163 mentis
373 1132 407 1162 et
425 1126 648 1175 pertinentiis
663 1126 707 1161 ad
727 1126 839 1161 dictas
853 1126 964 1161 terras
978 1126 1235 1174 pertinentibus
1249 1126 1306 1161 seu
1325 1127 1362 1161 in
1380 1126 1556 1174 posterum
1576 1128 1619 1164 de
1631 1128 1714 1176 jure

227 1185 405 1232 pertinere
423 1183 622 1219 valentibus
640 1184 729 1219 adeo
747 1183 857 1219 libere
875 1202 884 1210 ·
903 1183 1021 1230 quiete
1040 1202 1048 1211 ·
1067 1183 1224 1230 plenarie
1243 1189 1278 1218 et
1296 1184 1490 1220 honorifice
1511 1183 1597 1220 ficut
1618 1192 1715 1220 carta

228 1241 408 1289 originalis
423 1241 518 1277 dicte
537 1247 631 1276 terre
650 1241 693 1276 de
714 1240 946 1288 Strathnavyr
962 1240 1125 1276 confecta
1138 1240 1175 1274 in
1188 1240 1221 1275 se
1235 1240 1373 1288 plenius
1391 1247 1576 1289 proportat
1595 1261 1602 1269 -
1632 1242 1714 1277 Pre-

229 1299 346 1334 dictus
365 1298 530 1334 dominus
549 1298 607 1333 ·R·
627 1303 663 1333 et
680 1298 828 1333 heredes
842 1297 891 1333 sui
905 1310 970 1345 pro
984 1297 1127 1345 prefatis
1140 1297 1208 1331 ·W·
1222 1303 1257 1332 et
1269 1297 1323 1333 ·C·
1339 1303 1374 1334 et
1388 1298 1575 1334 heredibus
1589 1312 1714 1334 eorum

227 1356 356 1391 facient
374 1356 515 1391 tertiam
533 1361 670 1403 partem
689 1355 790 1390 liberi
808 1354 936 1402 servitij
956 1355 1061 1390 unius
1079 1354 1199 1389 militis
1217 1367 1282 1402 pro
1301 1361 1506 1391 tenemento
1524 1356 1620 1403 quod
1638 1369 1716 1404 pre-

227 1414 288 1448 fati
309 1413 376 1448 -w-
397 1418 432 1449 et
450 1413 504 1448 ·C·
530 1419 565 1448 et
583 1413 729 1448 heredes
747 1425 871 1447 eorum
889 1425 986 1448 nunc
1004 1412 1134 1447 habent
1151 1412 1188 1446 in
1209 1411 1356 1447 baronia
1380 1412 1423 1447 de
1442 1412 1601 1448 Duffhus
1620 1419 1655 1449 et
1678 1414 1715 1448 in

227 1471 374 1506 baronia
392 1470 435 1506 de
455 1469 667 1506 Strathbrok
691 1469 747 1505 vel
767 1469 870 1505 etiam
890 1482 1102 1516 quocunque
1128 1469 1234 1504 titulo
1262 1469 1320 1504 seu
1348 1468 1556 1506 succeflione
1582 1470 1619 1505 in
1646 1471 1716 1506 dic-

228 1528 271 1563 t-is
284 1527 438 1563 baroniis
453 1527 496 1563 de
509 1527 668 1562 Duffhus
687 1532 722 1562 et
739 1527 783 1562 de
798 1526 1009 1562 Strathbrok
1027 1526 1155 1562 habere
1173 1531 1344 1574 poterunt
1362 1527 1399 1561 in
1416 1526 1539 1562 futuro
1558 1546 1566 1554 ·
1594 1527 1715 1563 Faciet

228 1586 334 1620 etiam
361 1585 479 1620 dictus
506 1584 577 1619 ·R·=
591 1589 626 1619 et
653 1584 798 1619 heredes
817 1583 867 1619 sui
884 1583 1013 1619 sectam
1035 1584 1081 1618 ad
1098 1584 1232 1619 curiam
1251 1584 1385 1619 domini
1405 1583 1515 1631 Regis
1532 1583 1715 1631 justiciarii

227 1647 262 1677 et
281 1641 499 1678 vicecomitis
523 1647 694 1688 quantum
722 1641 855 1689 spectat
873 1641 917 1675 ad
935 1646 1071 1688 partem
1089 1641 1179 1689 ipsos
1197 1640 1265 1675 ·W·
1286 1646 1321 1676 et
1339 1640 1393 1676 ·C·
1413 1646 1449 1676 et
1466 1641 1614 1676 heredes
1637 1642 1715 1676 suos

226 1699 264 1733 in
286 1704 492 1734 tenemento
518 1698 561 1734 de
584 1698 744 1733 Duffhus
766 1704 801 1733 et
824 1698 867 1733 de
886 1697 1096 1733 Strathbrok
1114 1711 1210 1733 nunc
1228 1698 1494 1745 contingentem
1513 1698 1570 1733 vel
1587 1699 1624 1733 in
1642 1698 1716 1746 pos-

226 1762 343 1791 terum
372 1756 580 1803 contingere
607 1755 784 1791 valentem
809 1774 817 1783 ·
846 1755 895 1790 ita
921 1755 1087 1791 videlicet
1117 1755 1213 1802 quod
1243 1755 1404 1790 homines
1435 1755 1613 1791 dictorum
1645 1756 1714 1789 -ΧΥ-

227 1819 262 1849 et
282 1813 336 1849 ·C·
356 1820 391 1849 et
408 1813 580 1848 heredum
598 1813 740 1848 suorum
756 1812 899 1848 venient
917 1812 961 1847 ad
979 1812 1130 1860 prefatas
1148 1812 1262 1847 curias
1285 1817 1321 1847 et
1343 1812 1543 1848 intererunt
1568 1818 1603 1848 et
1625 1812 1714 1849 testi-

227 1870 386 1906 monium
406 1870 449 1906 de
468 1870 564 1905 dicta
584 1870 678 1905 secta
698 1882 763 1917 pro
781 1869 887 1905 tertia
904 1875 1003 1917 parte
1022 1869 1110 1917 ipsos
1128 1869 1357 1917 contingente
1382 1869 1419 1904 in
1445 1875 1650 1905 tenemento
1669 1871 1713 1905 de

228 1927 388 1963 Duffhus
406 1933 442 1963 et
467 1927 511 1963 de
530 1926 719 1963 Strathrok
742 1926 978 1975 perhibebunt
992 1946 1000 1954 ·
1031 1926 1113 1962 Hoc
1139 1926 1245 1962 etiam
1270 1926 1411 1974 adjecito
1434 1927 1531 1974 quod
1554 1927 1713 1963 homines

228 1992 264 2021 et
291 1990 452 2020 tenentes
483 1984 662 2020 dictorum
688 1983 757 2018 -w-
777 1989 813 2019 et
837 1983 891 2019 ·C·
919 1990 955 2019 et
982 1984 1153 2020 heredum
1171 1983 1313 2019 suorum
1339 1983 1469 2019 facient
1488 1984 1711 2020 Scoticanum

227 2042 405 2078 servitium
425 2041 725 2089 quotienscunque
743 2040 943 2089 hujusmodi
961 2040 1140 2077 servitium
1157 2041 1348 2089 contigerit
1365 2041 1458 2088 exigi
1475 2041 1534 2077 vel
1547 2041 1688 2089 prestari
1705 2061 1713 2068 -

229 2099 340 2135 Salvis
367 2099 472 2135 etiam
498 2099 642 2147 prefatis
669 2098 738 2133 -w-
766 2103 802 2133 et
824 2097 878 2133 ·C-
905 2104 940 2134 et
965 2111 1089 2134 eorum
1113 2098 1301 2134 heredibus
1327 2098 1490 2133 omnibus
1510 2098 1650 2146 juribus
1678 2104 1712 2133 et

228 2156 448 2192 libertatibus
477 2156 522 2191 ad
551 2156 663 2191 dictas
691 2156 778 2190 duas
803 2155 967 2191 baronias
993 2156 1037 2191 de
1062 2155 1221 2191 Duffhus
1248 2161 1283 2191 et
1309 2155 1353 2191 de
1377 2155 1587 2191 Strathbrok
1608 2155 1713 2202 perti-

228 2213 392 2249 nentibus
414 2227 479 2262 pro
503 2220 603 2262 parte
631 2213 718 2261 ipsos
744 2225 841 2248 nunc
867 2212 1096 2261 contingente
1119 2213 1178 2249 seu
1200 2225 1412 2260 quocunque
1434 2212 1541 2247 modo
1564 2212 1652 2259 ipsos
1675 2212 1712 2246 in

228 2269 402 2317 posterum
428 2271 635 2318 contingere
659 2270 799 2306 valente
815 2289 822 2298 ·
852 2270 899 2306 Et
922 2275 963 2305 ut
989 2270 1109 2306 omnia
1134 2275 1170 2307 et
1195 2268 1330 2318 fingula
1346 2269 1507 2317 predicta
1523 2269 1624 2304 firma
1641 2281 1711 2303 ma-
