2060 2660
341 189 388 226 7‘2
734 183 841 219 REG
847 181 1047 219 ISTRUM
1076 177 1436 216 MORAVIENSE.

340 339 573 375 Confirmatio
591 340 820 375 canoniarum
841 338 944 373 Petin
963 357 971 365 ·
991 335 1155 372 Bracholi
1174 354 1182 362 ·
1203 332 1407 368 Butrothen
1426 350 1434 359 ·
1454 338 1490 367 et
1511 333 1556 369 de
1576 333 1798 371 Abirlochur
1817 355 1826 363 ·

262 446 309 488 67
339 454 525 491 Honorius
546 455 724 502 episcopus
746 454 862 489 servus
880 452 1059 487 servorum
1079 449 1149 484 Dei
1167 446 1361 483 venerabili
1384 446 1485 482 fratri
1503 449 1716 485 moraviensi
1741 451 1824 499 epis.

244 1648 289 1684 68

335 525 425 560 copo
453 512 598 548 salutem
625 517 660 547 et
685 510 907 559 apostolicam
931 506 1216 544 benedietionem
1247 524 1255 532 ·
1283 503 1390 541 Justis
1418 505 1616 552 petentium
1646 506 1824 544 desideriis

335 570 482 617 dignum
501 569 547 605 est
566 569 666 604 nobis
683 568 820 603 facilem
837 566 983 615 prebere
1004 562 1208 600 consensum
1228 568 1263 598 et
1280 567 1365 597 vota
1382 575 1451 609 que
1469 575 1490 597 a
1507 563 1650 599 tramite
1674 565 1822 600 rationis

334 639 407 662 non
426 626 625 662 discordant
643 626 770 661 effe&u
788 624 1018 672 prosequente
1040 620 1220 668 complere
1239 639 1247 647 ·
1272 619 1366 654 Cum
1385 619 1495 665 igitur
1513 618 1654 656 ecclefie
1676 627 1738 657 tue
1756 623 1823 658 uti-

333 684 431 719 litate
454 683 595 732 pensata
624 703 631 710 ·
660 683 703 718 de
731 682 874 717 decimis
901 680 995 715 bladi
1023 678 1187 713 villarum
1214 676 1438 724 quarundam
1465 695 1473 704 ·
1493 677 1659 713 videlicet
1679 678 1793 727 Petyn
1813 700 1821 707 ·

333 740 525 776 Brocholin
553 760 561 768 ·
583 740 785 787 Butruthyn
805 758 813 766 -
833 738 1037 785 Abyrlouer
1057 755 1064 763 ·
1085 736 1171 770 duas
1193 733 1416 769 canonicales
1441 734 1639 782 prebendas
1667 755 1675 763 ·
1703 737 1748 772 de
1773 737 1822 772 as.

330 797 426 833 sensu
445 798 587 846 capituli
605 798 656 833 tui
675 803 710 832 et
727 796 866 844 patroni
885 795 1049 830 villarum
1068 792 1219 840 ipsarum
1249 810 1257 819 ·
1281 791 1364 839 jure
1388 797 1509 827 tamen
1533 797 1743 840 patronatus
1761 793 1820 830 fibi

330 856 366 891 in
385 855 451 890 illis
470 861 504 891 et
522 855 588 890 suis
606 854 850 890 successoribus
868 852 1042 888 reservato
1062 869 1070 878 ·
1090 849 1239 898 provida
1254 849 1510 885 deliberatione
1525 850 1698 886 duxeritis
1716 851 1819 887 statu-

329 913 436 947 endas
463 932 471 940 ·
500 926 563 947 nos
581 912 649 947 tuis
667 911 826 959 precibus
844 909 1001 945 inclinati
1020 907 1187 942 statutum
1212 906 1413 955 hujusmodi
1438 905 1525 942 ficut
1548 906 1619 943 fine
1643 910 1818 956 pravitate

327 970 383 1018 pie
402 982 441 1004 ac
456 969 602 1017 provide
616 969 747 1003 faustum
768 967 813 1002 est
833 987 841 994 ·
858 965 1052 1002 dummodo
1071 965 1107 999 in
1120 964 1212 1012 juris
1226 964 1332 999 alieni
1347 964 1583 1012 prejudicium
1599 978 1673 1000 non
1688 967 1817 1002 redun-

327 1027 387 1062 det
416 1046 424 1054 ·
459 1026 670 1061 austeritate
701 1024 887 1073 apostolica
916 1023 1168 1058 confirmamus
1203 1027 1238 1057 et
1265 1021 1434 1069 presentis
1468 1021 1586 1070 scripti
1618 1024 1816 1070 patrocinio

326 1084 584 1118 communimus
604 1102 611 1110 ·
630 1082 731 1117 Nulli
758 1095 843 1129 ergo
871 1081 1017 1116 omnino
1046 1080 1231 1114 hominum
1258 1079 1363 1115 liceat
1389 1079 1480 1115 hanc
1506 1080 1672 1127 paginam
1700 1081 1815 1117 nostre

324 1140 600 1176 confirmationis
619 1140 809 1186 infringere
828 1139 885 1174 vel
904 1138 935 1173 ei
953 1137 1037 1173 ausu
1059 1137 1249 1172 temerario
1278 1137 1456 1172 contraire
1488 1156 1496 1164 ·
1527 1137 1562 1172 Si
1590 1137 1668 1184 quis
1695 1144 1812 1175 autem

323 1199 389 1232 hoc
408 1202 616 1244 attemptare
631 1197 874 1244 presumpserit
889 1214 897 1223 ·
913 1194 1195 1242 indignationem
1213 1194 1468 1242 omnipotentis
1483 1194 1554 1229 Dei
1575 1200 1610 1230 et
1628 1195 1813 1232 beatorum

323 1254 417 1290 Petri
436 1259 471 1289 et
491 1253 590 1288 Pauli
608 1252 843 1301 apostolorum
863 1252 938 1301 ejus
959 1252 991 1287 se
1013 1252 1155 1287 noverit
1178 1252 1401 1287 incursurum
1431 1271 1438 1279 ·
1471 1252 1607 1287 Datum
1629 1252 1784 1289 Lateran
1804 1275 1811 1282 ·

322 1312 390 1346 -xii-
413 1310 590 1345 Kalendas
610 1311 694 1346 maii
716 1329 723 1338 ·
743 1310 969 1358 pontificatus
987 1309 1094 1345 nostri
1114 1322 1209 1344 anno
1228 1309 1312 1344 ·viii·

320 1483 502 1520 Concellio
523 1483 670 1518 Andree
694 1482 844 1530 episcopi
866 1483 967 1530 super
989 1481 1178 1530 prebendis
1197 1482 1241 1517 de
1268 1481 1439 1529 Kyngusy
1458 1487 1493 1516 et
1514 1481 1625 1517 Inche
1643 1495 1684 1518 ac
1703 1483 1808 1519 etiam

321 1541 441 1588 Croyn
461 1548 494 1576 et
514 1541 655 1588 Lunyn.

321 1655 364 1691 In
383 1656 526 1690 nomine
547 1655 659 1689 Patris
677 1660 711 1689 et
731 1655 809 1690 Filii
828 1661 863 1690 et
882 1655 1031 1703 Spiritus
1050 1655 1173 1691 Sancti
1191 1667 1296 1690 amen
1328 1674 1336 1681 ·
1369 1655 1446 1702 Ego
1467 1654 1634 1689 Andreas
1653 1657 1807 1692 moravi.

319 1711 405 1748 ensis
423 1712 601 1760 episcopus
619 1725 681 1759 per
700 1712 900 1747 consensum
921 1713 1064 1760 capituli
1083 1711 1313 1749 (Doravienfis
1329 1731 1337 1740 ·
1352 1712 1397 1747 ad
1411 1711 1654 1759 ampliandum
1670 1712 1806 1748 cultum

319 1770 477 1805 divinum
498 1770 533 1803 in
552 1767 692 1804 ecclelia
709 1769 824 1804 nostra
842 1770 1032 1805 cathedrali
1050 1770 1180 1806 scilicet
1199 1768 1342 1805 ecclefia
1358 1770 1489 1805 San6te
1505 1769 1693 1805 Trinitatis
1711 1772 1805 1818 apud

319 1827 437 1874 Elgyn
457 1846 464 1854 ·
489 1826 661 1861 constituo
689 1826 774 1861 duas
801 1827 995 1874 prebendas
1022 1834 1057 1863 et
1084 1841 1141 1863 eas
1168 1827 1284 1863 eidem
1309 1826 1451 1863 ecclesie
1478 1825 1610 1874 affigno
1631 1833 1805 1876 perpetuo

314 1885 395 1932 jure
413 1884 589 1919 habendas
607 1884 644 1918 in
662 1884 856 1931 prebendas
880 1883 947 1920 five
971 1886 1137 1920 canonias
1164 1890 1199 1921 et
1225 1883 1446 1933 poffidendas
1476 1904 1483 1912 ·
1511 1897 1621 1920 unam
1638 1885 1805 1922 videlicet

318 1942 361 1977 de
380 1940 528 1976 ecclesiis
546 1941 589 1975 de
611 1941 769 1989 Kingusy
788 1947 822 1977 et
841 1942 896 1976 del
918 1942 1026 1978 Inche
1045 1956 1127 1978 cum
1146 1941 1270 1978 manfis
1288 1943 1356 1978 suis
1381 1962 1388 1970 ·
1415 1948 1451 1978 et
1468 1942 1572 1977 aliam
1592 1942 1636 1977 de
1654 1942 1804 1979 ecclesiis

317 1999 361 2035 de
380 1998 501 2046 Croyn
521 2004 555 2033 et
574 1998 617 2033 de
637 1998 767 2046 Lunyn
791 2012 870 2034 cum
895 1999 1018 2034 manfis
1039 2001 1105 2035 suis
1124 2020 1132 2028 ·
1151 2014 1258 2048 quam
1276 2000 1360 2036 volo
1378 2005 1419 2036 ut
1437 2000 1497 2035 ille
1515 1999 1642 2035 habeat
1659 2000 1718 2047 qui
1737 2013 1803 2048 pro

316 2061 476 2103 tempore
495 2056 530 2090 in
550 2054 689 2090 ec‹·les1a
707 2056 898 2091 cathedrali
912 2057 1061 2092 vicarius
1076 2071 1175 2093 meus
1189 2058 1347 2094 extiterit
1366 2078 1374 2086 ·
1394 2064 1430 2093 et
1448 2057 1641 2093 canonicus
1658 2056 1699 2092 fit
1716 2057 1802 2106 ejus-

316 2113 395 2147 dem
416 2111 555 2148 ecclesie
570 2132 578 2139 ·
599 2112 817 2148 residentiam
836 2113 993 2149 facturus
1012 2115 1047 2149 in
1066 2116 1188 2151 eadem
1207 2121 1375 2163 tanquam
1394 2115 1547 2150 vicarius
1565 2127 1664 2150 meus
1679 2133 1687 2142 ·
1703 2121 1739 2150 et
1757 2116 1801 2150 de

315 2170 383 2204 alio
403 2170 533 2205 vicario
556 2170 770 2205 inveniendo
795 2183 867 2205 non
894 2172 1094 2207 onerandus
1116 2173 1198 2208 licet
1220 2174 1413 2208 canonicus
1436 2172 1543 2208 suerit
1570 2191 1577 2199 ·
1606 2185 1662 2207 me
1680 2177 1798 2208 autem

314 2227 357 2261 dc
377 2227 589 2262 inveniendo
607 2227 739 2261 vicario
758 2227 827 2262 alio
847 2229 1051 2263 exonerabit
1066 2249 1073 2256 ·
1087 2229 1183 2265 Volo
1198 2236 1317 2266 autem
1336 2230 1510 2266 constituo
1528 2235 1564 2264 et
1582 2229 1741 2264 concedo
1759 2237 1799 2265 ut

314 2284 471 2331 predi&e
490 2282 628 2319 ecclesie
647 2282 711 2319 smt
729 2285 959 2332 prebendales
978 2306 985 2314 ·
1001 2292 1035 2321 et
1054 2287 1254 2334 quicunque
1269 2288 1465 2336 prebendas
1478 2286 1553 2335 jam
1569 2286 1681 2321 dictas
1695 2300 1799 2322 cano-
