2066 2780
568 142 887 178 REGISTRUM
915 141 1277 180 MORAVIENSE.
1622 152 1670 189 47

179 249 350 297 synodum
384 254 504 284 tamen
542 247 800 296 provincialem
835 253 872 283 et
905 247 951 282 ad
985 260 1142 283 annuam
1176 248 1430 296 processionem
1460 252 1498 286 in
1527 251 1669 288 ecclefia

178 306 369 342 cathedrali
398 306 596 341 faciendam
621 305 728 341 iidem
757 304 930 353 capellani
954 305 1123 340 accedere
1153 305 1284 340 debent
1312 325 1321 334 ·
1350 307 1393 342 de
1423 308 1522 344 nulla
1547 315 1668 346 tamen

177 362 277 398 causa
293 375 419 398 eorum
437 363 474 398 in
493 363 615 398 eadem
635 363 768 411 synodo
788 361 1052 410 respondebunt
1070 381 1078 390 ·
1097 360 1161 397 nifi
1178 362 1223 397 ad
1242 362 1454 411 Episcopum
1472 378 1535 412 per
1553 366 1668 414 appel-

176 419 344 455 lationem
358 420 465 456 fuerit
483 421 600 456 delata
624 439 633 447 ·
657 420 782 455 Preter
800 420 865 454 hec
883 419 944 454 sub
962 418 1098 454 filentio
1117 432 1192 454 non
1211 420 1377 455 duximus
1391 423 1668 468 pretereundum

174 477 271 524 quod
289 478 462 513 canonico
482 476 623 513 ecclefie
642 477 758 513 nostre
775 477 947 512 defuneto
965 477 1075 512 annui
1094 477 1254 512 redditus
1271 477 1451 525 prebende
1468 479 1527 514 sue
1542 479 1669 515 deben-

174 539 235 569 tur
252 534 392 582 integre
410 540 446 570 et
464 535 621 583 plenarie
638 554 646 562 ·
662 547 758 570 anno
772 547 917 569 currere
930 534 1121 581 incipiente
1140 547 1161 569 a
1179 534 1235 569 die
1255 534 1371 569 obitus
1389 535 1439 570 sui
1457 549 1668 583 quocunque

173 592 258 626 anni
272 597 432 640 tempore
447 592 483 627 in
497 592 569 627 fata
582 591 787 628 concefferit
802 611 810 619 -
826 591 873 626 ita
887 596 1008 626 tamen
1023 590 1106 639 [ut]
1121 590 1145 626 fi
1159 591 1308 627 existens
1322 593 1514 628 canonicus
1528 593 1667 629 ecclefie

174 647 289 684 nostre
303 649 397 684 diem
416 650 579 685 clauserit
596 654 798 685 extremum
817 668 825 676 ·
842 648 999 684 fimiliter
1017 654 1052 683 et
1067 648 1224 696 ejusdem
1242 650 1327 684 anni
1345 663 1572 685 communam
1590 664 1668 698 per-

173 706 279 754 cipiet
293 707 330 741 in
343 707 418 754 pias
429 707 547 742 causas
560 720 626 755 pro
639 706 714 756 ejus
728 706 846 741 anima
858 706 1129 754 expendendam
1143 725 1150 733 -
1162 704 1306 753 singulis
1319 719 1405 742 vero
1424 708 1525 742 annis
1538 708 1576 742 in
1590 721 1666 756 per-

173 769 320 811 petuum
343 764 582 800 anniversario
601 765 657 800 die
676 764 794 799 obitus
817 763 868 799 sui
886 763 980 798 illius
998 763 1068 799 diei
1086 776 1314 798 communam
1333 765 1503 812 percipiet
1530 785 1538 792 ·
1567 765 1666 807 Quo-

172 820 258 856 libet
282 826 401 857 autem
426 821 598 857 canonico
624 821 796 857 defuncto
819 821 973 856 decanus
992 826 1027 856 et
1045 821 1241 868 capitulum
1259 820 1499 869 poffessionein
1518 828 1553 858 et
1570 821 1665 871 seyfi-

173 891 255 914 nam
278 878 382 927 ipfius
399 880 556 915 vacantis
574 880 754 929 prebende
772 879 986 915 auctoritate
1004 879 1226 914 nanciscetur
1246 898 1254 906 ·
1276 879 1437 927 episcopo
1456 885 1573 928 partes
1590 881 1665 916 suas

172 949 247 971 non
260 937 510 985 interponente
524 938 562 972 in
575 938 694 985 aliquo
713 936 776 972 nifi
793 937 831 972 in
849 936 921 972 sola
937 936 1117 984 prebende
1131 936 1322 972 collatione
1335 956 1343 964 ·
1359 937 1528 973 Similiter
1545 937 1570 973 fi
1582 951 1665 974 con-

171 993 293 1041 tigerit
310 994 462 1041 aliquem
481 995 692 1030 canonicum
715 1007 780 1043 pro
804 994 865 1030 suo
890 994 1027 1030 excefl'u
1049 994 1094 1029 ad
1118 999 1257 1042 tempus
1283 993 1459 1030 fructibus
1484 996 1664 1043 prebende

172 1050 230 1086 sue
248 1051 380 1099 privari
399 1071 407 1080 ·
427 1052 484 1088 vel
502 1065 523 1088 a
539 1053 767 1100 perceptione
789 1065 912 1088 earum
930 1051 1091 1100 suspendi
1106 1070 1114 1079 ·
1133 1051 1314 1099 prebenda
1331 1051 1425 1087 illius
1443 1065 1525 1088 cum
1542 1053 1665 1089 fructi-

172 1108 237 1143 bus
255 1107 358 1156 ipsius
376 1109 521 1145 interim
539 1110 577 1145 in
595 1109 751 1145 custodia
769 1109 893 1144 decani
912 1109 979 1144 erit
997 1113 1033 1144 et
1050 1109 1196 1156 capituli
1224 1128 1233 1136 -
1263 1109 1377 1145 donec
1394 1120 1458 1157 per
1476 1122 1666 1146 commune

171 1164 355 1201 confilium
382 1166 526 1214 capituli
548 1167 633 1214 quid
660 1167 704 1203 de
731 1166 860 1202 eisdem
886 1166 1061 1201 fruetibus
1084 1166 1162 1201 fieri
1185 1166 1311 1202 debeat
1331 1166 1510 1214 provisum
1527 1167 1636 1204 fuerit
1655 1188 1662 1196 ·

174 1222 255 1258 Hiis
273 1229 391 1258 autem
410 1237 479 1270 que
498 1224 542 1259 de
561 1223 795 1259 installatione
814 1228 849 1259 et
867 1229 1020 1271 quatuor
1040 1223 1269 1271 personarum
1287 1224 1545 1271 preeminentia
1562 1225 1664 1274 supra

171 1281 529 1316 commemoravimus
553 1281 793 1329 adjiciendum
814 1280 1037 1316 decrevimus
1054 1280 1151 1327 quod
1169 1280 1323 1316 decanus
1340 1280 1378 1315 in
1395 1281 1546 1317 introitu
1564 1283 1663 1318 chori

170 1350 191 1371 a
209 1337 342 1373 dextris
364 1338 519 1386 primum
546 1338 683 1373 stallum
711 1339 848 1386 optinet
867 1357 875 1365 ·
894 1337 1125 1373 cancellarius
1142 1337 1309 1372 ultimum
1334 1357 1342 1365 ·
1365 1351 1386 1373 a
1410 1337 1550 1374 finistris
1575 1353 1661 1376 vero

170 1400 296 1430 cantor
322 1395 477 1443 primum
504 1401 540 1431 et
565 1395 803 1431 thesaurarius
827 1395 995 1430 ultimum
1019 1408 1064 1429 ex
1085 1393 1243 1442 opposito
1266 1395 1476 1431 cancellario
1495 1416 1503 1424 ·
1525 1396 1662 1433 Sufficit

170 1457 290 1487 autem
312 1453 358 1488 ad
380 1453 611 1501 optinendam
630 1453 847 1501 prebendam
868 1472 875 1480 ·
894 1451 963 1487 five
986 1465 1107 1487 curam
1126 1452 1324 1487 animarum
1342 1452 1470 1488 habeat
1487 1467 1663 1490 annexam

170 1508 238 1544 five
256 1522 330 1545 non
350 1529 358 1537 ·
378 1509 549 1546 institutio
567 1508 713 1558 capituli
733 1530 741 1538 -
760 1510 973 1558 precedente
992 1507 1212 1545 conceffione
1230 1509 1382 1558 episcopi
1400 1511 1572 1546 canonica
1590 1531 1598 1539 -
1616 1512 1660 1549 In

170 1566 416 1602 malefactores
435 1568 599 1615 equidem
614 1567 671 1603 vel
690 1568 867 1602 invasores
885 1567 1145 1615 prebendarum
1164 1566 1362 1602 nostrarum
1380 1567 1438 1603 vel
1456 1568 1661 1616 dereptores

168 1622 415 1671 pofl'essionum
437 1624 634 1660 nostrarum
658 1625 814 1660 decanus
840 1630 875 1659 et
898 1624 1073 1672 capitulus
1096 1623 1157 1659 sua
1174 1624 1387 1660 auetoritate
1405 1626 1609 1672 generalem
1627 1633 1662 1662 et

168 1680 351 1729 specialem
369 1681 462 1717 ferre
480 1682 621 1730 pofl'unt
639 1682 849 1717 sententiam
868 1701 876 1709 ·
895 1680 920 1716 fi
938 1681 1146 1717 commoniti
1164 1681 1271 1716 iidem
1289 1681 1555 1729 transgressores
1572 1683 1661 1720 satis-

108 1772 110 1774 .
167 1738 282 1774 facere
306 1738 490 1774 noluerint
513 1744 757 1787 competenter
786 1759 794 1767 ·
817 1739 898 1774 Hiis
923 1739 1033 1787 igitur
1058 1737 1119 1774 sub
1145 1738 1319 1774 brevitate
1344 1738 1444 1775 vobis
1470 1740 1660 1778 notificatis

167 1794 315 1831 vestram
334 1796 502 1831 nolumus
519 1796 630 1832 latere
649 1796 896 1832 discretionem
919 1795 1016 1844 quod
1038 1809 1082 1832 ex
1105 1795 1214 1843 longa
1236 1795 1490 1833 consuetudine
1518 1817 1526 1826 ·
1554 1804 1591 1834 et
1616 1812 1660 1835 ex

166 1853 359 1901 privilegiis
377 1853 595 1890 summorum
614 1854 824 1902 pontificum
842 1859 878 1890 et
896 1867 940 1889 ex
963 1851 1183 1889 conceffione
1206 1853 1450 1902 episcoporum
1473 1855 1511 1890 in
1533 1855 1659 1905 scripta

167 1910 320 1946 redactis
339 1931 347 1938 ·
366 1911 487 1947 multis
510 1911 586 1947 aliis
611 1911 834 1947 libertatibus
851 1917 888 1947 et
905 1911 1187 1946 immunitatibus
1203 1910 1359 1947 nostram
1375 1912 1532 1959 gaudere
1551 1913 1659 1950 eccle-

167 1965 248 2002 siam
267 1987 276 1996 ·
295 1981 339 2004 ex
357 1968 484 2016 quibus
501 1968 636 2017 scriptis
652 1969 699 2004 ad
715 1968 914 2004 instantiam
932 1973 968 2004 et
985 1968 1276 2017 supplicationem
1294 1968 1372 2017 sepe
1390 1970 1658 2007 nominatorum

166 2025 380 2061 nunciorum
410 2025 607 2062 vestrorum
637 2025 819 2075 cujusdam
849 2025 1129 2062 confirmationis
1158 2031 1195 2062 et
1225 2025 1404 2075 cujusdam
1436 2027 1658 2076 indulgentie

166 2082 376 2118 venerabilis
394 2084 565 2119 memorie
585 2083 786 2119 Alexandri
804 2083 899 2132 Pape
926 2102 935 2112 ·
962 2088 999 2119 et
1023 2083 1248 2131 quarundam
1270 2089 1446 2120 cartarum
1469 2084 1563 2121 bone
1586 2099 1657 2122 me-

166 2139 278 2175 morie
298 2140 448 2176 Roberti
467 2159 476 2169 ·
498 2140 667 2189 Hugonis
690 2141 797 2190 primi
821 2145 857 2177 et
874 2140 1046 2176 Willelmi
1070 2141 1315 2190 episcoporum
1333 2141 1534 2178 nostrorum
1551 2145 1659 2179 trans-

166 2195 291 2244 scripta
316 2216 325 2225 ·
354 2197 454 2233 vobis
480 2198 590 2234 verbo
616 2198 662 2234 ad
688 2198 837 2234 verbum
862 2197 1131 2235 transmittimus
1157 2218 1167 2228 ·
1192 2198 1256 2235 Ad
1277 2199 1522 2248 premissorum
1547 2200 1656 2248 igitur

164 2253 270 2289 fidem
295 2259 331 2290 et
358 2255 590 2292 indubitabile
615 2255 855 2292 testimonium
878 2261 951 2292 tam
968 2255 1121 2305 presenti
1139 2256 1268 2305 scripto
1285 2270 1391 2304 quam
1413 2257 1653 2305 predictarum
