2060 2660
218 1608 287 1640 ηρ

330 186 398 224 160
718 186 1033 225 REGISTRUM
1061 186 1426 225 MORAVIENSE.

325 300 388 334 per
411 300 601 336 corporum
624 287 766 323 suorum
786 288 986 336 captionem
1006 293 1042 322 et
1059 286 1376 322 incarcerationem
1395 304 1404 313 ·
1423 285 1570 321 nomine
1587 285 1707 322 nostro
1725 287 1826 335 regio

323 350 359 380 et
386 346 601 381 auctoritate
626 345 732 394 hujus
758 345 864 381 nostri
892 345 1022 380 indulti
1048 357 1156 392 penes
1174 343 1434 380 moraviensem
1453 341 1631 378 ecclefiam
1650 350 1824 393 perpetuo

323 403 517 438 remansuri
530 423 538 432 ·
551 403 768 452 compellant
781 409 817 439 et
831 403 1041 449 distringant
1055 421 1064 429 ·
1091 401 1201 443 Quod
1219 400 1243 435 si
1261 400 1386 447 aliquis
1401 398 1585 447 requisitus
1598 401 1648 437 ita
1660 403 1824 450 pertinax

322 460 429 496 suerit
447 466 482 497 et
500 461 640 497 rebellis
654 462 750 509 quod
769 461 830 496 ista
847 460 938 495 nolit
953 459 1079 506 exequi
1094 471 1175 493 cum
1190 458 1320 492 effectu
1334 476 1342 485 ·
1358 457 1486 493 habeat
1499 458 1710 495 venerabilis
1723 466 1824 508 pater

322 517 551 555 moraviensis
579 519 760 567 episcopus
787 518 847 565 qui
876 530 941 565 pro
968 522 1129 563 tempore
1155 515 1263 550 fuerit
1289 533 1297 542 ·
1328 519 1364 550 et
1387 514 1466 550 sede
1487 522 1636 552 vacante
1658 517 1715 553 vel
1740 518 1824 566 epis-

321 589 411 624 copo
430 577 466 612 in
485 577 631 612 remotis
648 581 776 624 agente
798 575 855 610 vel
878 573 1083 621 negligente
1110 572 1266 608 decanus
1293 577 1329 608 et
1355 569 1551 620 capitulum
1571 593 1579 602 ·
1604 575 1663 610 vel
1687 575 1823 611 decano

320 633 461 670 absente
479 634 640 670 canonici
653 634 712 681 qui
731 633 909 682 presentes
922 631 1056 666 fuerint
1071 650 1079 658 ·
1095 635 1223 665 contra
1236 629 1343 665 talem
1359 630 1417 665 vel
1430 630 1517 666 tales
1531 632 1750 669 recusantem
1766 634 1823 669 vel

320 692 519 727 recusantes
542 692 739 740 predi6tam
764 690 1013 726 executionem
1036 688 1153 723 facere
1177 700 1242 735 per
1270 701 1413 723 omnem
1443 689 1626 725 censuram
1654 690 1824 727 ecclefias-

319 750 424 785 ticam
443 750 638 798 procedere
653 769 661 777 ·
686 755 721 784 et
745 747 997 783 nichilominus
1023 750 1211 781 recurrant
1237 746 1281 781 ad
1309 745 1484 783 ministros
1510 748 1628 795 regios
1654 748 1742 784 alios
1766 750 1821 785 vel

319 807 440 842 fideles
458 808 518 855 qui
536 807 750 842 auctoritate
768 805 873 854 hujus
890 803 1048 840 mandati
1067 803 1175 838 nostri
1199 804 1363 850 predi&a
1384 805 1506 840 omnia
1525 806 1679 842 fideliter
1697 812 1732 843 et
1750 807 1822 842 effi-

318 866 447 900 caciter
474 870 695 912 exequantur
721 883 729 892 ·
760 863 807 898 Et
830 863 912 898 licet
935 861 1117 910 episcopus
1139 860 1370 898 moraviensis
1392 875 1436 898 ex
1454 863 1634 899 ordinaria
1651 864 1821 912 potestate

317 921 418 970 poffit
445 928 571 958 contra
597 935 720 957 omnes
744 926 779 956 et
805 919 959 967 singulos
977 919 1218 954 subtraaores
1235 919 1442 955 salariorum
1468 940 1477 949 ·
1505 921 1711 958 detentores
1730 923 1821 959 deci-

317 993 455 1016 inarum
475 999 483 1009 ·
511 980 738 1028 impeditores
766 978 1019 1014 meremiorum
1039 996 1047 1005 ·
1076 982 1112 1012 et
1136 976 1406 1014 elemofinarum
1435 984 1668 1027 occupatores
1692 985 1728 1015 et
1754 980 1821 1016 hoc

317 1038 523 1073 mandatum
551 1037 707 1072 nostrum
734 1036 860 1083 exequi
887 1035 1090 1071 recusantes
1114 1035 1310 1083 procedere
1333 1055 1341 1064 ·
1368 1041 1489 1072 tamen
1515 1042 1557 1072 ut
1582 1037 1618 1072 id
1646 1037 1822 1073 efficacius

316 1096 420 1131 faciat
434 1096 549 1131 eidem
567 1096 603 1130 in
622 1095 692 1130 fide
711 1100 747 1130 et
764 1094 936 1129 fidelitate
954 1093 1082 1140 quibus
1100 1093 1203 1129 nobis
1222 1100 1257 1129 et
1275 1107 1409 1130 corone
1427 1095 1525 1142 regie
1543 1100 1688 1131 tenetur
1705 1095 1821 1144 injun-

315 1154 430 1200 gimus
448 1159 484 1188 et
503 1153 712 1188 mandamus
731 1172 739 1180 ·
778 1152 861 1187 Hoc
879 1156 1000 1187 autem
1019 1150 1179 1187 nostrum
1198 1152 1379 1187 indultum
1400 1172 1408 1180 ·
1428 1152 1511 1188 licet
1529 1153 1573 1189 de
1591 1153 1726 1202 scriptis
1745 1154 1822 1189 aliis

316 1217 350 1246 et
369 1211 591 1246 documentis
608 1211 828 1246 mentionem
846 1210 963 1245 facere
981 1209 1147 1245 videatur
1171 1229 1179 1237 ·
1205 1223 1287 1245 cum
1314 1210 1358 1246 de
1382 1209 1460 1258 ipfis
1484 1211 1529 1246 ad
1553 1210 1700 1259 plenum
1718 1211 1821 1247 nobis

315 1268 447 1303 constet
466 1287 474 1296 ·
494 1273 593 1303 tante
617 1268 669 1303 vis
696 1274 732 1304 et
758 1268 912 1303 efficacie
939 1267 1006 1303 effe
1030 1267 1199 1302 volumus
1223 1273 1260 1303 et
1281 1281 1427 1304 manere
1446 1281 1487 1304 ac
1504 1267 1529 1303 fi
1546 1268 1618 1317 ipsa
1635 1268 1821 1317 originalia

314 1332 484 1373 quantum
504 1326 549 1361 ad
568 1326 730 1374 premiss'a
747 1326 868 1361 omnia
886 1325 1171 1361 monstrarentur
1190 1345 1198 1353 -

317 1500 374 1535 De
392 1499 537 1535 decimis
555 1499 883 1535 emolumentorum
902 1497 1103 1535 Justiciarie
1121 1504 1158 1535 et
1175 1498 1324 1534 aliarum
1344 1499 1525 1535 curiarum
1545 1519 1553 1527 ·

318 1614 436 1649 David
456 1614 527 1649 Dei
546 1614 659 1661 gratia
678 1614 759 1649 Rex
778 1614 983 1649 Scottorum
1005 1614 1214 1650 Camerario
1233 1613 1353 1650 nostro
1373 1614 1490 1650 Scotie
1504 1634 1512 1642 ·
1535 1614 1819 1663 Vicecomitique

316 1678 352 1707 et
379 1671 514 1706 ballivis
541 1671 608 1706 suis
635 1672 678 1707 de
707 1671 884 1719 Inuernys
907 1673 967 1719 qui
992 1686 1058 1720 pro
1080 1678 1242 1721 tempore
1263 1672 1371 1708 fuerit
1392 1672 1450 1708 vel
1470 1672 1605 1708 fuerint
1626 1673 1819 1721 ceterisque

315 1728 476 1766 ‹oinistris
498 1728 623 1764 nostris
646 1729 690 1764 ad
713 1742 802 1776 quos
823 1730 1002 1777 presentes
1026 1730 1129 1766 litere
1150 1730 1382 1779 pervenerint
1399 1730 1547 1766 salutem
1567 1750 1575 1758 ·
1604 1730 1697 1767 Cum
1717 1732 1820 1767 nobis

317 1786 450 1822 constet
476 1787 521 1822 ad
549 1787 695 1835 plenum
722 1793 794 1822 tam
825 1800 888 1835 per
915 1787 1172 1836 inspectionem
1202 1793 1299 1824 carte
1325 1788 1419 1824 bone
1450 1788 1622 1824 memorie
1648 1787 1819 1824 Willelmi

320 1844 428 1891 Regis
447 1845 565 1879 Scotie
589 1844 838 1892 predecessoris
861 1844 969 1880 nostri
993 1860 1099 1893 quam
1126 1846 1352 1894 quarundam
1379 1846 1529 1882 aliarum
1557 1846 1818 1882 evidentiarum

317 1915 402 1949 quas
416 1902 569 1937 vidimus
583 1902 679 1949 quod
696 1902 888 1950 Episcopus
902 1908 937 1938 et
956 1903 1098 1940 ecclesia
1111 1902 1342 1941 moraviensis
1359 1904 1542 1953 percipere
1557 1904 1711 1940 debeant
1729 1910 1765 1940 et
1782 1905 1819 1940 in

318 1960 462 2007 pacifica
479 1958 683 2007 poss'essione
701 1960 917 2007 percipiendi
937 1961 1083 1997 fuerunt
1101 1967 1137 1998 et
1155 1962 1308 1998 existunt
1326 1962 1481 1998 decimas
1499 1961 1660 1997 omnium
1685 1962 1819 1997 emolu-

318 2024 522 2053 mentorum
542 2018 586 2053 de
607 2017 758 2052 exitibus
776 2018 944 2053 itinerum
962 2019 1160 2055 Justiciarie
1184 2025 1221 2056 et
1243 2019 1395 2056 aliarum
1418 2020 1598 2055 curiarum
1620 2018 1817 2055 nostrarum

319 2074 410 2110 infra
429 2075 667 2124 episcopatum
686 2076 944 2112 moraviensem
964 2078 1252 2126 contingentium
1272 2097 1280 2106 ·
1305 2077 1406 2113 vobis
1427 2077 1638 2113 mandamus
1655 2082 1691 2112 et
1709 2078 1819 2124 preci-

320 2134 435 2181 pimus
457 2139 632 2180 quatenus
651 2133 787 2168 dictum
809 2133 1020 2181 Episcopum
1040 2140 1075 2171 et
1094 2135 1272 2171 ecclesiam
1292 2136 1337 2171 de
1355 2135 1460 2171 dictis
1486 2134 1630 2170 decimis
1656 2135 1818 2170 exituum

318 2190 515 2227 Justiciarie
534 2190 649 2226 nostre
672 2196 707 2226 et
729 2190 877 2225 aliarum
897 2192 1076 2227 curiarum
1095 2193 1293 2229 nostrarum
1313 2193 1405 2229 infra
1422 2193 1560 2228 dictum
1579 2192 1818 2240 episcopatum

321 2249 557 2284 tenendarum
582 2254 746 2297 prompte
769 2254 805 2283 et
828 2248 933 2296 plene
951 2248 1022 2285 fine
1040 2263 1254 2299 quocunque
1272 2251 1342 2287 alio
1362 2250 1530 2286 mandato
1548 2249 1666 2285 nostro
1686 2249 1819 2284 faciatis

321 2307 438 2342 debite
461 2306 627 2342 deserviri
653 2326 661 2334 ·
689 2319 775 2354 quas
793 2318 879 2342 vero
899 2306 1051 2343 decimas
1070 2308 1169 2344 vobis
1187 2309 1224 2344 in
1242 2309 1416 2357 compotis
1434 2307 1554 2344 vestris
1572 2308 1699 2343 annuis
1718 2307 1819 2343 facie-
