2060 2660
328 170 376 205 9²2
721 164 1037 202 REGISTRUM
1067 163 1434 214 MORAVIENSE.

329 264 500 312 predictis
512 263 663 301 ecclesiis
673 265 731 301 vel
742 278 864 301 earum
877 265 996 312 aliqua
1007 263 1177 299 canonice
1189 261 1332 309 aliquod
1348 261 1584 309 optinuerunt
1596 259 1809 297 beneficium
1823 282 1831 290 ·

329 328 364 358 et
391 322 491 358 salvis
518 322 771 371 episcopalibus
795 323 897 358 nobis
922 328 957 358 et
982 320 1231 357 suceefforibus
1257 318 1383 354 nostris
1401 331 1464 366 per
1483 330 1544 353 eos
1562 318 1622 365 qui
1640 318 1833 366 spiritualia

329 381 364 415 in
387 380 516 416 eisdem
540 379 690 416 ecclefiis
718 394 783 429 pro
807 386 969 428 tempore
996 377 1319 414 administraverint
1348 375 1605 411 convenienter
1632 376 1803 413 faciendis
1822 397 1830 405 ·

330 438 599 474 Deliberatione
618 452 704 474 vero
724 438 957 485 diligentique
975 437 1132 472 tractatu
1151 435 1272 470 habito
1291 434 1328 468 in
1347 433 1504 481 capitulo
1529 433 1649 470 nostro
1676 435 1720 471 de
1747 448 1831 471 con-

327 494 399 531 silio
427 502 463 532 et
489 496 658 532 consensu
680 496 833 544 ejusdem
860 494 1005 543 capituli
1025 513 1033 522 ·
1061 493 1206 529 volente
1231 491 1476 527 consentiente
1500 496 1535 527 et
1556 491 1754 539 postulante
1772 507 1830 529 ve-

326 553 475 589 nerabili
502 554 579 590 viro
607 554 742 589 decano
769 552 887 588 nostro
912 551 1093 599 Frefkyno
1120 570 1128 578 ·
1155 563 1264 585 unam
1292 549 1510 597 prebendam
1530 549 1775 586 constituimus
1792 552 1830 587 in

325 611 488 659 predicta
513 610 655 647 ecclelia
680 611 875 647 cathedrali
897 610 941 645 de
962 608 1135 656 alteragio
1155 608 1198 643 de
1218 607 1319 655 Eryn
1344 620 1427 642 cum
1448 607 1540 643 tosto
1559 613 1595 643 et
1612 608 1728 644 crofto
1746 622 1828 645 cum

325 669 490 704 omnibus
508 669 553 704 ad
572 669 665 704 idem
680 669 890 716 alteragium
899 666 991 716 juste
1009 665 1271 715 pertinentibus
1291 685 1299 693 ·
1319 665 1421 700 salvis
1440 666 1629 701 decanatui
1646 667 1751 702 terris
1770 667 1828 703 de-

324 726 422 761 cimis
441 726 671 774 omnibusque
689 726 765 762 aliis
783 726 829 761 ad
847 723 1026 761 ecclefiam
1045 724 1088 759 de
1109 724 1208 771 Eryn
1227 723 1489 771 pertinentibus
1501 723 1593 772 juste
1623 743 1631 751 ·
1664 737 1730 760 nec
1753 738 1828 761 non

323 790 358 819 et
385 784 520 832 capella
546 784 590 819 de
617 784 862 832 Inuernarryn
891 796 972 818 cum
1000 781 1165 817 omnibus
1191 780 1292 828 justis
1320 781 1544 829 pertinentiis
1572 781 1640 817 suis
1676 802 1683 810 ·
1719 796 1826 830 quam

322 842 538 890 prebendam
567 841 814 889 aflignavimus
841 839 1107 876 subdiaconatui
1137 858 1145 866 ·
1176 844 1211 873 ct
1237 839 1295 874 cui
1319 839 1549 887 adjunximus
1575 838 1755 876 ecclefiam
1782 842 1826 877 de

324 899 460 948 Dolays
478 899 632 935 michael
651 911 732 933 cum
752 897 916 932 omnibus
933 897 979 931 ad
997 909 1075 931 eam
1092 895 1186 943 juste
1209 896 1471 943 pertinentibus
1493 915 1502 924 ·
1534 896 1635 932 salvis
1661 898 1764 933 nobis
1791 905 1826 935 et

322 957 569 992 succefforibus
598 955 722 991 nostris
751 954 854 990 terris
883 967 951 1001 que
980 953 1150 989 dicuntur
1177 953 1244 988 effe
1271 953 1426 1002 ejusdem
1452 953 1594 990 ecclefie
1622 955 1665 990 de
1688 955 1826 1005 Dolays

320 1014 473 1051 michael
500 1027 563 1062 per
589 1013 664 1049 suas
691 1013 807 1048 rectas
834 1011 958 1047 divisas
987 1017 1022 1046 et
1048 1024 1130 1046 cum
1151 1010 1253 1059 justis
1271 1011 1498 1059 pertinentiis
1514 1012 1582 1047 suis
1600 1032 1609 1040 ·
1638 1013 1688 1048 ita
1704 1018 1825 1051 tamen

318 1072 413 1119 quod
433 1072 593 1120 predicta
611 1069 752 1106 ecclefia
765 1069 892 1105 habeat
906 1069 1066 1104 mansum
1081 1074 1288 1117 competens
1296 1069 1403 1118 juxta
1417 1068 1596 1106 eccleliam
1612 1083 1693 1106 cum
1709 1072 1824 1108 crofto

318 1130 534 1177 competenti
557 1149 566 1157 ·
594 1135 629 1164 et
656 1128 756 1164 salvis
780 1127 1033 1176 episcopalibus
1051 1127 1154 1162 nobis
1172 1132 1208 1163 et
1226 1127 1475 1163 succefforibus
1492 1127 1619 1163 nostris
1638 1129 1681 1164 de
1700 1130 1824 1166 eadem

318 1186 459 1222 ecclelia
482 1187 525 1223 de
545 1187 683 1234 Dolays
701 1185 855 1223 michael
880 1204 887 1213 ·
920 1184 1178 1221 Constituimus
1207 1186 1313 1221 etiam
1344 1186 1388 1221 de
1417 1184 1562 1222 consilio
1591 1192 1627 1222 et
1655 1187 1823 1224 consensu

316 1245 459 1292 capituli
488 1244 596 1280 nostri
628 1264 635 1272 ·
672 1244 863 1279 accedente
896 1243 1066 1279 consensu
1098 1249 1134 1279 et
1165 1243 1296 1280 devota
1326 1244 1582 1292 supplicatione
1611 1245 1823 1282 venerabilis

315 1302 381 1337 viri
417 1301 569 1350 magistri
602 1302 748 1337 Ricardi
777 1301 999 1350 precentoris
1029 1301 1139 1337 nostri
1172 1321 1180 1330 ·
1218 1315 1327 1337 unam
1358 1302 1579 1350 prebendam
1611 1303 1648 1338 in
1679 1302 1823 1339 ecclefia

314 1359 430 1395 nostra
454 1360 648 1396 cathedrali
671 1360 714 1395 de
736 1358 880 1395 ecclefia
898 1360 942 1395 de
963 1359 1115 1395 Rathed·
1135 1373 1218 1396 cum
1242 1360 1408 1396 omnibus
1433 1360 1478 1396 ad
1502 1373 1580 1396 eam
1598 1360 1691 1409 juste
1715 1362 1822 1410 perti-

313 1418 479 1453 nentibus
498 1438 506 1446 ·
531 1418 631 1454 salvis
649 1423 804 1465 quatuor
822 1418 950 1453 marcis
967 1418 1096 1453 annuis
1115 1418 1159 1453 de
1178 1418 1302 1454 eadem
1322 1417 1464 1454 ecclelia
1481 1418 1658 1455 solvendis
1676 1432 1821 1467 precen-

316 1476 702 1511 toriets11cceff0rib11s
726 1476 802 1525 ejus
826 1477 863 1511 in
887 1481 1102 1525 perpetuum
1127 1489 1191 1525 per
1215 1489 1299 1512 eum
1322 1476 1383 1524 qui
1406 1477 1607 1524 predictam
1632 1478 1819 1513 canoniam

317 1534 510 1581 optinuerit
541 1553 549 1561 ·
579 1534 769 1570 medietate
795 1534 925 1570 scilicet
951 1535 996 1570 ad
1022 1534 1311 1583 purificationem
1335 1534 1438 1571 beate
1463 1535 1578 1571 marie
1597 1534 1758 1583 Virginis
1785 1542 1820 1571 et

317 1590 385 1626 alia
402 1591 590 1627 medietate
609 1592 645 1627 in
664 1591 748 1628 festo
769 1592 891 1628 Sancti
911 1593 1008 1629 Petri
1030 1593 1075 1628 ad
1094 1592 1239 1629 vincula
1265 1612 1273 1621 ·
1303 1606 1409 1640 quam
1435 1592 1652 1641 prebendam
1679 1593 1819 1629 succen-

315 1649 384 1683 tori
403 1647 649 1696 allignavimus
665 1669 673 1678 ·
689 1650 790 1697 eique
809 1650 1036 1698 adjunximus
1054 1649 1232 1687 ecclefiam
1252 1651 1297 1686 de
1312 1650 1534 1699 Fotherueys
1552 1664 1635 1686 cum
1653 1651 1819 1687 omnibus

315 1706 359 1741 ad
378 1719 455 1742 eam
469 1706 560 1755 juste
579 1708 838 1755 pertinentibus
863 1728 871 1736 ·
903 1709 1003 1744 salvis
1029 1709 1132 1744 nobis
1157 1714 1193 1745 et
1216 1708 1465 1745 succefl'oribus
1483 1708 1609 1744 nostris
1627 1709 1670 1744 ab
1689 1709 1739 1744 eis
1757 1710 1817 1756 qui

314 1764 530 1811 prebendam
551 1765 594 1800 de
614 1765 834 1814 Fotheruays
857 1766 1079 1814 optinuerint
1103 1766 1358 1815 episcopalibus
1382 1766 1426 1802 de
1455 1766 1581 1802 eadem
1609 1765 1751 1802 ecelefia
1772 1767 1817 1802 de

315 1821 536 1870 Fotheruays
555 1842 563 1850 ·
591 1822 757 1858 Preterea
771 1823 1014 1860 constituimus
1028 1825 1115 1860 duas
1133 1824 1331 1873 prebendas
1346 1829 1382 1860 et
1400 1837 1458 1860 eas
1476 1822 1724 1872 affignavimus
1738 1837 1816 1872 pre-

315 1880 410 1915 dicte
437 1879 577 1915 ecclelie
604 1881 797 1916 cathedrali
819 1881 935 1917 nostro
954 1882 997 1917 de
1015 1882 1202 1918 voluntate
1222 1888 1257 1918 et
1275 1882 1445 1918 consensu
1463 1881 1614 1918 lValteri
1634 1881 1677 1917 de
1696 1883 1816 1918 mora-

314 1937 372 1972 via
389 1937 450 1972 filii
469 1938 650 1985 quondam
670 1938 841 1974 willelmi
861 1940 904 1975 de
923 1941 1086 1976 moravia
1104 1940 1248 1989 patroni
1266 1939 1490 1976 ecclesiarum
1509 1940 1554 1975 de
1574 1939 1689 1987 Petyn
1711 1944 1746 1975 et
1771 1940 1815 1975 de

315 1995 490 2043 Bracholy
518 2015 526 2023 ·
554 1996 637 2031 item
657 1997 798 2044 patroni
817 1996 1039 2033 ecclesiarum
1058 1999 1102 2034 de
1121 1998 1302 2034 Bucharm
1334 2016 1342 2026 ·
1376 2003 1411 2033 et
1430 1998 1474 2033 de
1496 1997 1703 2046 Abyrlouer
1731 2016 1739 2024 ·
1770 1997 1815 2033 de

313 2052 477 2088 omnibus
496 2053 640 2089 decimis
658 2053 847 2101 garbarum
866 2055 957 2091 infra
972 2056 1156 2103 parochias
1170 2057 1350 2092 dictarum
1364 2054 1588 2092 ecclefiarum
1602 2054 1814 2103 provenien-

314 2111 401 2145 tium
430 2130 438 2137 ·
466 2123 574 2146 unam
602 2111 732 2147 scilicet
758 2112 802 2147 de
829 2113 993 2148 omnibus
1020 2114 1166 2149 decimis
1191 2114 1382 2162 garbarum
1406 2112 1699 2162 provenientibus
1721 2112 1814 2147 infra

314 2168 517 2216 parochiam
537 2169 581 2204 de
602 2169 715 2217 Petyn
736 2175 771 2205 et
789 2170 833 2205 de
852 2170 1029 2219 Bracholy
1058 2191 1065 2199 -
1094 2178 1129 2207 et
1147 2172 1253 2208 aliam
1272 2172 1316 2208 de
1335 2172 1481 2208 decimis
1504 2170 1669 2207 omnibus
1689 2170 1813 2217 garba-

313 2239 392 2260 rum
411 2226 704 2274 provenientibus
722 2227 814 2263 infra
831 2228 1014 2276 parochias
1032 2230 1076 2264 de
1089 2229 1267 2265 Bucharm
1283 2235 1319 2266 et
1333 2230 1377 2266 de
1390 2229 1586 2265 Abirlouer
1598 2247 1607 2256 ο
1620 2233 1762 2263 retento
1777 2234 1812 2263 et

312 2284 471 2319 ‹·‹›nceff0
491 2284 535 2320 de
552 2285 696 2333 capituli
711 2284 818 2321 nostri
833 2286 942 2322 totius
956 2287 1123 2323 consensu
1138 2288 1236 2324 dicto
1249 2288 1410 2324 VValtero
1429 2292 1464 2323 et
1481 2286 1671 2323 heredibus
1689 2285 1756 2321 suis
1775 2286 1812 2321 in
