2060 2660
297 673 343 704 85

379 173 426 208 98
776 169 881 205 REG
891 168 1092 205 ISTRUM
1121 167 1483 205 MORAVIENSE.

380 268 518 304 Dothol
538 268 711 304 subscribo
730 281 792 317 per
807 274 1075 317 procuratorem
1089 287 1096 294 ·
1118 267 1196 314 Ego
1215 265 1462 302 Archebaldus
1480 264 1673 299 canonicus
1692 264 1735 300 de
1751 264 1874 312 Croyn

378 325 552 361 subscribo
572 346 580 354 ·

376 498 593 547 Compositio
620 500 713 535 inter
738 499 922 534 Andrean]
947 497 1148 544 episcopum
1173 493 1433 531 moraviensem
1457 499 1492 528 et
1511 493 1580 528 -w-
1602 494 1745 543 Cumyn
1773 496 1874 544 super

374 557 477 592 terris
495 557 539 592 de
561 558 783 606 Kynkardyn
804 576 811 583 ·

372 672 552 707 Noverint
570 671 721 708 universi
739 672 805 707 hoc
823 671 989 718 scriptum
1008 668 1114 704 visuri
1133 667 1189 702 vel
1213 667 1370 702 audituri
1392 668 1489 715 quod
1513 680 1594 703 cum
1622 668 1705 703 effet
1731 676 1872 704 contro-

371 728 479 764 versia
507 730 599 765 inter
624 730 807 765 Andream
836 728 1036 776 episcopum
1064 725 1322 762 moraviensem
1352 738 1396 760 ex
1424 731 1524 773 parte
1553 739 1626 761 una
1654 732 1689 761 et
1715 726 1870 762 nobilem

370 787 486 823 virum
504 787 700 823 Walterum
720 787 862 834 Cumyn
879 785 1044 820 comitem
1065 784 1108 818 de
1124 783 1340 830 mynynteth
1355 796 1400 818 ex
1417 783 1530 819 altera
1548 783 1650 831 super
1664 784 1869 831 quibusdam

369 846 591 892 portionibus
612 851 788 880 terrarum
814 856 899 890 quas
918 843 1035 877 dictus
1054 840 1248 889 Episcopus
1267 840 1406 876 dicebat
1424 841 1604 889 pertinere
1622 842 1668 877 ad
1687 842 1868 878 dimidiam

368 903 560 938 ‹lauacham
588 916 656 950 que
684 902 731 937 est
757 899 896 937 ecclesie
920 900 963 934 de
985 898 1205 947 Kyncardyn
1233 903 1269 934 et
1292 899 1448 946 pertinet
1479 899 1524 934 ad
1555 899 1711 934 mensam
1741 900 1869 947 episco-

366 961 481 1008 palem
501 981 509 988 ·
529 961 691 1008 predicto
710 959 820 994 nobili
835 959 912 993 viro
927 957 1097 993 afferente
1111 956 1290 1004 predictas
1309 962 1422 992 terras
1440 957 1516 992 suas
1535 957 1601 992 effe
1617 976 1624 984 -
1656 957 1748 992 Item
1766 958 1869 1006 super

366 1019 502 1053 decima
526 1018 603 1053 cani
630 1017 764 1052 domini
786 1016 895 1063 Regis
918 1015 1014 1062 quod
1037 1014 1080 1049 de
1099 1020 1196 1050 terra
1213 1014 1258 1049 de
1279 1014 1500 1063 Kyncardyn
1526 1015 1613 1050 solvi
1640 1015 1727 1051 solet
1752 1016 1867 1052 eidem

366 1076 511 1110 domino
533 1076 623 1123 Regi
644 1095 651 1103 ·
678 1076 726 1110 ita
749 1074 980 1109 amicabiliter
1004 1072 1175 1108 convenit
1199 1072 1293 1108 inter
1310 1072 1451 1108 eosdem
1471 1073 1515 1108 de
1533 1073 1701 1108 consensu
1725 1079 1761 1109 et
1785 1087 1868 1109 con·

364 1132 436 1168 filio
463 1133 607 1181 capituli
632 1131 772 1168 ecclesie
799 1132 929 1167 Sancte
948 1130 1138 1166 Trinitatis
1160 1130 1204 1166 de
1225 1130 1343 1179 Elgyn
1370 1150 1378 1158 ·
1406 1130 1537 1166 scilicet
1560 1131 1657 1178 quod
1683 1132 1866 1179 predictus

364 1192 493 1226 Comes
511 1196 546 1226 et
565 1191 712 1226 heredes
731 1190 778 1225 sui
798 1189 973 1225 tenebunt
991 1189 1036 1224 ad
1053 1189 1291 1224 feodifirmam
1307 1189 1351 1224 de
1370 1189 1534 1236 predicto
1548 1189 1721 1238 Episcopo
1741 1195 1777 1225 et
1794 1190 1866 1225 suc-

361 1248 548 1283 cefforibus
580 1248 647 1284 suis
678 1249 715 1283 in
743 1253 956 1296 perpetuum
985 1247 1183 1295 predictam
1213 1247 1395 1282 dimidiam
1422 1247 1617 1282 dauacham
1647 1253 1742 1283 terre
1770 1250 1865 1296 apud

363 1306 580 1354 Kyncardyn
599 1319 663 1354 per
681 1306 797 1341 rectas
822 1305 946 1340 divisas
965 1310 1000 1340 et
1019 1318 1098 1340 cum
1120 1304 1285 1340 omnibus
1304 1304 1404 1353 justis
1427 1305 1651 1353 pertinentiis
1672 1305 1740 1341 suis
1759 1326 1767 1334 ·
1787 1307 1864 1341 red-

360 1363 476 1398 dendo
495 1364 577 1399 inde
596 1364 779 1399 annuatim
799 1376 864 1411 pro
884 1363 1022 1399 decima
1040 1363 1193 1411 predicti
1212 1363 1291 1398 cani
1311 1363 1442 1398 ·xxxiv·
1462 1363 1591 1399 solidos
1605 1369 1641 1399 et
1655 1364 1738 1398 ·viii·
1758 1364 1864 1400 dena-

359 1421 428 1455 rios
448 1441 455 1448 ·
486 1435 550 1469 pro
569 1422 666 1456 omni
686 1421 827 1457 servitio
848 1441 855 1449 ·
884 1421 1074 1457 exactione
1094 1448 1102 1456 .
1130 1421 1388 1457 consuetudine
1406 1427 1442 1457 et
1460 1421 1636 1456 demanda
1654 1421 1800 1457 seculari
1818 1423 1863 1457 ad

358 1479 558 1526 predictum
580 1480 791 1528 Episcopum
812 1487 847 1515 et
861 1479 1069 1515 successores
1087 1479 1167 1515 suos
1186 1479 1447 1527 pertinentibus
1462 1498 1470 1506 ·
1486 1479 1715 1515 medietatem
1733 1480 1863 1516 scilicet

360 1537 402 1570 ad
434 1537 662 1573 Pentecosten
691 1544 726 1573 et
752 1538 855 1573 aliam
884 1538 1113 1573 medietatem
1137 1537 1182 1572 ad
1206 1536 1330 1573 festum
1356 1537 1479 1572 Sancti
1506 1537 1654 1573 martini
1677 1538 1713 1572 in
1736 1538 1862 1586 hyeme

360 1595 522 1641 proximo
545 1595 689 1642 sequens
708 1602 743 1631 et
761 1596 924 1631 faciendo
942 1596 1156 1631 forinsecum
1179 1595 1359 1631 servitium
1379 1595 1515 1630 domini
1535 1595 1646 1642 Regis
1663 1596 1708 1631 ad
1727 1596 1862 1643 predic-

360 1657 431 1686 tam
456 1658 586 1687 terram
612 1654 792 1701 pertinens
812 1673 819 1681 ·
850 1654 961 1689 Salvis
980 1653 1180 1689 rectoribus
1199 1652 1341 1689 ecclesie
1358 1653 1450 1688 tofto
1470 1658 1505 1688 et
1523 1652 1638 1688 crofto
1657 1660 1862 1701 competen-

360 1709 453 1744 tibus
473 1729 480 1737 ·
509 1711 545 1745 Si
567 1717 684 1746 autem
714 1711 904 1759 contigerit
930 1712 1026 1759 quod
1052 1712 1236 1760 prediGtus
1263 1711 1444 1760 episcopus
1462 1709 1692 1747 moraviensis
1709 1711 1766 1746 vel
1785 1712 1860 1760 ejus

360 1767 566 1803 successores
585 1788 593 1795 ·
609 1769 790 1816 predictus
809 1769 939 1804 Comes
957 1770 1013 1804 vel
1033 1769 1108 1817 ejus
1127 1770 1275 1805 heredes
1293 1775 1419 1804 contra
1436 1769 1635 1817 predictam
1654 1770 1861 1805 conventio-

360 1837 440 1859 nem
466 1826 587 1860 venire
615 1826 885 1874 presumpserint
913 1847 920 1854 ·
952 1828 1098 1863 veniens
1117 1833 1243 1863 contra
1260 1827 1458 1876 predictam
1478 1827 1754 1862 conventionem
1773 1841 1860 1875 quo-

361 1882 451 1917 tiens
475 1883 541 1918 hoc
560 1884 682 1919 fecerit
700 1884 796 1919 dabit
814 1886 959 1920 nomine
978 1899 1068 1933 pene
1087 1885 1218 1921 fabrice
1238 1883 1379 1921 ecclesie
1398 1884 1610 1920 cathedralis
1629 1898 1675 1919 ·x·
1695 1898 1830 1921 marcas
1850 1905 1857 1913 ·

360 1946 526 1975 manente
545 1941 795 1977 nichilominus
813 1943 974 1990 predi&a
992 1944 1232 1979 conventione
1251 1948 1287 1979 et
1304 1948 1476 1992 perpetue
1495 1942 1712 1978 observanda
1730 1943 1767 1978 in
1785 1957 1859 1978 om-

359 1997 462 2032 nibus
481 2004 516 2033 et
534 2012 597 2046 per
615 2000 735 2034 onmia
754 2019 761 2027 -
800 2000 843 2034 In
863 2000 991 2035 horum
1010 2007 1129 2037 autem
1149 2002 1293 2037 firmum
1312 2007 1348 2037 et
1365 2000 1600 2036 indubitabile
1618 2000 1857 2036 testimonium

359 2055 407 2089 illi
433 2056 523 2103 parti
549 2056 654 2105 hujus
677 2057 846 2105 scripture
868 2058 905 2093 in
930 2059 1076 2093 modum
1095 2059 1309 2108 cyrographi
1327 2059 1491 2094 consecte
1510 2072 1578 2106 que
1597 2071 1705 2106 penes
1723 2059 1858 2107 predic-

359 2120 434 2149 tum
450 2115 604 2150 nobilem
625 2116 810 2151 dominum
830 2116 1007 2152 Comitem
1027 2124 1188 2153 remanet
1207 2116 1362 2166 apposita
1380 2117 1459 2152 sunt
1476 2116 1587 2164 sigilla
1605 2117 1692 2152 dicti
1708 2116 1856 2153 Andree

358 2172 507 2220 episcopi
537 2179 573 2208 et
600 2174 745 2221 capituli
773 2174 927 2222 ejusdem
958 2175 1026 2209 loci
1054 2188 1135 2210 cum
1163 2175 1474 2224 subscriptionibus
1502 2174 1758 2210 canonicorum
1788 2194 1795 2202 ·
1825 2176 1854 2210 ei

356 2236 474 2265 autem
494 2231 585 2278 parti
603 2244 672 2278 que
691 2237 851 2267 remanet
872 2245 980 2279 penes
1004 2233 1207 2280 predictum
1227 2234 1429 2282 episcopum
1448 2232 1708 2269 moraviensem
1727 2238 1763 2267 ot
1781 2232 1857 2281 ejus

357 2288 562 2326 successores
580 2287 775 2338 appositum
795 2289 842 2325 est
861 2288 1010 2337 sigillum
1031 2291 1118 2327 dicti
1138 2291 1290 2328 Comitis
1314 2304 1396 2327 cum
1421 2289 1620 2326 testimonio
1645 2303 1770 2325 eorum
1795 2291 1855 2337 qui
