2060 2660
372 181 442 218 Α374
748 176 1064 213 REGISTRUM
1094 175 1457 212 MORAVIENSE.

371 275 521 311 cedendi
543 281 579 312 et
605 275 649 312 de
674 276 798 312 eadem
827 281 998 323 tanquam
1026 275 1070 311 de
1097 275 1208 311 libera
1234 275 1370 323 capella
1402 274 1463 309 sua
1493 273 1701 322 disponendi
1730 275 1876 311 liberam

372 333 525 369 habeant
542 333 748 370 facultatem
768 353 776 361 ·
805 333 1048 369 Concediniiis
1066 333 1172 368 etiam
1191 338 1227 368 et
1246 331 1396 380 presenti
1416 336 1515 366 carta
1532 331 1787 379 confirmamus
1801 346 1879 381 pre-

372 391 468 427 diete
491 391 626 440 capelle
648 391 850 427 libertatem
874 397 910 427 et
935 390 1199 426 immunitatem
1218 394 1427 437 perpetuam
1447 388 1490 423 ab
1509 389 1608 423 omni
1627 390 1816 426 exa&ione
1843 398 1878 427 et

371 449 517 485 servicio
536 455 572 485 et
590 449 845 485 consuetudine
865 454 936 484 tam
955 450 993 483 'in
1013 446 1266 496 episcopalibus
1290 459 1395 493 quam
1416 446 1452 481 in
1471 446 1636 482 omnibus
1654 447 1731 482 aliis
1749 449 1794 483 ad
1812 462 1878 484 nos

371 506 430 542 vel
445 507 489 542 ad
503 507 711 543 successores
726 506 862 542 nostros
876 505 1136 554 pertinentibus
1151 523 1159 532 ·
1176 504 1356 539 Volumus
1370 504 1479 551 igitur
1492 509 1528 539 et
1539 505 1769 541 concedimus
1780 507 1877 553 quod

372 565 621 613 prenominata
646 564 783 612 capella
809 576 933 599 omnes
959 562 1139 611 predifihis
1167 561 1322 597 decimas
1344 561 1506 608 garbales
1525 567 1560 597 et
1578 562 1776 599 oblationes
1795 577 1876 599 cum

371 622 592 658 libertatibus
616 628 651 658 et
674 620 957 657 immunitatibus
978 619 1144 655 omnibus
1162 619 1372 667 supradifitis
1391 619 1519 655 habeat
1543 625 1578 655 et
1602 619 1773 668 possideat
1799 635 1877 670 per-

371 685 481 728 petuo
499 680 589 716 adeo
608 680 718 715 libere
738 699 746 707 ·
766 679 885 727 quiete
905 697 912 706 ·
932 677 1091 726 plenarie
1110 682 1145 712 et
1164 676 1361 712 honorifice
1378 676 1465 713 sicut
1478 677 1596 725 aliqua
1614 678 1725 714 libera
1742 680 1877 728 capella

372 738 506 785 aliquas
525 738 679 774 decimas
698 743 734 773 et
752 736 948 772 oblationes
966 735 1111 770 liberius
1131 754 1139 763 ·
1164 734 1318 782 quietius
1337 754 1345 763 ·
1370 735 1511 783 plenius
1530 741 1565 771 et
1583 736 1876 773 honorificentius

371 801 471 831 tenet
490 801 525 831 et
543 794 691 844 possidet
710 814 718 823 ·
748 795 964 841 Quicunque
984 793 1090 828 etiam
1105 792 1309 841 capellanus
1322 793 1483 841 predifile
1501 794 1636 842 capelle
1655 794 1827 831 deserviet
1841 803 1876 831 et

372 854 476 889 saciet
494 853 673 889 servitium
697 866 763 901 pro
781 850 1030 887 fundatoribus
1049 850 1222 898 capiendo
1241 863 1350 886 unam
1368 851 1554 899 specialem
1572 852 1762 888 colleGmm
1781 854 1876 890 vide-

373 911 454 947 licet
472 911 583 946 Deus
604 911 670 958 qui
691 911 861 946 vivorum
882 909 1102 944 dominatur
1120 908 1237 944 simul
1254 913 1290 944 et
1307 913 1543 945 mortuorum
1573 929 1581 937 ·
1618 909 1781 946 Testibus
1805 925 1876 947 nia-

371 968 478 1015 gistro
498 968 665 1004 Gilberto
684 968 727 1003 de
747 966 910 1004 moravia
927 966 1180 1002 archidiacono
1199 965 1414 1003 moraviensi
1446 986 1454 994 ·
1490 967 1632 1004 Joanne
1651 968 1695 1003 de
1714 970 1877 1005 moravia

372 1027 479 1062 fratre
505 1026 580 1075 ejus
600 1046 607 1054 ·
637 1025 859 1061 Archibaldo
878 1024 922 1060 de
942 1024 1107 1072 Douglas
1126 1043 1134 1052 ·
1164 1024 1376 1060 Alexandro
1395 1029 1431 1060 et
1452 1024 1614 1060 Henrico
1634 1026 1814 1062 canonicis
1832 1027 1876 1063 de

373 1085 493 1132 Spyny
521 1084 688 1119 sratribus
716 1083 841 1135 nosti-is
869 1103 877 1111 ·
911 1081 1076 1130 magistro
1107 1082 1270 1118 Henrico
1298 1102 1307 1110 ·
1342 1082 1485 1118 Thoma
1513 1083 1698 1131 capellano
1728 1084 1847 1121 nostro
1866 1105 1875 1113 ·

374 1142 535 1178 Roberto
562 1142 693 1177 clerico
719 1140 839 1177 nostro
869 1160 877 1169 ·
911 1140 1087 1177 michaele
1106 1140 1278 1189 pincerna
1309 1159 1317 1168 ·
1352 1139 1534 1189 Stephano
1553 1141 1597 1177 de
1619 1141 1849 1191 Hedinhaym
1866 1162 1875 1170 ·

374 1200 594 1236 Archibaldo
614 1200 658 1235 de
677 1200 841 1236 moravia
859 1205 895 1235 et
914 1198 1097 1235 Willelmo
1115 1198 1226 1234 fratre
1245 1198 1321 1247 ejus
1340 1218 1348 1226 ·

372 1374 481 1409 Carta
499 1373 543 1409 de
562 1373 707 1409 Vicaria
724 1372 768 1409 de
787 1372 920 1408 Duffus
939 1392 947 1401 ·

372 1489 550 1525 Omnibus
582 1489 702 1525 san&e
732 1489 852 1526 matris
883 1487 1025 1525 ecclesie
1055 1489 1136 1524 filiis
1166 1489 1235 1525 hoc
1265 1488 1434 1537 scriptum
1465 1488 1588 1524 visuris
1616 1489 1672 1524 vel
1704 1489 1877 1525 audituris

373 1547 539 1583 Andreas
569 1545 794 1595 permiffione
825 1546 947 1582 divina
977 1545 1210 1584 moraviensis
1240 1546 1423 1595 episeopus
1453 1552 1614 1582 eternam
1645 1547 1683 1582 in
1714 1547 1876 1583 Domino

371 1604 516 1640 salutem
537 1624 544 1632 ·
564 1604 748 1640 Noveritis
762 1604 916 1641 universi
936 1604 1045 1653 [nos]
1059 1605 1104 1641 ad
1123 1605 1323 1641 instantiam
1339 1610 1374 1640 et
1388 1604 1687 1653 presentationem
1706 1604 1874 1653 Hugonis

372 1663 416 1698 de
431 1662 561 1698 Duffus
575 1668 610 1698 et
621 1664 783 1699 canonici
798 1664 929 1699 Sancite
944 1663 1134 1699 Trinitatis
1146 1664 1190 1699 de
1204 1663 1322 1712 Elgyn
1337 1661 1504 1699 admififl'e
1522 1662 1727 1711 magistrum
1744 1663 1876 1699 Henri-

372 1734 453 1756 cum
471 1721 516 1756 ad
535 1721 703 1757 vicariam
722 1721 845 1758 Saneti
865 1722 963 1757 Petri
981 1722 1025 1758 de
1044 1722 1177 1758 Duffus
1195 1740 1204 1750 ·
1230 1727 1266 1758 et
1290 1721 1445 1758 eundem
1465 1721 1503 1756 in
1521 1721 1645 1757 eadem
1668 1721 1847 1757 instituisse
1866 1741 1874 1749 ·

373 1779 496 1821 Quare
514 1778 680 1814 volumus
707 1785 742 1815 et
769 1780 998 1816 concedimus
1024 1785 1066 1816 ut
1091 1779 1275 1829 predifihis
1296 1778 1460 1827 magister
1480 1779 1662 1815 Henricus
1680 1779 1873 1828 predictam

373 1836 541 1872 vicariam
569 1837 696 1872 habeat
722 1837 759 1872 in
785 1850 911 1886 puram
939 1837 1165 1874 elemosinam
1190 1850 1270 1874 cum
1295 1836 1460 1873 omnibus
1477 1837 1523 1872 ad
1540 1837 1751 1885 alteragium
1770 1837 1876 1886 perti-

373 1894 539 1930 nentibus
559 1914 566 1922 ·
595 1895 695 1930 salvis
714 1896 875 1943 predicto
897 1896 1048 1944 Hugoni
1067 1902 1103 1933 et
1120 1896 1269 1945 persone
1289 1901 1325 1932 et
1342 1895 1517 1931 canonico
1540 1895 1705 1931 omnibus
1731 1895 1875 1931 decimis

373 1952 467 1987 bladi
504 1952 797 2001 provenientibus
831 1954 923 1989 infra
958 1955 1162 2003 parochiam
1198 1954 1358 2003 predicte
1394 1952 1535 1989 ecclesie
1570 1953 1663 1989 beati
1699 1953 1796 1989 Petri
1831 1953 1875 1988 de

375 2010 467 2046 Duff
470 2011 535 2046 lius
548 2029 557 2038 ·
573 2010 752 2059 predictus
766 2024 852 2046 vero
866 2012 1030 2060 magister
1042 2012 1226 2049 Henricus
1243 2011 1471 2061 respondebit
1489 2011 1533 2047 de
1551 2011 1804 2060 episcopalibus
1816 2030 1824 2039 ·
1840 2018 1875 2047 et

374 2068 532 2104 inveniet
550 2068 729 2117 ydoneum
749 2069 922 2105 vicarium
941 2070 1158 2106 sacerdotem
1176 2090 1184 2099 ·
1204 2071 1264 2119 qui
1282 2083 1348 2119 pro
1366 2070 1528 2119 predicto
1548 2068 1709 2117 Hugone
1726 2069 1875 2118 persona

373 2127 417 2162 «le
441 2126 573 2162 Duffus
599 2132 635 2162 et
661 2127 835 2162 canonico
863 2127 991 2163 Sancte
1015 2128 1203 2165 Trinitatis
1230 2129 1275 2165 de
1303 2128 1422 2177 Elgyn
1448 2128 1486 2163 in
1513 2126 1655 2164 ecclesia
1680 2127 1873 2163 cathedrali

375 2183 517 2220 honeste
536 2183 745 2220 ministrabit
763 2190 799 2220 et
817 2191 1062 2233 competenter
1077 2186 1183 2235 juxta
1201 2186 1355 2235 ejusdem
1375 2184 1517 2222 ecclesie
1534 2185 1661 2221 statuta
1678 2190 1714 2221 et
1731 2184 1874 2221 consue-

373 2242 515 2278 tudines
534 2261 542 2270 ·
573 2242 735 2278 Testibus
762 2242 908 2279 domino
937 2243 1082 2280 Simone
1109 2245 1245 2281 decano
1272 2242 1504 2282 moraviensis
1521 2242 1662 2280 ecclesie
1681 2262 1689 2271 ·
1709 2242 1873 2291 magistro
