2060 2660
557 172 872 209 REGISTRUM
901 173 1263 210 MORAVIENSE.
1580 183 1647 214 201

161 273 325 310 Johanne
349 271 392 306 de
413 270 671 318 Ranmorgeny
689 290 697 298 ·
728 270 889 306 Waltero
914 270 958 305 de
977 270 1117 306 Tulach
1136 290 1144 298 ·
1174 271 1356 308 Willelmo
1375 274 1418 309 de
1437 275 1588 311 Camera
1607 277 1649 311 de

162 330 335 378 Abyrden
353 328 537 376 armigeris
556 348 564 356 ·
585 334 620 364 et
639 328 760 364 multis
777 327 854 363 aliis
870 327 1014 363 testibus
1031 329 1076 363 ad
1094 328 1255 376 premissa
1274 348 1282 356 ·
1338 339 1342 343 ’

159 500 300 537 Inutilis
323 505 360 536 et
383 500 575 546 dampnosa
598 498 749 548 provifio
773 513 839 548 pro
863 500 968 536 terris
986 504 1022 535 et
1040 499 1185 535 decimis
1202 499 1342 535 ecclesie
1361 500 1590 536 moravienfis
1608 516 1650 537 ex

156 572 225 606 qua
242 558 450 606 sequebatur
468 557 619 603 ipsarum
639 557 754 593 finalis
769 557 961 593 destructio
977 577 984 585 ·
1004 570 1071 593 nec
1089 558 1250 593 revocari
1267 558 1385 605 potuit
1402 556 1472 593 fine
1493 558 1593 606 Rege
1611 565 1651 594 ut

155 621 253 663 patet
271 616 307 651 in
325 615 429 651 litera
445 615 604 662 sequenti
624 634 631 642 ·

62 727 129 765 170
157 729 225 765 Ista
253 730 445 765 indentura
471 728 617 765 testatur
645 729 742 777 quod
770 742 866 764 anno
888 728 1040 764 Domini
1063 729 1400 766 -c0⁰·ccc⁰·lxxx⁰·ix⁰·
1424 730 1461 764 in
1487 729 1571 765 festo
1599 744 1651 766 ca—

156 787 280 823 thedre
301 787 422 822 Sanfifi
439 787 536 822 Petri
554 786 701 835 apostoli
721 806 729 814 ·
748 787 786 821 in
804 785 947 822 ecclefia
964 786 1158 822 cathedrali
1177 785 1390 822 moraviensi
1408 806 1416 815 ·
1445 787 1541 830 Quia
1558 792 1652 824 terre

154 849 189 880 et
212 842 433 892 pofl'effiones
458 844 621 892 Episcopi
648 850 683 880 et
710 843 851 880 ecclesie
878 849 980 879 erant
1006 844 1186 880 exinanite
1209 849 1245 880 et
1267 844 1396 880 vastate
1416 864 1424 873 ·
1451 846 1592 881 annalia
1618 852 1652 882 et

147 901 231 949 jura
249 902 368 937 debita
383 901 555 950 Episcopo
575 902 754 937 subtracta
771 907 807 937 et
825 902 971 937 detenta
987 921 996 929 ·
1016 906 1052 937 et
1070 902 1107 936 in
1126 915 1251 937 eorum
1269 902 1444 939 solutione
1463 904 1627 939 ceffatum
1643 924 1650 931 ·

152 964 189 995 et
215 960 350 995 decime
369 959 591 995 ecclefiarum
610 960 818 995 mensalium
837 965 1009 1007 occupate
1027 965 1063 995 et
1081 960 1353 1008 depredationes
1375 961 1487 997 multe
1504 961 1598 997 facte
1616 962 1653 997 in

152 1017 256 1053 terris
283 1016 514 1053 ecclefiastieis
537 1036 545 1044 ·
573 1017 653 1053 ideo
672 1017 861 1053 videbatur
885 1017 1076 1065 expediens
1100 1022 1136 1052 et
1156 1017 1246 1053 utile
1264 1017 1404 1054 ecclesie
1423 1024 1458 1054 et
1477 1019 1650 1068 Episcopo

152 1075 261 1110 modo
284 1089 355 1122 quo
379 1075 534 1122 sequitur
553 1075 597 1110 de
615 1075 773 1111 remedio
798 1075 988 1123 providere
1013 1094 1020 1102 ·
1054 1075 1166 1110 Facta
1191 1075 1259 1110 fuit
1286 1075 1432 1123 sequens
1459 1079 1650 1113 conventio

151 1133 245 1168 inter
276 1133 514 1168 reverendum
545 1133 582 1167 in
611 1132 750 1169 Christo
772 1128 911 1178 patrem
940 1133 1125 1168 dominum
1155 1131 1406 1169 Alexandrum
1435 1135 1507 1171 Dei
1537 1137 1652 1183 gratia

152 1190 352 1238 episcopum
368 1190 629 1227 moraviensem
648 1203 693 1225 ex
711 1195 810 1238 parte
828 1203 901 1225 una
919 1195 955 1225 et
972 1190 1128 1225 nobilem
1142 1190 1259 1225 virum
1275 1191 1460 1227 dominum
1473 1192 1649 1229 Thomam

154 1247 197 1283 de
217 1247 371 1283 Dunbar
388 1248 668 1296 primogenitum
688 1248 823 1282 domini
843 1247 994 1284 Comitis
1013 1246 1242 1284 moraviensis
1261 1248 1507 1285 vicecomitem
1529 1251 1573 1286 de
1593 1251 1652 1286 In-

151 1318 284 1353 uernys
303 1306 346 1341 de
365 1306 533 1341 consensu
553 1305 707 1353 ejusdem
732 1305 868 1340 domini
888 1305 1038 1340 Comitis
1060 1311 1096 1340 et
1120 1305 1156 1339 in
1178 1305 1228 1340 sui
1249 1306 1424 1353 presentia
1444 1320 1488 1342 ex
1511 1308 1624 1344 altera
1642 1328 1650 1336 ·

151 1362 317 1398 videlicet
335 1364 431 1410 quod
449 1364 543 1399 idem
564 1363 729 1398 dominus
746 1363 905 1398 Thomas
923 1363 1121 1398 vicecomes
1140 1362 1183 1398 de
1204 1362 1380 1411 Inuernys
1398 1365 1466 1399 erit
1485 1365 1598 1401 custos
1616 1372 1651 1402 et

152 1420 313 1456 defensor
332 1421 491 1455 omnium
512 1426 689 1456 terrarum
709 1439 717 1448 ·
736 1418 982 1468 poffeffionum
1002 1439 1010 1447 ·
1029 1420 1211 1455 annalium
1231 1425 1266 1455 et
1283 1421 1469 1457 bominum
1490 1442 1498 1450 ·
1512 1423 1648 1470 jurium

151 1482 187 1513 et
204 1478 408 1513 libertatum
430 1498 438 1506 ·
463 1477 656 1514 castrorum
681 1483 716 1513 et
743 1477 984 1512 maneriorum
1005 1497 1013 1505 ·
1040 1482 1111 1512 tam
1131 1477 1203 1525 ipso
1223 1478 1369 1513 domino
1387 1478 1527 1515 absente
1545 1494 1649 1528 quam

152 1536 313 1583 presente
332 1555 340 1563 ·
360 1536 616 1583 pertinentium
635 1536 679 1570 ad
697 1535 808 1583 ipsum
828 1535 1013 1570 dominum
1033 1534 1246 1582 Episcopum
1265 1540 1301 1570 et
1318 1535 1363 1570 ad
1381 1536 1535 1572 mensam
1554 1537 1650 1573 suam

154 1593 190 1627 in
208 1593 425 1641 proprietate
444 1613 452 1621 ·
475 1598 510 1628 et
534 1591 756 1628 ecclesiarum
780 1592 921 1627 suarum
945 1592 1151 1628 mensalium
1174 1597 1209 1628 et
1231 1591 1453 1628 ecclefiarum
1472 1595 1648 1642 pertinen-

152 1650 242 1685 tium
261 1651 305 1685 ad
324 1650 490 1685 fabricam
505 1670 513 1678 ·
534 1650 766 1686 tezaurariam
782 1655 817 1685 et
831 1650 1071 1685 communiam
1086 1668 1095 1677 ·
1114 1663 1183 1696 que
1200 1650 1281 1685 sunt
1294 1649 1434 1686 ecclesie
1453 1651 1496 1686 de
1512 1652 1626 1688 Ewan
1640 1673 1647 1681 ·

153 1707 196 1743 de
211 1707 356 1743 Deveth
371 1727 379 1735 ·
400 1708 443 1743 de
458 1707 488 1743 F
489 1721 634 1755 ernway
647 1727 655 1735 ·
676 1707 847 1742 Dulerus'
863 1726 872 1734 ·
889 1707 1131 1742 Ratmorchus
1146 1726 1154 1734 ·
1171 1706 1370 1755 Logykeny
1386 1726 1394 1735 ·
1411 1707 1625 1759 Abyrnethy
1641 1730 1648 1738 ·

153 1764 357 1801 Inneralien
382 1770 418 1801 et
440 1765 634 1814 Artyldole
658 1785 667 1793 ·
692 1770 817 1800 contra
840 1777 963 1800 omnes
987 1764 1234 1800 malefactores
1251 1765 1347 1800 viros
1370 1765 1596 1803 kethranicos
1614 1774 1649 1804 et

127 1844 130 1847 >
152 1822 239 1858 alios
264 1822 491 1870 quoscunque
518 1823 757 1871 cujuscunque
784 1822 890 1857 status
911 1822 969 1858 vel
994 1822 1209 1857 conditionis
1232 1821 1380 1858 existant
1399 1842 1407 1850 ·
1431 1829 1466 1859 et
1485 1825 1552 1860 erit
1569 1838 1649 1873 pro-

153 1880 292 1916 locutor
315 1886 351 1917 et
376 1881 593 1929 replegiator
618 1894 683 1927 pro
710 1879 789 1927 ipsis
811 1881 849 1915 in
871 1880 977 1916 curiis
1000 1885 1073 1915 tam
1092 1879 1229 1915 domini
1246 1880 1355 1927 patris
1372 1880 1423 1916 sui
1440 1895 1546 1928 quam
1565 1883 1648 1920 alio-

153 1949 230 1974 rum
250 1952 545 1986 quorumcunque
559 1957 566 1966 ·
583 1944 618 1974 et
636 1938 723 1986 ipsas
742 1943 854 1974 terras
866 1957 874 1965 ·
889 1937 1051 1973 homines
1065 1956 1073 1965 ·
1089 1935 1247 1973 ecclefias
1266 1942 1302 1973 et
1320 1938 1472 1974 decimas
1489 1940 1527 1975 in
1545 1940 1654 1977 liber--

151 2000 223 2032 tate
248 1996 293 2031 ad
319 1996 509 2032 utilitatem
529 1996 693 2044 Episcopi
716 2001 751 2031 et
774 1993 915 2031 ecclefie
938 1994 1149 2043 gubernabit
1169 2000 1204 2030 et
1223 1995 1390 2031 defendet
1407 2002 1532 2033 contra
1550 2000 1647 2045 quos-

151 2066 290 2101 cunque
313 2059 461 2102 excepta
478 2054 626 2102 persona
644 2054 780 2089 domini
797 2052 905 2088 nostri
925 2053 1035 2100 Regis
1056 2052 1099 2087 ab
1124 2052 1289 2088 omnibus
1309 2052 1488 2089 violentiis
1510 2055 1645 2104 injuriis

151 2111 461 2159 depredationibus
480 2111 771 2159 occupationibus
790 2115 825 2146 et
844 2109 1107 2145 namationibus
1119 2129 1127 2137 ·
1146 2115 1181 2145 et
1196 2110 1350 2158 dampna
1363 2111 1536 2148 hactenus
1551 2113 1645 2161 Epis-

150 2182 239 2216 copo
263 2174 298 2205 et
323 2169 424 2205 terris
449 2169 517 2204 suis
541 2169 640 2204 illata
661 2174 696 2204 et
718 2168 903 2203 inferenda
920 2167 1026 2203 faciet
1043 2180 1109 2215 pro
1127 2168 1221 2215 pofi'e
1239 2167 1300 2203 suo
1319 2169 1500 2204 emendari
1518 2170 1643 2217 absque

150 2224 284 2262 fiffiffia
301 2226 359 2262 vel
376 2227 500 2262 fraude
516 2246 524 2254 ·
544 2239 610 2274 pro
628 2226 814 2261 annalibus
833 2224 959 2260 debitis
975 2225 1149 2273 Episcopo
1168 2230 1204 2261 et
1222 2225 1391 2261 debendis
1410 2226 1590 2274 distringet
1607 2233 1640 2263 et

151 2283 304 2319 namabit
324 2289 396 2320 tam
418 2289 581 2320 tenentes
599 2283 734 2319 domini
752 2283 861 2332 patris
879 2282 930 2318 sui
947 2296 1054 2330 quam
1072 2282 1160 2318 alios
1177 2282 1403 2330 quoscunque
1423 2303 1430 2311 ·
1460 2283 1521 2319 Ad
1546 2286 1642 2331 quod

863 2344 886 2376 2
906 2353 926 2376 c
