2060 2660
138 1751 184 1790 96

607 156 924 193 REGISTRUM
952 156 1312 196 MORAVIENSE.
1638 168 1654 200 1
1662 169 1677 200 1
1687 168 1703 200 1

214 256 305 305 parti
330 268 435 303 quam
460 255 594 302 recepit
617 254 800 303 predi6tus
825 255 959 303 Symon
980 254 1134 303 appofita
1152 256 1231 291 sunt
1248 255 1357 303 figilla
1374 258 1525 305 predicti
1543 260 1706 310 Episcopi

214 320 249 350 et
273 312 416 362 capituli
446 332 455 340 ·
483 311 646 348 Testibus
674 312 783 348 fratre
810 312 932 347 Alano
961 331 969 340 ·
1003 312 1197 360 Radulpho
1226 313 1408 360 capellano
1435 334 1444 342 ·
1475 315 1635 354 Waltero
1663 319 1708 354 de

213 370 375 408 moravia
403 369 478 405 filio
506 370 687 417 quondam
708 369 877 417 Hugonis
900 369 944 405 de
962 369 1126 406 moravia
1157 389 1165 397 ·
1198 369 1358 405 lValtero
1383 371 1427 406 de
1445 374 1607 409 moravia
1632 375 1706 411 filio

212 427 382 463 Willelmi
400 427 444 463 de
462 427 625 464 moravia
639 447 647 455 ·
665 427 844 462 Willelmo
865 426 1058 475 Augustini
1077 446 1086 454 ·
1106 432 1141 462 et
1164 427 1324 463 Roberto
1343 427 1451 463 fratre
1470 428 1623 475 ejusdem
1643 452 1650 460 ·
1671 440 1706 468 et

212 485 287 520 aliis
300 504 308 513 ·

212 656 368 693 Collatio
386 655 527 693 ecclefie
545 658 590 693 de
610 657 815 693 Inueralian
833 670 897 705 per
918 656 1116 693 Walterum
1135 657 1179 693 de
1197 658 1361 695 moravia
1377 677 1385 686 ·

169 778 183 785 ”
213 771 391 808 Walterus
418 772 462 807 de
489 772 652 809 moravia
679 772 780 808 miles
807 772 973 808 omnibus
1000 772 1121 807 amicis
1147 772 1216 808 suis
1242 777 1278 808 et
1303 772 1507 808 hominibus
1535 773 1681 810 salutem
1701 794 1708 801 -

212 829 332 865 Sciant
354 829 532 878 presentes
550 835 586 865 et
602 829 715 866 futuri
733 843 790 866 me
809 830 938 866 dediffe
959 849 967 857 ·
992 828 1189 865 conceffiffe
1209 835 1245 866 et
1261 830 1328 866 hac
1346 830 1500 878 presenti
1517 836 1615 866 carta
1632 844 1711 867 mea

211 887 429 923 confirmass'e
448 887 531 923 Deo
550 893 586 923 et
604 886 745 923 ecclefie
764 888 895 924 Sancte
914 887 1104 923 Trinitatis
1122 887 1166 923 de
1186 887 1305 936 Elgyn
1323 887 1361 922 in
1379 901 1505 935 puram
1530 893 1565 924 et
1588 901 1713 937 perpe.

211 952 309 980 tuam
324 943 548 980 elemosinam
562 965 570 973 ·
589 945 634 980 ad
648 945 936 981 sustentationem
949 945 1081 981 fabrice
1095 944 1251 993 ejusdem
1267 944 1408 981 ecclefie
1422 945 1460 980 in
1474 951 1687 993 perpetuum
1701 966 1709 973 ·

213 1000 391 1038 ecclefiam
410 1002 453 1038 de
473 1002 679 1038 Inueralien
696 1016 778 1039 cum
796 1003 961 1038 omnibus
973 1002 1075 1051 justis
1099 1003 1324 1051 pertinentiis
1350 1003 1418 1038 suis
1443 1022 1451 1031 ·
1485 1003 1608 1046 Quare
1626 1004 1710 1039 volo

214 1065 249 1095 et
266 1059 425 1095 concedo
442 1065 484 1095 ut
502 1060 698 1108 capitulum
716 1061 877 1109 prediGoe
896 1059 1039 1096 ecclefie
1058 1060 1102 1095 de
1117 1060 1237 1109 Elgyn
1254 1065 1376 1096 teneat
1394 1066 1430 1096 et
1446 1059 1617 1109 poflideat
1634 1074 1711 1109 pre-

214 1117 347 1152 dictam
375 1115 552 1153 ecclesiam
580 1118 624 1153 de
653 1118 870 1166 Inueralyen
898 1118 944 1153 ad
971 1118 1140 1153 fabricam
1168 1118 1264 1154 dicte
1292 1116 1432 1154 ecclefie
1459 1118 1503 1154 de
1529 1118 1649 1166 Elgyn
1674 1119 1712 1153 in

214 1179 426 1222 perpetuum
458 1194 466 1202 ·
498 1175 587 1211 adeo
605 1175 715 1211 libere
733 1181 769 1211 et
786 1176 904 1223 quiete
934 1195 942 1203 ·
971 1175 1130 1223 plenarie
1149 1180 1184 1211 et
1202 1175 1399 1211 honorifice
1417 1174 1504 1211 ficut
1521 1176 1640 1223 aliqua
1658 1189 1711 1211 60-

214 1231 315 1267 clefia
332 1233 369 1266 in
388 1237 465 1267 toto
484 1245 597 1280 regno
617 1233 733 1268 Scotie
751 1233 794 1268 ab
812 1233 931 1280 aliquo
949 1232 1106 1281 capitulo
1123 1232 1269 1268 liberius
1288 1252 1296 1260 ·
1316 1233 1470 1280 quietius
1488 1251 1496 1260 ·
1519 1233 1659 1281 plenius
1677 1239 1713 1269 et

215 1289 507 1325 honorificentius
535 1295 679 1325 tenetur
707 1295 742 1326 et
773 1289 967 1338 poffidetur
995 1309 1003 1317 ·
1033 1289 1196 1326 Testibus
1226 1290 1377 1326 Andrea
1403 1290 1564 1338 episcopo
1593 1292 1712 1327 (Dora-

214 1345 322 1382 vienfi
340 1366 348 1374 ·
369 1346 510 1383 Comite
529 1347 573 1383 de
594 1347 670 1383 Ros
690 1367 698 1375 ·
724 1348 870 1383 domino
891 1348 1046 1395 Symone
1063 1348 1197 1383 vicario
1217 1348 1260 1383 de
1279 1347 1508 1383 Dundurkus
1530 1367 1539 1375 ·
1565 1348 1711 1384 domino

217 1404 408 1452 Radulpho
435 1404 618 1453 capellano
643 1405 794 1453 episcopi
812 1403 1041 1442 moravienfis
1073 1424 1082 1432 ·
1115 1404 1326 1441 Alexandro
1349 1405 1560 1441 vicecomite
1585 1406 1629 1441 de
1652 1405 1711 1441 El-

213 1474 285 1509 gyn
304 1481 313 1489 ·
333 1462 488 1510 Symone
507 1462 551 1498 de
571 1462 757 1510 Hogeston
776 1482 784 1491 ·
807 1462 968 1499 Henrico
986 1462 1175 1510 templario
1190 1482 1198 1490 ·
1214 1467 1250 1498 et
1269 1462 1345 1498 aliis
1360 1482 1368 1490 ·

217 1633 373 1669 Donatio
392 1633 542 1671 Andree
560 1635 711 1684 episcopi
729 1636 773 1671 de
792 1636 913 1671 croftis
931 1636 1143 1672 clericorum
1161 1635 1199 1670 in
1216 1635 1250 1671 le
1268 1635 1463 1671 burchalch
1482 1654 1491 1663 ·

212 1747 390 1784 Omnibus
408 1749 537 1785 Christi
558 1750 722 1786 fidelibus
744 1750 812 1786 hoc
834 1750 1001 1798 scriptum
1018 1749 1143 1786 visuris
1160 1749 1218 1785 vel
1236 1750 1412 1786 audituris
1431 1749 1597 1786 Andreas
1614 1751 1711 1787 mise-

212 1806 349 1842 ratione
373 1807 493 1843 divina
516 1806 746 1844 moravienfis
769 1807 951 1856 episcopus
974 1813 1135 1844 eternam
1152 1808 1190 1843 in
1208 1807 1371 1844 Domino
1389 1807 1536 1844 salutem
1556 1827 1565 1836 ·
1592 1808 1713 1845 Nove-

211 1864 286 1899 ritis
303 1863 457 1900 univerfi
473 1878 540 1900 nos
559 1865 687 1901 dediffe
711 1870 747 1901 et
770 1863 968 1901 concefliss'e
994 1870 1031 1901 et
1056 1865 1122 1901 hac
1143 1865 1297 1913 presenti
1319 1870 1417 1901 carta
1442 1865 1561 1901 nostra
1585 1866 1713 1902 confir-

212 1921 315 1957 maffe
337 1922 378 1968 ,in
404 1922 551 1958 liberam
577 1935 703 1970 puram
730 1928 766 1958 et
788 1928 998 1971 perpetuam
1020 1921 1246 1959 elemofinam
1264 1923 1400 1958 decano
1419 1942 1428 1951 ·
1447 1923 1585 1959 cantori
1605 1943 1613 1952 ·
1632 1936 1713 1959 can-

211 1978 354 2015 cellario
382 1999 390 2007 ·
414 1980 631 2016 thesaurario
659 1999 668 2008 ·
695 1980 945 2016 archidiacono
969 1981 1132 2018 (Doravie
1159 1999 1168 2008 ·
1195 1980 1341 2016 cuilibet
1367 1993 1493 2016 eorum
1518 1980 1650 2016 toftum
1676 1986 1712 2017 et

211 2037 364 2072 croftum
381 2042 535 2085 quatuor
549 2051 713 2074 acrarum
728 2058 737 2066 -
756 2043 792 2074 et
809 2038 1017 2086 quibusdam
1031 2038 1107 2074 aliis
1121 2039 1301 2075 canonicis
1315 2058 1324 2067 ·
1342 2038 1473 2075 scilicet
1486 2038 1685 2076 subdecano
1700 2059 1709 2067 ·

211 2094 407 2130 succentori
426 2115 434 2123 ·
460 2100 496 2131 et
513 2095 679 2143 magistro
698 2095 763 2131 ·H-
782 2096 956 2132 canonico
975 2096 1019 2132 de
1038 2096 1160 2145 Spyny
1178 2115 1187 2125 ·
1209 2096 1375 2144 magistro
1394 2096 1576 2133 Edwardo
1595 2123 1604 2132 .
1624 2096 1710 2132 Wil-

211 2151 317 2187 lelmo
335 2152 379 2188 de
394 2153 557 2190 moravia
570 2172 579 2181 ·
600 2153 763 2189 Roberto
781 2154 954 2190 canonico
969 2154 1013 2190 de
1027 2154 1179 2203 Duppol
1193 2173 1202 2182 ·
1221 2154 1368 2190 domino
1383 2154 1519 2191 Simoni
1537 2153 1708 2189 canonico

211 2209 255 2244 de
272 2211 361 2258 OEuy
373 2229 381 2239 ·
396 2211 541 2247 cuilibet
559 2224 685 2247 eorum
702 2212 832 2247 toftum
851 2216 887 2248 et
905 2211 1060 2248 croftum
1079 2212 1232 2248 duarum
1249 2225 1413 2248 acrarum
1430 2212 1468 2246 in
1483 2210 1682 2247 Burchalch
1698 2229 1706 2237 ·

212 2266 450 2304 Concedimus
467 2269 573 2305 etiam
591 2269 762 2317 predi6fis
780 2269 960 2306 canonicis
979 2275 1015 2306 et
1032 2269 1109 2306 aliis
1127 2269 1306 2306 canonicis
1320 2266 1549 2306 moraviensis
1566 2265 1706 2303 ecclefie
