1912 2660
69 140 307 165 KYNNEDOUR.
769 126 1145 163 MORAVIENSIS.
1630 136 1701 172 437

641 324 853 356 BARONIA
875 324 937 356 DE
961 324 1261 357 KYNNEDOUR.

202 428 311 459 VlLLA
327 437 371 458 DE
388 427 616 458 Kynannoun
632 427 739 458 solvefl
755 427 788 458 in
804 438 889 458 anno
905 427 1015 459 decem
1031 427 1154 459 celdras
1169 428 1279 459 decem
1295 428 1396 460 bollas
1411 430 1509 468 ordei,
1526 437 1596 463 octo
1613 433 1689 464 duo-

201 480 298 511 denas
311 489 479 520 caponum,
491 478 567 508 xxiv
579 478 680 509 bollas
696 478 784 509 ordei
799 479 833 509 in
848 479 938 510 arida
952 479 1105 517 multura,
1117 484 1149 510 et
1160 479 1248 510 omni
1260 479 1399 511 triennio
1414 492 1457 511 xx
1466 481 1521 512 lib.
1534 482 1687 523 greffume

201 541 274 562 cum
289 529 430 571 servicijs
444 529 542 560 solitis
558 534 590 560 et
606 529 773 567 consuetis,
791 541 856 560 una
871 541 945 561 eum
961 535 1032 562 octo
1048 530 1146 562 aucis.

328 580 477 611 Andreas
493 580 683 611 Andersoun
729 580 785 611 viii
801 592 874 622 pars

324 631 463 662 Jacobus
479 630 622 662 Wisman
668 631 713 662 xii
729 643 802 673 pars

327 682 467 713 Thomas
485 682 670 714 Sandesoun
716 682 760 713 xii
777 694 850 724 pars

326 733 455 764 Relicta
470 734 649 764 Alexandri
665 733 808 764 Wisman
852 734 910 765 viii
926 745 1001 777 pars

325 785 475 826 Jasparus
491 784 684 816 Winehister
728 785 784 815 viii
800 796 873 827 pars

325 836 489 867 Henrieus
506 836 649 866 Wisman
693 836 749 866 xvi
765 847 838 878 pars

325 886 488 917 Henrieus
505 886 573 917 Dik
617 886 662 917 xii
678 898 752 929 pars

323 938 508 968 Alexander
524 937 664 968 Wisman
676 938 788 979 junior
832 938 889 969 viii
905 949 978 980 pars

322 989 486 1020 Johannes
503 988 626 1020 Russell
670 989 715 1020 xii
731 1001 804 1031 pars

323 1039 508 1071 Richardus
524 1039 677 1082 Wysman
723 1041 778 1070 xvi
794 1051 866 1082 pars

194 1143 443 1173 Smmmzcssom*
459 1141 565 1172 solvefi
581 1141 615 1172 in
631 1153 716 1172 anno
731 1153 774 1172 xx
787 1145 811 1172 Ξ.
828 1141 930 1173 firme.

319 1193 479 1224 Tenentes
496 1192 697 1234 Kynnedour

192 1295 348 1326 BRASINA
363 1294 505 1337 superior
521 1294 628 1326 solvefi
643 1295 678 1325 iu
692 1306 778 1326 anno
793 1294 826 1325 xl
843 1298 868 1325 S.

190 1398 340 1428 Panum
357 1397 396 1428 de
412 1397 615 1438 Kynnedour
631 1397 664 1427 in
681 1397 829 1428 manibus
845 1397 988 1428 Domini.

188 1500 347 1531 BRAsmA
364 1499 468 1530 media
484 1500 516 1530 in
536 1499 736 1541 Kynnedour
752 1499 858 1530 solvefi
874 1499 907 1530 in
924 1510 1008 1529 anno
1024 1503 1096 1530 octo
1111 1498 1224 1530 solidos
1240 1499 1331 1532 firme
1347 1505 1378 1532 et
1394 1511 1489 1532 unam
1507 1512 1629 1533 aucam.

316 1551 446 1581 Relicta
461 1550 640 1581 Alexandri
658 1550 809 1592 Wysman
855 1550 993 1581 dimedia
1008 1561 1081 1592 pars

316 1603 479 1633 Henricus
496 1602 638 1632 Wisman
682 1602 745 1632 alia
761 1602 899 1633 dimedia
915 1613 989 1643 pars

187 1706 333 1737 HonTth
350 1704 511 1736 Emscom
529 1704 636 1735 solvefi
652 1704 687 1735 in
702 1715 788 1735 anno
804 1709 876 1735 octo
891 1703 1005 1735 solidos
1022 1703 1113 1734 firme
1129 1709 1161 1735 et
1175 1703 1226 1735 sex
1242 1715 1388 1747 capones.

314 1756 497 1787 Richardus
514 1756 667 1797 WVysman

184 1861 375 1890 ARnEwArr
391 1858 497 1889 solvefi
513 1859 546 1888 in
562 1870 647 1889 anno
664 1869 779 1889 novem
795 1858 849 1888 lib.
868 1857 970 1895 firme,
988 1869 1087 1889 unam
1106 1862 1253 1896 martam,
1276 1863 1414 1900 quatuor
1429 1863 1586 1896 mutones,
1604 1871 1680 1901 qua-

183 1917 256 1942 tuor
274 1922 383 1952 agnos,
404 1916 542 1951 quatuor
561 1921 666 1947 aucas,
687 1914 825 1951 quatuor
844 1909 1008 1940 duodenas
1028 1920 1197 1951 caponum,
1220 1914 1357 1951 quatuor
1377 1910 1478 1941 bollas
1504 1921 1678 1942 avenarum

181 1973 256 1994 eum
272 1962 398 2004 pabulo,
423 1962 468 1991 xii
484 1961 584 1992 bollas
600 1961 689 1992 ordei
705 1962 738 1991 in
755 1961 845 1992 arida
860 1961 1014 1999 multura,
1032 1966 1064 1992 et
1080 1960 1169 1992 omni
1184 1960 1324 1993 triennio
1339 1972 1456 1993 novem
1471 1961 1526 1993 lib.
1542 1962 1676 2004 pecunie

181 2014 215 2044 in
230 2012 398 2055 greflfflna,
416 2024 490 2043 eum
506 2012 657 2054 servicijs.

309 2064 494 2095 Alexander
510 2064 611 2094 Alues
656 2068 770 2105 quarta
785 2074 858 2105 pars

307 2115 436 2146 Relicta
451 2115 470 2145 J
473 2116 562 2145 aeobi
579 2115 657 2145 Man
702 2120 817 2156 quarta
832 2125 905 2156 pars

307 2166 471 2197 Johannes
489 2166 636 2197 Simsoun
681 2165 768 2196 sexta
783 2177 857 2208 pars

307 2218 447 2248 Thomas
463 2217 653 2248 Andersoun
698 2216 785 2248 sexta
800 2228 873 2258 pars

305 2269 490 2300 Alexander
506 2267 697 2300 Andersoun
741 2268 799 2299 viii
813 2279 887 2310 pars
