2152 2688
393 935 434 966 11

389 1916 434 1949 12

478 88 552 125 464
955 90 1135 128 CARTE
1161 89 1503 127 ORIGINALES.

480 189 596 224 eidem
615 188 781 237 Conghal
807 194 843 225 et
868 189 1057 225 heredibus
1082 189 1150 225 suis
1173 202 1262 237 quos
1280 189 1324 224 de
1344 188 1428 224 Ada
1444 187 1519 222 filia
1537 186 1678 222 Radulf
1698 187 1821 235 sponsa
1838 188 1899 224 sua
1915 188 1978 225 ha-

481 246 599 282 buerit
617 246 661 282 de
678 246 843 294 predksto
862 246 921 282 ·R-
940 247 1071 283 comite
1096 253 1132 283 et
1158 246 1348 282 heredibus
1374 245 1442 280 suis
1460 244 1497 279 in
1514 243 1622 279 feodo
1639 249 1675 280 et
1692 245 1891 282 hereditate
1916 259 1980 295 per

481 309 595 339 rectas
613 303 738 340 divisas
755 304 832 340 suas
849 310 885 340 et
903 317 984 340 cum
1004 304 1168 340 omnibus
1180 303 1281 352 justis
1305 300 1530 350 pertinentiis
1556 300 1625 336 suis
1652 301 1702 337 ita
1729 302 1840 339 libere
1860 303 1979 351 quiete

481 360 639 409 plenarie
661 366 697 397 et
718 361 915 398 honorifice
943 360 1030 398 ficut
1056 367 1154 397 carta
1180 360 1268 395 diCti
1287 359 1346 394 -R·
1366 357 1505 394 comitis
1528 357 1613 394 inde
1630 359 1795 406 predi6to
1814 360 1980 409 Conghal

478 418 618 466 plenius
636 418 801 455 confeehz
811 418 905 468 juste
922 418 1068 455 testatur
1087 437 1095 446 ·
1115 417 1210 453 salvo
1228 416 1375 452 servicio
1393 414 1513 450 nostro
1529 434 1538 442 ·
1558 414 1720 452 Testibus
1738 417 1796 452 W·
1815 418 1978 467 episcopo

479 475 685 512 Glascuenfi
702 476 916 513 cancellario
935 495 944 504 ·
970 475 1019 511 A·
1041 475 1183 511 Abbate
1201 474 1246 510 de
1264 473 1400 511 melros
1412 492 1427 509 .·
1457 472 1507 508 A·
1528 472 1670 510 Abbate
1688 474 1733 510 de
1752 474 1876 524 Cupro
1896 496 1905 504 ·
1927 476 1976 512 H·

479 533 621 570 Abbate
640 534 685 570 de
703 534 836 570 saneta
846 534 964 570 Cruce
977 552 985 561 ·
1007 532 1057 567 H·
1070 532 1114 568 de
1133 531 1303 568 Strivelin
1320 530 1395 566 filio
1413 529 1554 566 comitis
1565 530 1687 567 David
1703 551 1711 560 ·
1731 531 1914 569 Willelmo
1933 534 1977 570 de

478 591 647 640 Breyhyn
667 611 675 619 -
706 591 840 640 Eymer
857 591 901 627 de
920 589 1133 628 maccuswel
1153 608 1162 617 ·
1192 588 1239 624 R·
1266 588 1341 623 filio
1369 587 1465 636 Glay
1485 607 1493 615 ·
1521 589 1618 636 apud
1645 589 1764 626 Schon
1784 592 1891 628 tertio
1920 592 1977 628 die

478 648 614 697 Aprilis
632 661 727 685 anno
744 649 849 697 regni
867 647 1019 684 Domini
1038 646 1149 695 Regis
1166 644 1330 683 vicefimo
1350 665 1358 674 ·

478 822 587 858 Carta
605 822 648 858 de
669 821 841 858 Kintesak
860 839 870 850 ο

476 937 686 973 Alexander
708 936 780 972 Dei
806 935 921 983 gratia
949 934 1031 970 Rex
1059 934 1268 971 Scottorum
1295 934 1461 970 omnibus
1488 934 1608 982 probis
1636 934 1840 971 hominibus
1868 937 1977 972 totius

473 1001 568 1031 terre
587 995 645 1030 sue
663 994 810 1029 salutem
826 1013 834 1021 ·
863 992 985 1029 Sciant
1002 992 1184 1041 presentes
1202 997 1238 1028 et
1255 992 1368 1028 futuri
1386 1005 1452 1028 nos
1469 992 1648 1028 tradidiffe
1666 993 1711 1029 ad
1728 993 1976 1030 seodofirmam

474 1052 632 1087 Rioardo
647 1052 691 1087 de
706 1051 870 1088 moravia
887 1063 1055 1099 magnam
1072 1050 1284 1099 Kyncoreth
1302 1055 1339 1086 et
1356 1063 1503 1099 parvam
1518 1049 1737 1099 Kyntefi'och
1749 1071 1758 1080 ·
1784 1051 1976 1088 Tenendas

473 1114 508 1145 et
525 1109 705 1145 habendas
723 1109 838 1145 eidem
859 1108 1017 1145 Ricardo
1036 1114 1073 1144 et
1089 1108 1281 1144 heredibus
1298 1108 1367 1145 suis
1385 1108 1429 1144 de
1448 1108 1550 1144 nobis
1574 1114 1611 1144 et
1635 1109 1825 1146 heredibus
1851 1110 1976 1146 nostris

472 1168 516 1203 ad
542 1173 752 1216 perpetuam
776 1167 916 1203 firmam
938 1166 1049 1203 libere
1067 1167 1186 1214 quiete
1206 1186 1215 1195 ·
1235 1166 1420 1203 reddendo
1439 1166 1626 1202 annuatim
1643 1180 1709 1215 pro
1728 1180 1858 1215 magna
1878 1168 1977 1216 Kyn-

472 1226 596 1261 coreth
622 1230 776 1273 quatuor
793 1225 900 1260 libras
917 1230 953 1261 et
970 1230 1126 1272 quatuor
1142 1224 1273 1260 solidos
1288 1244 1296 1253 ·
1316 1230 1352 1260 et
1369 1237 1435 1273 pro
1453 1237 1563 1272 parva
1583 1224 1802 1273 Kyntefl'och
1819 1232 1973 1273 quatuor

472 1283 607 1319 celdras
624 1283 708 1319 boni
727 1283 838 1319 brasei
857 1288 893 1319 et
910 1282 1101 1319 duodecim
1119 1282 1249 1319 solidos
1267 1302 1276 1311 ·
1295 1288 1332 1319 et
1349 1282 1529 1330 sequendo
1547 1282 1796 1319 molendinum
1814 1283 1973 1320 nostrum

472 1341 516 1377 de
535 1341 645 1377 Fores
660 1361 668 1369 ·
698 1341 746 1376 Et
764 1341 814 1377 ita
831 1341 972 1388 quietus
998 1341 1067 1377 erit
1093 1341 1209 1377 dictus
1231 1341 1409 1377 Ricardus
1437 1340 1482 1376 de
1511 1340 1676 1377 omnibus
1703 1341 1912 1389 frithelagiis
1938 1348 1973 1377 et

470 1399 641 1435 hostiariis
655 1419 664 1428 ·
693 1398 855 1435 Testibus
874 1398 1036 1435 Waltero
1053 1398 1128 1435 filio
1148 1399 1260 1435 Alani
1278 1398 1464 1435 senescallo
1482 1398 1506 1435 J
1509 1398 1683 1435 usticiario
1709 1399 1832 1435 Scocie
1847 1419 1856 1428 ·
1877 1399 1971 1435 Wal-

470 1463 548 1493 tero
561 1458 705 1505 Cumyn
723 1457 854 1493 comite
872 1457 917 1493 de
930 1457 1117 1494 meneteth
1132 1477 1140 1486 ·
1160 1459 1211 1495 (D-
1226 1458 1356 1493 comite
1376 1457 1421 1493 de
1436 1456 1588 1504 Anegus
1600 1476 1608 1485 ·
1628 1457 1750 1493 Alano
1767 1457 1948 1494 Hostiario
1961 1477 1969 1485 ·

471 1515 631 1551 Waltero
647 1516 749 1563 Byset
763 1535 771 1543 ·
792 1515 914 1551 David
928 1516 1117 1552 marscallo
1130 1535 1138 1544 ·
1159 1515 1320 1552 Waltero
1340 1516 1384 1551 de
1403 1514 1487 1550 Dus
1489 1514 1554 1550 hus
1568 1534 1576 1542 ·
1597 1514 1758 1551 Waltero
1773 1516 1817 1551 de
1830 1515 1944 1563 Petyn
1960 1535 1967 1543 ·

472 1575 522 1609 (T)-
538 1573 581 1609 de
600 1579 718 1611 monte
737 1573 810 1609 alto
823 1593 832 1601 ·
851 1574 947 1621 apud
962 1574 1072 1610 Fores
1090 1572 1254 1611 vicefimo
1272 1574 1380 1610 tertio
1399 1573 1457 1609 die
1473 1571 1561 1621 Julij
1581 1585 1677 1609 anno
1695 1573 1797 1621 regni
1817 1573 1968 1609 Domini

473 1631 583 1678 Regis
602 1630 764 1666 vicefimo
782 1631 937 1667 secundo
954 1651 961 1659 ·

474 1802 693 1850 Kyncardyn
713 1823 720 1830 ·

470 1917 591 1953 Sciant
621 1929 745 1953 omnes
773 1922 845 1952 tam
874 1918 1053 1966 presentes
1081 1932 1188 1966 quam
1212 1918 1325 1955 futuri
1346 1918 1444 1966 quod
1466 1918 1546 1966 Ego
1565 1916 1721 1955 malifius
1739 1930 1858 1953 comes
1877 1917 1970 1953 Stra-

469 1975 559 2010 hei-n
589 1974 671 2010 dedi
699 1973 849 2011 concessi
877 1981 913 2011 et
938 1976 1004 2012 hac
1031 1977 1185 2023 presenti
1206 1982 1305 2013 carta
1322 1989 1402 2013 mea
1419 1976 1632 2012 confirmaui
1651 1975 1832 2012 Amabilie
1859 1975 1970 2011 sorori

469 2045 547 2068 mee
565 2032 610 2068 ad
629 2032 736 2081 ipsam
761 2033 993 2070 maritandam
1018 2040 1130 2070 totam
1150 2040 1282 2070 terram
1301 2035 1346 2070 de
1366 2033 1593 2083 Kynkardyn
1611 2034 1648 2069 in
1669 2033 1808 2070 Kather
1825 2033 1969 2069 leuenas

468 2103 537 2138 que
552 2089 601 2126 est
612 2090 718 2138 juxta
734 2090 1058 2128 Hucterhardouer
1076 2091 1146 2128 fine
1165 2092 1284 2140 aliquo
1303 2092 1544 2128 retinemento
1558 2111 1567 2120 ·
1589 2092 1634 2127 In
1647 2091 1750 2128 bosco
1763 2111 1772 2119 ·
1788 2091 1824 2126 in
1838 2090 1945 2139 plano
1958 2109 1966 2117 ·

467 2149 505 2183 in
523 2148 634 2198 pratis
653 2168 662 2176 ·
691 2148 730 2183 in
748 2148 882 2197 pascuis
902 2168 910 2177 ·
936 2149 973 2185 in
991 2149 1100 2185 moris
1118 2155 1154 2186 et
1172 2150 1325 2186 mariscis
1348 2170 1357 2178 ·
1389 2149 1433 2186 In
1451 2149 1606 2198 stangnis
1624 2155 1660 2186 et
1677 2148 1889 2187 molendinis
1906 2161 1968 2196 per
