2060 2660
63 1091 134 1122 ⁶205
164 1088 514 1126 CONVOCATIO
541 1088 844 1125 GENERALIS
868 1089 1122 1125 canonicorum
1141 1089 1280 1126 ecclefie
1300 1089 1531 1126 Moravienfis
1552 1091 1644 1126 faeta

163 1147 199 1181 in
226 1147 349 1182 eadem
373 1160 436 1195 per
460 1147 693 1182 reverendum
717 1146 753 1181 in
772 1145 910 1181 Christo
932 1151 1068 1193 patrem
1087 1152 1123 1182 et
1140 1147 1324 1183 dominum
1343 1148 1526 1183 dominum
1543 1148 1644 1184 Jaco-

162 1204 246 1238 bum
275 1204 502 1240 miseracione
531 1204 651 1238 divina
680 1203 880 1251 episcopum
909 1202 1170 1239 Mol-aviensem
1199 1205 1409 1240 duodecimo
1437 1205 1493 1240 die
1521 1203 1643 1240 meniis

165 1260 375 1295 Decembris
393 1274 488 1296 anno
507 1260 657 1295 Domini
674 1258 855 1295 millesimo
874 1259 1216 1307 quadringentesimo
1234 1260 1441 1308 sexagesimo
1461 1281 1469 1289 ·

165 1317 338 1353 Absentes
364 1318 407 1352 ab
434 1318 556 1353 eadem
584 1317 841 1353 convocatione
863 1335 871 1344 ·
905 1316 965 1352 Ad
988 1317 1098 1352 altare
1125 1318 1245 1353 saneti
1273 1318 1431 1353 Duthaci
1458 1319 1642 1353 fundatum

163 1387 226 1421 per
243 1375 424 1421 quondam
442 1374 644 1422 magistrum
663 1374 882 1409 Willelmum
901 1374 945 1409 de
963 1373 1113 1410 Birneth
1133 1394 1141 1401 ·

165 1431 332 1466 Decanus
347 1451 355 1459 ·
376 1432 479 1467 Unus
494 1432 583 1467 calix
598 1431 787 1479 argenteus
801 1431 989 1467 deauratus
1004 1450 1012 1458 ·
1031 1444 1143 1466 unum
1161 1431 1291 1467 miffale
1306 1451 1314 1459 ·
1334 1445 1445 1467 unum
1463 1432 1643 1468 vestimen-

164 1494 239 1523 tum
259 1489 437 1536 integrum
459 1489 502 1524 de
520 1489 552 1524 le
571 1488 855 1524 burdalexander
874 1508 882 1515 ·

167 1545 302 1580 Cantor
317 1565 325 1573 ·
346 1546 432 1581 Duo
450 1545 661 1581 candelabra
679 1564 687 1572 ·
713 1558 825 1580 unum
844 1545 1003 1580 cocleare
1021 1550 1227 1592 argenteum
1247 1564 1255 1572 ·
1283 1545 1354 1580 duo
1373 1546 1545 1593 mappalia
1562 1559 1642 1581 cum

166 1602 303 1637 duobus
320 1603 494 1638 frontellis
513 1622 520 1630 ·
547 1603 615 1638 due
632 1602 716 1637 stole
734 1602 875 1637 stannee
888 1621 895 1629 ·
915 1614 1027 1636 unum
1045 1602 1271 1649 pendiculare
1285 1621 1292 1629 ·
1316 1615 1388 1637 una
1405 1615 1515 1650 perna
1526 1622 1534 1630 ·
1554 1616 1644 1638 cam-

165 1672 256 1706 pana
274 1659 431 1706 pendens
450 1679 458 1686 ·

166 1715 451 1751 Archidiaconus
470 1736 478 1743 -
508 1716 599 1751 Item
623 1729 735 1751 unum
763 1715 1011 1751 candelabrum
1039 1715 1193 1751 ferreum
1219 1716 1376 1763 pendens
1394 1716 1431 1751 in
1454 1716 1563 1751 altare
1581 1729 1644 1763 pro

165 1772 327 1820 lampade
345 1778 381 1808 et
398 1773 474 1808 aliis
493 1773 684 1808 luminibus
703 1792 710 1800 ·

127 1844 130 1847 ⁴
166 1829 360 1865 succentor
379 1849 387 1857 ·
418 1830 509 1865 Item
535 1830 607 1865 duo
634 1829 830 1877 corporalia
853 1834 888 1864 et
911 1834 951 1864 ut
973 1829 1128 1864 creditur
1149 1830 1217 1865 tria
1235 1849 1243 1857 ·
1270 1842 1382 1865 unum
1409 1830 1453 1865 de
1480 1830 1512 1865 le
1537 1829 1644 1865 lawin

166 1892 201 1921 et
219 1887 290 1922 duo
310 1887 353 1922 de
371 1887 567 1934 pannoloto
587 1906 595 1914 ·

168 1944 424 1979 Prebendarios
442 1944 486 1979 de
505 1944 631 1992 Dupill
650 1963 657 1971 ·
680 1942 849 1991 Kyngusy
865 1962 872 1970 ·
901 1942 1145 1991 Innerkethny
1165 1962 1173 1971 ·
1201 1943 1335 1991 Botary
1354 1962 1361 1971 ·
1391 1943 1508 1979 Adwe
1534 1963 1541 1971 ·
1569 1944 1645 1979 Du-

167 2001 268 2036 thoill
283 2020 291 2029 ·
312 2000 423 2049 Moye
442 2006 477 2036 et
497 2001 597 2036 Pette
618 2000 839 2036 decernimus
857 1999 1011 2035 incidiffe
1027 2013 1155 2048 penam
1174 2000 1211 2035 in
1228 2000 1338 2036 literis
1355 2000 1459 2049 hujus
1477 2013 1646 2036 convoca-

167 2058 272 2093 tionis
290 2064 494 2093 contentam
514 2077 522 2085 ·

168 2114 245 2150 Nos
268 2115 423 2151 ,Iacobus
449 2114 675 2149 miseracione
702 2113 821 2148 divina
847 2114 1026 2162 episcopus
1048 2112 1280 2149 Moravienfis
1301 2114 1496 2162 presentem
1519 2127 1647 2149 convo-

169 2172 343 2207 cationem
373 2172 409 2206 in
440 2171 603 2206 omnibus
628 2170 716 2205 statu
741 2171 863 2218 vigore
887 2176 922 2206 et
946 2170 1074 2205 effectu
1099 2170 1225 2217 quibus
1247 2183 1343 2207 nunc
1366 2171 1646 2206 continuavimus

169 2227 275 2275 usque
292 2229 337 2264 ad
355 2229 498 2264 oetavas
518 2227 714 2275 Epiphanie
731 2241 812 2263 cum
831 2227 1097 2263 continuatione
1116 2227 1253 2263 dierum
1271 2227 1549 2275 subsequentium
1565 2247 1572 2254 ·
