1912 2660
103 883 174 916 248

601 152 916 190 REGISTRUM
944 154 1306 194 MORAVIENSE.
1618 166 1689 198 323

204 251 311 288 caufis
329 251 496 300 predictis
515 256 551 287 et
568 264 642 287 non
660 251 764 287 aliter
781 257 991 288 convertere
1009 253 1125 288 valeas
1142 253 1320 289 licentiam
1339 261 1374 290 et
1392 256 1595 303 potestatem
1614 259 1691 294 nos-

203 315 294 345 tram
312 309 451 358 plenius
468 309 692 357 impartimur
704 328 712 337 ·
729 309 924 345 dummodo
937 311 1178 357 reparationes
1191 311 1261 346 loci
1279 313 1426 359 predicti
1445 313 1547 360 plene
1565 320 1600 349 et
1613 328 1692 363 per-

203 366 293 402 fecte
309 366 387 402 fieri
404 366 510 402 facias
528 371 564 402 et
581 366 765 403 conserves
783 379 849 414 pro
864 367 1025 402 conceffo
1040 367 1103 402 tibi
1119 373 1279 415 tempore
1297 368 1435 416 plenius
1453 375 1488 404 et
1505 371 1692 417 perfectius

203 429 405 471 reparatum
426 443 434 452 ·
468 423 514 459 In
532 424 632 473 cujus
649 424 702 460 rei
719 423 958 460 testimonium
978 425 1195 472 presentibus
1212 425 1322 460 literis
1345 445 1353 453 ·
1376 425 1451 474 post
1467 426 1647 463 biennium
1673 443 1693 463 a

203 480 285 515 data
310 481 503 516 earundem
531 482 701 518 continue
728 486 956 517 numeratum
982 482 1128 517 minime
1146 482 1306 518 valituris
1328 502 1336 510 ·
1361 481 1512 530 sigillum
1536 484 1692 520 nostrum

202 538 423 574 autenticum
450 538 597 575 fecimus
623 539 756 588 apponi
781 539 876 587 apud
901 538 1050 575 castrum
1077 539 1235 575 nostrum
1262 540 1306 575 de
1331 540 1440 588 Spyni
1466 541 1503 575 in
1533 542 1694 577 moravia

202 595 298 630 sexto
317 595 372 631 die
391 595 515 631 menfis
534 597 718 633 Februarii
736 610 831 632 anno
849 596 1188 644 m⁰·ccc⁰·lxxx''³⁰·iij·

203 765 480 803 Instrumentum
499 768 602 816 super
621 768 811 804 collatione
831 775 1002 817 perpetue
1022 769 1152 805 vicarie
1172 769 1215 804 de
1233 768 1321 817 Dyk
1339 788 1347 796 ·

202 880 247 916 In
261 881 332 917 Dei
346 882 491 919 nomine
509 896 614 919 amen
633 903 641 911 ·
662 883 730 919 Per
749 884 817 920 hoc
834 884 975 932 presens
993 883 1174 932 publicum
1189 882 1461 919 instrumentum
1483 885 1622 920 cunctis
1639 899 1696 933 pa-

201 943 274 974 teat
288 939 471 975 evidenter
484 941 580 988 quod
594 954 689 976 anno
707 941 750 976 ab
764 942 1009 977 incarnatione
1024 940 1175 976 Domini
1188 940 1368 978 ‹oillefimo
1383 945 1468 977 ccc⁰·
1483 941 1696 989 octogesimo

202 995 298 1031 sexto
317 995 441 1031 menfis
456 997 666 1033 Decembris
679 999 735 1034 die
750 1003 876 1046 quarta
895 1018 903 1026 ·
933 998 1131 1034 indictione
1156 998 1228 1033 -ix’³·
1245 998 1472 1046 pontificatus
1498 998 1697 1035 sanctissimi

202 1053 237 1087 in
267 1052 405 1089 Christo
432 1055 541 1102 patris
572 1060 608 1090 et
635 1056 772 1091 domini
798 1056 933 1091 domini
960 1056 1158 1092 Clementis
1186 1055 1280 1104 Pape
1311 1055 1419 1105 ‚yijm¹·
1456 1069 1552 1091 anno
1582 1057 1695 1092 ·viiiv⁰·

201 1110 238 1144 in
258 1109 398 1146 ecclefia
416 1112 608 1159 parochiali
628 1113 671 1148 de
690 1113 777 1161 Dyk
797 1132 805 1140 ·
823 1113 913 1149 hora
939 1112 1033 1160 quafi
1051 1113 1156 1148 tertia
1174 1132 1182 1140 ·
1210 1113 1248 1148 in
1265 1113 1336 1148 mei
1353 1114 1482 1162 notarij
1502 1114 1635 1162 publici
1662 1122 1696 1150 et

202 1166 338 1202 testium
355 1168 625 1217 subscriptorum
641 1170 817 1218 presentia
834 1170 1030 1206 constitutis
1044 1170 1242 1206 reverendo
1256 1170 1294 1205 in
1310 1170 1449 1206 Christo
1462 1176 1563 1218 patre
1577 1184 1618 1207 ac
1636 1172 1696 1208 do-

203 1225 301 1260 mino
313 1225 459 1260 domino
474 1225 683 1262 Alexandro
695 1227 767 1263 Dei
778 1227 893 1274 gratia
904 1227 1065 1275 episcopo
1080 1225 1293 1264 moraviensi
1304 1240 1348 1263 ex
1359 1233 1458 1275 parte
1469 1240 1542 1263 una
1553 1234 1589 1264 et
1600 1228 1697 1264 Tho-

204 1294 261 1317 ma
280 1282 406 1317 Brothi
426 1288 460 1318 et
474 1283 639 1320 Johanne
659 1284 797 1332 Brothy
816 1284 889 1320 filio
909 1285 970 1320 suo
994 1284 1121 1320 seniori
1140 1297 1184 1320 ex
1201 1284 1313 1320 altera
1327 1304 1335 1312 ·
1354 1284 1475 1320 habito
1492 1285 1590 1333 prius
1607 1291 1697 1322 trac-

203 1344 279 1374 tatu
302 1339 345 1374 de
370 1341 596 1387 promotione
616 1341 816 1377 Alexandri
842 1342 886 1378 de
905 1342 1043 1390 Brothy
1060 1342 1124 1377 filii
1143 1341 1298 1390 junioris
1324 1340 1426 1390 ipsius
1444 1341 1586 1378 Thome
1610 1348 1696 1379 tunc

203 1396 351 1432 absentis
367 1416 374 1424 ·
391 1403 426 1432 et
439 1403 583 1446 accepta
595 1399 760 1434 cautione
774 1399 929 1447 ipsorum
943 1399 1084 1435 Thome
1103 1405 1139 1435 et
1151 1399 1326 1436 ,Iohannis
1339 1412 1403 1448 per
1416 1399 1501 1436 fidei
1514 1400 1695 1437 dationem

202 1453 298 1500 quod
317 1454 434 1490 dictus
451 1454 659 1492 Alexander
674 1456 717 1492 de
732 1456 859 1492 Brothi
872 1462 948 1492 rata
965 1462 1001 1493 et
1014 1457 1116 1492 firma
1132 1457 1280 1492 haberet
1295 1457 1415 1493 omnia
1429 1462 1464 1494 et
1478 1456 1614 1506 singula
1627 1472 1696 1506 que

203 1523 265 1558 per
285 1511 422 1547 eosdem
443 1512 479 1547 in
496 1512 565 1548 hoc
583 1513 738 1549 tractatu
758 1513 890 1549 fiebant
908 1533 916 1542 ·
935 1514 1028 1550 facta
1045 1514 1151 1550 etiam
1169 1514 1361 1562 spontanea
1373 1513 1608 1563 resignatione
1620 1528 1696 1564 per-

202 1573 308 1615 petue
327 1568 455 1604 vicarie
474 1570 518 1605 de
536 1570 619 1618 Dyk
637 1583 700 1619 per
718 1571 904 1607 dominum
922 1571 1125 1608 Johannem
1152 1571 1264 1607 filium
1293 1571 1414 1607 Colini
1437 1572 1554 1608 ultimi
1572 1573 1693 1621 vicarij

202 1625 399 1672 [ultimum
418 1627 601 1663 vicarium
615 1628 653 1673 ?]
675 1627 830 1677 ejusdem
851 1634 938 1665 tunc
964 1628 1220 1677 presentialiter
1237 1629 1285 1664 in·
1299 1642 1424 1664 manus
1443 1629 1578 1664 domini
1602 1630 1697 1678 Epis-

204 1682 284 1730 copi
302 1683 474 1719 antedic'ti
494 1703 501 1711 ·
529 1685 685 1732 prefatus
704 1685 870 1721 dominus
888 1686 1081 1734 Episcopus
1100 1686 1232 1721 dictam
1251 1686 1416 1722 vicariam
1445 1686 1598 1722 contulit
1621 1700 1697 1735 pre·

203 1739 300 1775 dieto
330 1740 539 1776 Alexandro
568 1742 694 1778 Brothi
721 1742 853 1778 absenti
879 1749 1048 1791 tanquam
1075 1742 1226 1791 presenti
1250 1743 1286 1778 in
1306 1743 1455 1791 persona
1473 1743 1613 1780 discreti
1630 1745 1698 1780 viri

173 1834 176 1836 ,
202 1796 338 1832 domini
354 1797 552 1834 Alexandri
573 1799 616 1835 de
635 1799 800 1836 Urchard
819 1801 980 1836 canonici
999 1799 1140 1837 ecclefie
1155 1799 1385 1838 moravienfis
1400 1820 1408 1828 ·
1427 1801 1611 1837 reservatis
1625 1801 1695 1850 spe-

206 1853 341 1890 cialiter
356 1855 471 1891 eidem
487 1856 632 1892 domino
648 1857 821 1905 Episcopo
842 1858 977 1898 duabus
995 1858 1122 1894 marcis
1139 1858 1266 1893 annuis
1283 1871 1348 1906 pro
1366 1859 1675 1906 procurationibus
1688 1879 1695 1886 ·

202 1916 237 1946 et
255 1911 391 1947 duabus
406 1913 534 1949 marcis
545 1927 610 1962 pro
622 1913 788 1962 pensione
800 1934 808 1942 ·
822 1914 879 1950 fibi
894 1921 928 1951 et
943 1914 1083 1951 ecclefie
1095 1915 1153 1951 sue
1166 1915 1360 1951 cathedrali
1373 1915 1416 1951 de
1431 1915 1554 1951 eadem
1565 1916 1695 1952 vicaria

202 1981 246 2003 ex
276 1969 422 2016 antiquo
452 1970 577 2006 debitis
606 1977 641 2007 et
668 1972 842 2008 consuetis
861 1992 869 2000 ·
900 1973 1040 2015 Quibus
1062 1971 1106 2008 fic
1128 1972 1231 2020 gestis
1248 1972 1431 2021 predifihis
1447 1972 1631 2010 Johannes
1650 1974 1693 2008 de

204 2024 331 2061 Brothi
358 2027 403 2063 ad
429 2028 637 2076 petitionem
657 2029 744 2065 dieti
763 2030 898 2065 domini
918 2030 1080 2078 Episcopi
1106 2028 1263 2078 promifit
1289 2030 1386 2078 quod
1411 2029 1609 2066 restitueret
1634 2029 1692 2066 fibi

201 2081 353 2119 fideliter
380 2090 416 2120 et
441 2084 511 2121 fine
538 2087 822 2123 contradictione
846 2087 963 2135 aliqua
987 2087 1125 2123 literam
1149 2086 1252 2136 ipfius
1277 2088 1412 2123 domini
1440 2087 1605 2136 Episcopi
1631 2100 1692 2135 per

202 2152 304 2186 quam
324 2147 365 2176 ut
383 2142 524 2178 affer-uit
543 2143 634 2179 idem
656 2144 821 2180 dominus
840 2145 1033 2193 Episcopus
1057 2145 1270 2181 concesserat
1294 2145 1457 2193 predicto
1483 2144 1692 2181 Alexandro
