2060 2660
562 180 877 218 REGISTRUM
907 181 1267 218 MORAVIENSE.
1592 191 1660 226 199

171 283 273 319 annis
289 280 476 318 retroafitis
493 280 676 315 solvantur
699 279 759 315 fibi
780 280 825 315 ad
842 279 932 314 istud
950 279 1073 314 festum
1091 279 1185 314 beati
1203 281 1350 316 martini
1368 282 1405 316 in
1422 295 1523 329 yeme
1547 285 1663 332 proxi-

172 354 231 376 mo
243 340 317 389 jam
335 344 528 374 venturum
548 357 556 365 ·
585 343 621 373 et
647 337 744 384 quod
770 336 956 372 satisfaciat
982 335 1042 371 fibi
1069 342 1105 371 et
1131 336 1198 371 suis
1225 337 1267 372 de
1294 338 1369 372 aliis
1396 339 1555 385 dampnis
1581 347 1663 376 ante

171 397 293 434 festum
313 395 574 431 purificationis
591 395 693 430 beate
716 395 829 431 marie
856 393 1020 442 proximo
1047 393 1130 428 inde
1157 393 1304 440 sequens
1323 413 1331 421 ·
1363 395 1544 442 Sequitur
1568 399 1665 433 ordi-

172 455 277 490 natio
300 453 532 488 arbitrorum
552 453 602 487 ad
619 452 789 499 querelas
810 451 966 488 Comitis
985 456 1118 486 contra
1133 451 1370 498 Episcopum
1382 471 1390 479 ·
1411 452 1531 487 Primo
1546 454 1590 488 ad
1603 455 1666 489 vil-

171 512 240 547 lam
255 511 298 546 de
318 510 516 546 Cuthilfeld
534 509 595 545 fiat
612 509 870 558 perambulatio
889 509 933 544 de
951 508 1134 543 communi
1147 508 1315 543 consensu
1334 509 1559 544 dominorum
1580 530 1588 537 ·
1608 511 1666 546 De

171 582 214 604 eo
240 568 336 615 quod
362 568 555 615 Episcopus
573 567 703 602 artavit
725 567 887 602 homines
907 566 1058 602 Comitis
1070 565 1194 614 jurare
1213 566 1360 601 domino
1381 566 1590 602 Alexandro
1611 568 1668 603 Se-

171 625 311 662 nescalli
330 630 396 660 etc·
415 626 498 672 quia
514 625 597 660 fecit
614 625 682 660 hoc
702 638 766 673 pro
786 624 925 660 meliori
943 636 1018 659 non
1037 623 1206 671 punietur
1221 642 1230 650 -
1256 623 1304 658 Et
1321 623 1366 658 ad
1384 624 1452 659 hoc
1471 625 1566 671 quod
1586 625 1668 659 dici-

171 689 229 719 tur
248 683 565 719 excommunieaffe
583 682 779 730 armigeros
804 681 956 717 Comitis
979 694 1045 728 pro
1071 693 1144 715 una
1166 680 1276 728 garba
1294 700 1302 708 ·
1322 686 1430 728 negat
1449 681 1641 729 Episcopus
1661 702 1668 709 ·

171 740 228 775 sed
253 745 427 788 temperet
453 740 485 775 se
512 754 533 775 a
558 740 687 775 talibus
714 740 758 775 de
785 744 905 774 cetero
920 758 928 766 ·
957 738 1016 773 De
1035 738 1196 786 procefl'u
1220 743 1346 773 contra
1363 738 1541 786 capientes
1560 739 1671 774 domi—

172 810 257 832 num
276 797 513 833 tezaurarium
529 803 595 833 etc·
623 797 815 845 Episcopus
832 809 907 831 non
927 796 1010 831 fecit
1028 795 1107 830 satis
1126 795 1470 831 excommunicando
1490 795 1547 831 sed
1566 797 1670 832 etiam

172 855 294 890 debuit
308 855 453 903 posuisse
468 855 699 891 interdifitum
715 874 723 882 ·
745 855 830 897 Quo
844 854 888 889 ad
903 853 1189 889 sustentationem
1202 853 1444 888 maneriorum
1456 853 1493 888 in
1506 854 1670 888 canonia·

172 918 207 948 et
226 925 299 947 non
318 911 507 948 residentes
531 932 539 940 ·
568 912 725 960 suppleat
745 912 875 948 Comes
893 910 979 947 ficut
997 916 1079 946 ante
1098 916 1134 946 et
1152 916 1348 957 exequatur
1366 911 1519 946 maxime
1537 924 1602 958 pro
1621 924 1674 946 re-

173 970 356 1017 paratione
383 969 524 1005 ecclefie
551 976 586 1006 et
612 983 687 1005 non
715 968 900 1005 refidentie
929 969 1072 1016 quando
1102 968 1295 1016 Episcopus
1322 973 1357 1003 et
1383 969 1578 1016 capitulum
1605 969 1672 1003 hoc

175 1047 369 1055 ······
399 1028 586 1069 Quantum
600 1028 645 1063 ad
659 1028 842 1063 venientes
860 1027 904 1062 ad
923 1039 1050 1074 aquam
1065 1026 1109 1062 de
1129 1026 1314 1074 Petgavny
1333 1046 1341 1054 ·
1361 1025 1385 1061 fi
1402 1026 1544 1074 probari
1562 1025 1673 1074 potest

174 1085 341 1120 emendet
360 1084 553 1132 Episcopus
571 1091 607 1120 et
625 1086 729 1121 cesset
747 1085 791 1121 de
810 1090 930 1121 cetero
951 1104 958 1112 ·
998 1084 1056 1119 De
1085 1084 1338 1119 interfefifione
1366 1083 1486 1119 David
1518 1084 1562 1120 de
1590 1084 1675 1119 Ber-

175 1142 252 1190 clay
271 1148 400 1190 purget
417 1142 450 1177 se
470 1143 663 1191 Episcopus
682 1163 690 1170 ·
710 1143 769 1190 qui
784 1143 821 1177 in
839 1142 1013 1191 presentia
1032 1142 1119 1177 dieti
1134 1142 1269 1176 domini
1289 1141 1452 1177 Custodis
1471 1147 1507 1177 et
1524 1141 1574 1177 sui
1593 1155 1676 1177 con-

174 1199 237 1234 filii
255 1213 336 1235 cum
356 1200 508 1234 dominis
532 1200 699 1248 episcopis
729 1199 886 1235 Rofl'enfi
915 1219 923 1227 ·
956 1198 1169 1235 Cathanenfi
1199 1204 1235 1235 et
1267 1199 1409 1235 Abbate
1444 1200 1488 1235 de
1523 1200 1676 1248 Kynloss

176 1263 211 1292 et
229 1257 350 1292 multis
368 1257 444 1292 aliis
462 1258 710 1305 purgationem
730 1257 948 1306 solempnem
968 1257 1011 1292 de
1030 1257 1098 1292 hoc
1118 1276 1344 1284 ·······
1375 1257 1467 1292 Item
1486 1257 1677 1305 compellat

177 1314 370 1362 Episcopus
389 1315 589 1362 polluentes
608 1314 784 1351 ecclefiam
802 1315 924 1350 saneti
939 1315 1059 1362 Egidii
1072 1314 1269 1350 satisfacere
1284 1327 1349 1362 pro
1363 1315 1654 1350 reconciliatione
1667 1334 1675 1342 ·

176 1378 211 1407 et
231 1372 389 1407 restituat
409 1373 602 1421 Episcopus
620 1372 849 1421 burgensibus
867 1373 1053 1421 pecuniam
1074 1377 1251 1420 receptam
1271 1372 1314 1407 ab
1333 1372 1382 1407 eis
1400 1372 1465 1408 hac
1485 1373 1528 1407 de
1547 1372 1649 1408 causa
1668 1392 1675 1400 ·

177 1430 235 1465 De
263 1444 375 1478 puero
407 1431 502 1466 Petri
528 1431 664 1466 Grame
693 1431 887 1478 Episcopus
915 1429 964 1465 est
988 1428 1058 1465 fine
1087 1429 1192 1477 culpa
1220 1449 1229 1457 ·
1273 1430 1457 1477 Sequitur
1484 1431 1676 1466 ordinatio

177 1488 409 1523 arbitrorum
429 1489 473 1523 de
492 1489 654 1535 querelis
671 1489 859 1535 Episcopi
876 1493 1009 1523 contra
1037 1487 1216 1523 Comitem
1236 1507 1244 1515 ·
1276 1487 1397 1522 Primo
1424 1488 1520 1534 quod
1547 1488 1678 1524 Comes

177 1545 281 1580 faciat
306 1559 430 1580 omnes
456 1546 535 1581 illos
559 1554 648 1593 quos
675 1546 760 1581 dicit
779 1551 814 1581 et
831 1545 1005 1593 approbat
1025 1545 1091 1580 effe
1114 1545 1193 1580 suos
1217 1545 1431 1593 respondere
1450 1551 1486 1580 et
1503 1545 1590 1581 stare
1603 1545 1678 1593 juri

180 1602 352 1650 Episcopo
373 1609 407 1638 et
426 1603 493 1637 suis
512 1604 556 1638 de
575 1604 736 1651 dampnis
755 1616 818 1651 per
837 1603 926 1651 ipsos
944 1603 1049 1637 illatis
1069 1622 1076 1630 ·
1097 1602 1154 1638 vel
1173 1602 1357 1637 satisfaciat
1375 1603 1445 1650 ipse
1464 1602 1595 1638 Comes
1613 1616 1678 1650 pro

178 1659 227 1694 eis
246 1679 254 1686 ·
286 1660 378 1694 Item
398 1660 493 1707 quod
513 1660 660 1695 ministri
679 1661 843 1708 Episcopi
863 1659 1072 1707 distringant
1089 1665 1126 1695 et
1143 1665 1289 1695 nament
1312 1666 1425 1695 terras
1444 1660 1595 1696 Comitis
1613 1673 1678 1708 pro

179 1717 365 1751 annalibus
383 1717 450 1752 suis
468 1724 503 1753 et
525 1719 657 1753 ducant
681 1731 804 1753 namos
826 1718 871 1753 ad
895 1723 1006 1753 terras
1026 1717 1187 1765 Episcopi
1220 1736 1227 1744 ·
1264 1717 1347 1764 quia
1370 1717 1493 1752 arbitri
1510 1718 1679 1753 viderunt

178 1776 280 1824 super
298 1776 366 1811 hoc
387 1776 583 1811 evidentias
601 1777 694 1824 regis
714 1776 914 1812 Alexandri
943 1796 951 1803 ·
981 1781 1016 1811 et
1043 1776 1138 1823 quod
1166 1775 1307 1810 annalia
1330 1776 1501 1824 temporis
1519 1777 1678 1824 preteriti

130 1842 132 1845 ⁴
179 1833 407 1869 restituantur
432 1834 606 1882 Episcopo
626 1854 634 1862 ·
663 1835 722 1870 De
744 1835 863 1869 annali
882 1834 926 1870 de
946 1834 1091 1871 muthes
1109 1833 1325 1869 satisfa&um
1344 1833 1393 1869 est
1416 1847 1479 1882 per
1499 1834 1678 1870 Comitem

179 1891 325 1926 domino
355 1891 566 1927 Alexandro
604 1892 789 1928 Senescalli
820 1898 855 1927 et
879 1892 922 1927 ab
951 1905 994 1927 eo
1018 1896 1116 1940 petat
1141 1891 1334 1939 Episcopus
1364 1911 1372 1919 ·
1415 1892 1474 1928 De
1500 1892 1606 1927 blado
1635 1893 1678 1928 de

179 1948 426 1984 Dolesbrachti
445 1950 631 1985 satisfaciat
644 1950 774 1986 Comes
794 1950 968 1998 Episcopo
982 1948 1007 1984 fi
1021 1963 1095 1985 non
1117 1950 1282 1985 satisfecit
1300 1950 1447 1986 domino
1467 1951 1678 1987 Alexandro

179 2019 244 2054 pro
271 2007 369 2042 dieto
397 2007 502 2042 blado
528 2027 536 2035 ·
566 2008 625 2044 De
652 2008 762 2043 firmis
789 2008 1006 2044 decimarum
1025 2006 1248 2044 ecclesiarum
1269 2009 1312 2044 de
1332 2009 1451 2057 Elgyn
1476 2015 1511 2045 et
1530 2010 1617 2058 Dyk
1644 2016 1679 2045 et

181 2064 344 2099 omnibus
362 2064 438 2099 aliis
456 2065 601 2100 decimis
620 2085 628 2093 ·
649 2066 858 2114 recipientes
873 2071 908 2101 et
920 2066 1089 2101 debentes
1108 2066 1369 2114 compellantur
1387 2080 1451 2115 per
1465 2067 1676 2115 Episcopum

180 2121 313 2157 solvere
343 2142 351 2150 ·
381 2122 439 2158 De
463 2123 629 2159 Johanne
655 2124 698 2159 de
725 2124 872 2172 Pylmur
897 2123 1082 2159 satisfaciat
1101 2124 1275 2172 Episcopo
1300 2124 1344 2159 de
1369 2122 1479 2160 brafio
1498 2125 1615 2160 ablato
1634 2126 1677 2161 de

181 2179 387 2215 molendino
417 2180 460 2216 de
489 2180 637 2229 Grange
663 2201 671 2209 ·
710 2182 769 2217 De
798 2182 942 2217 decimis
972 2181 1016 2217 de
1046 2181 1315 2230 Levynyshalch
1338 2182 1527 2230 compellat
1547 2182 1676 2218 Comes

183 2236 431 2272 Alexandrum
451 2239 494 2273 de
514 2238 676 2274 Grenlau
695 2239 891 2275 satisfacere
910 2238 1139 2287 burgensibus
1169 2259 1177 2267 ·
1203 2245 1238 2275 et
1257 2239 1467 2274 satisfaciant
1489 2239 1677 2286 burgenses

183 2293 327 2330 domino
353 2295 527 2344 Episcopo
560 2316 566 2324 ·
608 2296 789 2344 Haugand
817 2297 943 2334 Schaw
969 2302 1005 2332 et
1025 2296 1225 2332 Willelmus
1255 2296 1373 2332 Cocus
1395 2296 1604 2332 satisfaciant
1633 2297 1676 2332 de
