<?xml version="1.0" encoding="UTF-8"?>
<!DOCTYPE html PUBLIC "-//W3C//DTD XHTML 1.0 Transitional//EN"
    "http://www.w3.org/TR/xhtml1/DTD/xhtml1-transitional.dtd">
<html xmlns="http://www.w3.org/1999/xhtml" xml:lang="en" lang="en">
 <head>
  <title>
</title>
<meta http-equiv="Content-Type" content="text/html;charset=utf-8" />
  <meta name='ocr-system' content='tesseract 3.04.00' />
  <meta name='ocr-capabilities' content='ocr_page ocr_carea ocr_par ocr_line ocrx_word'/>
</head>
<body>
  <div class='ocr_page' id='page_1' title='image "./registrumepisc5800morauoft_0531.png"; bbox 0 0 1912 2660; ppageno 0'>
   <div class='ocr_carea' id='block_1_1' title="bbox 574 112 1675 159">
    <p class='ocr_par' dir='ltr' id='par_1_1' title="bbox 574 112 1675 159">
     <span class='ocr_line' id='line_1_1' title="bbox 574 112 1675 159; baseline 0.009 -10"><span class='ocrx_word' id='word_1_1' title='bbox 574 112 890 151; x_wconf 89' lang='lat' dir='ltr'>REGISTRUM</span> <span class='ocrx_word' id='word_1_2' title='bbox 918 115 1281 154; x_wconf 87' lang='lat' dir='ltr'>MORAVIENSE.</span> <span class='ocrx_word' id='word_1_3' title='bbox 1603 126 1675 159; x_wconf 65' lang='grc'>428</span> 
     </span>
    </p>
   </div>
   <div class='ocr_carea' id='block_1_2' title="bbox 165 211 1680 2196">
    <p class='ocr_par' dir='ltr' id='par_1_2' title="bbox 165 211 1680 2147">
     <span class='ocr_line' id='line_1_2' title="bbox 227 211 1677 256; baseline 0.003 -13"><span class='ocrx_word' id='word_1_4' title='bbox 227 214 411 243; x_wconf 74' lang='lat' dir='ltr'>Gunnnrus</span> <span class='ocrx_word' id='word_1_5' title='bbox 425 211 600 250; x_wconf 86' lang='lat' dir='ltr'>permiffione</span> <span class='ocrx_word' id='word_1_6' title='bbox 614 211 709 240; x_wconf 85' lang='lat' dir='ltr'>divina</span> <span class='ocrx_word' id='word_1_7' title='bbox 724 211 877 249; x_wconf 81' lang='lat' dir='ltr'>Episcopus</span> <span class='ocrx_word' id='word_1_8' title='bbox 894 212 1100 241; x_wconf 85' lang='lat' dir='ltr'>Aberdonensis</span> <span class='ocrx_word' id='word_1_9' title='bbox 1109 213 1202 251; x_wconf 83' lang='lat' dir='ltr'>judex</span> <span class='ocrx_word' id='word_1_10' title='bbox 1216 215 1316 243; x_wconf 89' lang='lat' dir='ltr'>unicus</span> <span class='ocrx_word' id='word_1_11' title='bbox 1335 217 1368 243; x_wconf 85' lang='lat' dir='ltr'>ad</span> <span class='ocrx_word' id='word_1_12' title='bbox 1388 217 1561 256; x_wconf 85' lang='lat' dir='ltr'>infrascripta</span> <span class='ocrx_word' id='word_1_13' title='bbox 1580 229 1596 246; x_wconf 86' lang='lat' dir='ltr'>a</span> <span class='ocrx_word' id='word_1_14' title='bbox 1616 219 1677 247; x_wconf 91' lang='lat' dir='ltr'>sede</span> 
     </span>
     <span class='ocr_line' id='line_1_3' title="bbox 185 258 1679 303; baseline 0.003 -13"><span class='ocrx_word' id='word_1_15' title='bbox 185 262 332 300; x_wconf 80' lang='lat' dir='ltr'>apostolica</span> <span class='ocrx_word' id='word_1_16' title='bbox 344 259 497 299; x_wconf 83' lang='lat' dir='ltr'>specialiter</span> <span class='ocrx_word' id='word_1_17' title='bbox 509 259 668 297; x_wconf 85' lang='lat' dir='ltr'>deputatus,</span> <span class='ocrx_word' id='word_1_18' title='bbox 683 258 819 287; x_wconf 86' lang='lat' dir='ltr'>univerfis</span> <span class='ocrx_word' id='word_1_19' title='bbox 834 263 863 287; x_wconf 89' lang='lat' dir='ltr'>et</span> <span class='ocrx_word' id='word_1_20' title='bbox 877 259 992 296; x_wconf 88' lang='lat' dir='ltr'>singulis</span> <span class='ocrx_word' id='word_1_21' title='bbox 1007 269 1126 297; x_wconf 87' lang='lat' dir='ltr'>quorum</span> <span class='ocrx_word' id='word_1_22' title='bbox 1140 260 1253 289; x_wconf 87' lang='lat' dir='ltr'>interest</span> <span class='ocrx_word' id='word_1_23' title='bbox 1268 262 1313 290; x_wconf 91' lang='lat' dir='ltr'>vel</span> <span class='ocrx_word' id='word_1_24' title='bbox 1327 262 1454 293; x_wconf 87' lang='lat' dir='ltr'>intererit</span> <span class='ocrx_word' id='word_1_25' title='bbox 1469 270 1497 293; x_wconf 88' lang='lat' dir='ltr'>et</span> <span class='ocrx_word' id='word_1_26' title='bbox 1511 275 1579 303; x_wconf 91' lang='lat' dir='ltr'>quos</span> <span class='ocrx_word' id='word_1_27' title='bbox 1593 265 1679 293; x_wconf 80' lang='lat' dir='ltr'>infra-</span> 
     </span>
     <span class='ocr_line' id='line_1_4' title="bbox 185 306 1678 348; baseline 0.002 -11"><span class='ocrx_word' id='word_1_28' title='bbox 185 309 318 347; x_wconf 83' lang='lat' dir='ltr'>scriptum</span> <span class='ocrx_word' id='word_1_29' title='bbox 330 307 421 344; x_wconf 78' lang='lat' dir='ltr'>tangit</span> <span class='ocrx_word' id='word_1_30' title='bbox 434 306 581 344; x_wconf 86' lang='lat' dir='ltr'>negotium</span> <span class='ocrx_word' id='word_1_31' title='bbox 595 306 643 334; x_wconf 91' lang='lat' dir='ltr'>seu</span> <span class='ocrx_word' id='word_1_32' title='bbox 656 310 772 343; x_wconf 81' lang='lat' dir='ltr'>tangere</span> <span class='ocrx_word' id='word_1_33' title='bbox 785 306 890 344; x_wconf 88' lang='lat' dir='ltr'>poterit</span> <span class='ocrx_word' id='word_1_34' title='bbox 905 307 1112 344; x_wconf 88' lang='lat' dir='ltr'>quomodolibet</span> <span class='ocrx_word' id='word_1_35' title='bbox 1126 307 1156 334; x_wconf 91' lang='lat' dir='ltr'>in</span> <span class='ocrx_word' id='word_1_36' title='bbox 1170 307 1308 342; x_wconf 85' lang='lat' dir='ltr'>futurum,</span> <span class='ocrx_word' id='word_1_37' title='bbox 1330 310 1502 348; x_wconf 89' lang='lat' dir='ltr'>conjunctim</span> <span class='ocrx_word' id='word_1_38' title='bbox 1523 316 1551 340; x_wconf 89' lang='lat' dir='ltr'>et</span> <span class='ocrx_word' id='word_1_39' title='bbox 1570 312 1678 340; x_wconf 89' lang='lat' dir='ltr'>divisim</span> 
     </span>
     <span class='ocr_line' id='line_1_5' title="bbox 184 353 1678 395; baseline 0.002 -11"><span class='ocrx_word' id='word_1_40' title='bbox 184 356 369 394; x_wconf 84' lang='lat' dir='ltr'>cujuscunque</span> <span class='ocrx_word' id='word_1_41' title='bbox 382 355 476 387; x_wconf 88' lang='lat' dir='ltr'>status,</span> <span class='ocrx_word' id='word_1_42' title='bbox 492 354 604 391; x_wconf 87' lang='lat' dir='ltr'>gradus,</span> <span class='ocrx_word' id='word_1_43' title='bbox 616 353 730 387; x_wconf 84' lang='lat' dir='ltr'>ordinis,</span> <span class='ocrx_word' id='word_1_44' title='bbox 744 353 912 381; x_wconf 89' lang='lat' dir='ltr'>conditionis</span> <span class='ocrx_word' id='word_1_45' title='bbox 923 358 972 382; x_wconf 84' lang='lat' dir='ltr'>aut</span> <span class='ocrx_word' id='word_1_46' title='bbox 983 354 1187 391; x_wconf 85' lang='lat' dir='ltr'>preeminentie</span> <span class='ocrx_word' id='word_1_47' title='bbox 1198 355 1319 383; x_wconf 88' lang='lat' dir='ltr'>existant</span> <span class='ocrx_word' id='word_1_48' title='bbox 1330 356 1378 384; x_wconf 87' lang='lat' dir='ltr'>seu</span> <span class='ocrx_word' id='word_1_49' title='bbox 1389 367 1553 395; x_wconf 87' lang='lat' dir='ltr'>quocunque</span> <span class='ocrx_word' id='word_1_50' title='bbox 1564 359 1678 387; x_wconf 86' lang='lat' dir='ltr'>nomine</span> 
     </span>
     <span class='ocr_line' id='line_1_6' title="bbox 183 401 1678 441; baseline 0.001 -10"><span class='ocrx_word' id='word_1_51' title='bbox 183 403 345 431; x_wconf 81' lang='lat' dir='ltr'>censeantur</span> <span class='ocrx_word' id='word_1_52' title='bbox 364 401 480 430; x_wconf 83' lang='lat' dir='ltr'>ubilibet</span> <span class='ocrx_word' id='word_1_53' title='bbox 501 401 659 429; x_wconf 90' lang='lat' dir='ltr'>constitutis</span> <span class='ocrx_word' id='word_1_54' title='bbox 679 401 714 428; x_wconf 89' lang='lat' dir='ltr'>ad</span> <span class='ocrx_word' id='word_1_55' title='bbox 735 411 854 438; x_wconf 86' lang='lat' dir='ltr'>quorum</span> <span class='ocrx_word' id='word_1_56' title='bbox 876 401 990 429; x_wconf 83' lang='lat' dir='ltr'>notitias</span> <span class='ocrx_word' id='word_1_57' title='bbox 1012 401 1154 439; x_wconf 84' lang='lat' dir='ltr'>presentes</span> <span class='ocrx_word' id='word_1_58' title='bbox 1175 401 1223 429; x_wconf 88' lang='lat' dir='ltr'>seu</span> <span class='ocrx_word' id='word_1_59' title='bbox 1244 406 1376 437; x_wconf 78' lang='lat' dir='ltr'>contenta</span> <span class='ocrx_word' id='word_1_60' title='bbox 1391 403 1421 430; x_wconf 89' lang='lat' dir='ltr'>in</span> <span class='ocrx_word' id='word_1_61' title='bbox 1436 404 1475 431; x_wconf 88' lang='lat' dir='ltr'>eis</span> <span class='ocrx_word' id='word_1_62' title='bbox 1489 405 1678 441; x_wconf 77' lang='lat' dir='ltr'>pervenerint,</span> 
     </span>
     <span class='ocr_line' id='line_1_7' title="bbox 181 448 1679 486; baseline 0 -8"><span class='ocrx_word' id='word_1_63' title='bbox 181 450 297 478; x_wconf 88' lang='lat' dir='ltr'>salutem</span> <span class='ocrx_word' id='word_1_64' title='bbox 311 449 340 477; x_wconf 90' lang='lat' dir='ltr'>in</span> <span class='ocrx_word' id='word_1_65' title='bbox 355 448 491 477; x_wconf 87' lang='lat' dir='ltr'>Domino.</span> <span class='ocrx_word' id='word_1_66' title='bbox 531 448 642 476; x_wconf 82' lang='lat' dir='ltr'>Literas</span> <span class='ocrx_word' id='word_1_67' title='bbox 660 448 820 476; x_wconf 69' lang='lat' dir='ltr'>sanctissimi</span> <span class='ocrx_word' id='word_1_68' title='bbox 838 448 866 475; x_wconf 92' lang='lat' dir='ltr'>in</span> <span class='ocrx_word' id='word_1_69' title='bbox 883 448 994 476; x_wconf 88' lang='lat' dir='ltr'>Christo</span> <span class='ocrx_word' id='word_1_70' title='bbox 1014 448 1100 486; x_wconf 84' lang='lat' dir='ltr'>patris</span> <span class='ocrx_word' id='word_1_71' title='bbox 1122 453 1150 476; x_wconf 94' lang='lat' dir='ltr'>et</span> <span class='ocrx_word' id='word_1_72' title='bbox 1169 448 1275 476; x_wconf 91' lang='lat' dir='ltr'>domini</span> <span class='ocrx_word' id='word_1_73' title='bbox 1297 449 1383 476; x_wconf 88' lang='lat' dir='ltr'>nostri</span> <span class='ocrx_word' id='word_1_74' title='bbox 1406 450 1512 477; x_wconf 85' lang='lat' dir='ltr'>domini</span> <span class='ocrx_word' id='word_1_75' title='bbox 1533 451 1679 480; x_wconf 73' lang='lat' dir='ltr'>Benedicti</span> 
     </span>
     <span class='ocr_line' id='line_1_8' title="bbox 182 495 1679 535; baseline 0 -10"><span class='ocrx_word' id='word_1_76' title='bbox 182 497 273 525; x_wconf 80' lang='lat' dir='ltr'>divina</span> <span class='ocrx_word' id='word_1_77' title='bbox 293 496 469 535; x_wconf 83' lang='lat' dir='ltr'>providencia</span> <span class='ocrx_word' id='word_1_78' title='bbox 489 506 558 534; x_wconf 85' lang='lat' dir='ltr'>pape</span> <span class='ocrx_word' id='word_1_79' title='bbox 576 495 653 524; x_wconf 87' lang='lat' dir='ltr'>tertii</span> <span class='ocrx_word' id='word_1_80' title='bbox 668 495 777 529; x_wconf 88' lang='lat' dir='ltr'>decimi,</span> <span class='ocrx_word' id='word_1_81' title='bbox 797 505 861 523; x_wconf 88' lang='lat' dir='ltr'>cum</span> <span class='ocrx_word' id='word_1_82' title='bbox 879 496 992 523; x_wconf 80' lang='lat' dir='ltr'>cordula</span> <span class='ocrx_word' id='word_1_83' title='bbox 1011 495 1130 534; x_wconf 81' lang='lat' dir='ltr'>canapis,</span> <span class='ocrx_word' id='word_1_84' title='bbox 1151 506 1217 523; x_wconf 86' lang='lat' dir='ltr'>vera</span> <span class='ocrx_word' id='word_1_85' title='bbox 1237 496 1313 523; x_wconf 87' lang='lat' dir='ltr'>bulla</span> <span class='ocrx_word' id='word_1_86' title='bbox 1330 496 1461 534; x_wconf 84' lang='lat' dir='ltr'>plumbea</span> <span class='ocrx_word' id='word_1_87' title='bbox 1474 496 1558 534; x_wconf 90' lang='lat' dir='ltr'>ipsius</span> <span class='ocrx_word' id='word_1_88' title='bbox 1573 498 1679 525; x_wconf 88' lang='lat' dir='ltr'>domini</span> 
     </span>
     <span class='ocr_line' id='line_1_9' title="bbox 181 542 1680 583; baseline 0 -11"><span class='ocrx_word' id='word_1_89' title='bbox 181 554 248 582; x_wconf 88' lang='lat' dir='ltr'>pape</span> <span class='ocrx_word' id='word_1_90' title='bbox 261 543 368 583; x_wconf 88' lang='lat' dir='ltr'>[more]</span> <span class='ocrx_word' id='word_1_91' title='bbox 384 544 517 571; x_wconf 83' lang='lat' dir='ltr'>Romanae</span> <span class='ocrx_word' id='word_1_92' title='bbox 529 543 605 571; x_wconf 89' lang='lat' dir='ltr'>curie</span> <span class='ocrx_word' id='word_1_93' title='bbox 619 542 747 577; x_wconf 84' lang='lat' dir='ltr'>bullatas,</span> <span class='ocrx_word' id='word_1_94' title='bbox 763 542 840 570; x_wconf 80' lang='lat' dir='ltr'>sanas</span> <span class='ocrx_word' id='word_1_95' title='bbox 852 547 880 570; x_wconf 89' lang='lat' dir='ltr'>et</span> <span class='ocrx_word' id='word_1_96' title='bbox 891 542 1016 579; x_wconf 87' lang='lat' dir='ltr'>integras</span> <span class='ocrx_word' id='word_1_97' title='bbox 1030 553 1087 570; x_wconf 91' lang='lat' dir='ltr'>non</span> <span class='ocrx_word' id='word_1_98' title='bbox 1102 542 1223 576; x_wconf 86' lang='lat' dir='ltr'>vitiatas,</span> <span class='ocrx_word' id='word_1_99' title='bbox 1239 553 1295 570; x_wconf 91' lang='lat' dir='ltr'>non</span> <span class='ocrx_word' id='word_1_100' title='bbox 1311 544 1475 572; x_wconf 83' lang='lat' dir='ltr'>cancellatas</span> <span class='ocrx_word' id='word_1_101' title='bbox 1486 544 1577 572; x_wconf 89' lang='lat' dir='ltr'>necin</span> <span class='ocrx_word' id='word_1_102' title='bbox 1589 544 1680 582; x_wconf 84' lang='lat' dir='ltr'>aliqua</span> 
     </span>
     <span class='ocr_line' id='line_1_10' title="bbox 180 589 1680 629; baseline 0 -10"><span class='ocrx_word' id='word_1_103' title='bbox 180 591 220 620; x_wconf 88' lang='lat' dir='ltr'>sui</span> <span class='ocrx_word' id='word_1_104' title='bbox 239 595 316 629; x_wconf 84' lang='lat' dir='ltr'>parte</span> <span class='ocrx_word' id='word_1_105' title='bbox 335 590 472 628; x_wconf 82' lang='lat' dir='ltr'>suspectas</span> <span class='ocrx_word' id='word_1_106' title='bbox 491 590 537 618; x_wconf 91' lang='lat' dir='ltr'>sed</span> <span class='ocrx_word' id='word_1_107' title='bbox 557 590 670 628; x_wconf 88' lang='lat' dir='ltr'>prorsus</span> <span class='ocrx_word' id='word_1_108' title='bbox 691 590 770 617; x_wconf 88' lang='lat' dir='ltr'>omni</span> <span class='ocrx_word' id='word_1_109' title='bbox 792 589 862 617; x_wconf 90' lang='lat' dir='ltr'>vitio</span> <span class='ocrx_word' id='word_1_110' title='bbox 885 594 913 618; x_wconf 88' lang='lat' dir='ltr'>et</span> <span class='ocrx_word' id='word_1_111' title='bbox 936 589 1090 627; x_wconf 83' lang='lat' dir='ltr'>suspicione</span> <span class='ocrx_word' id='word_1_112' title='bbox 1112 594 1248 623; x_wconf 83' lang='lat' dir='ltr'>carentes,</span> <span class='ocrx_word' id='word_1_113' title='bbox 1270 590 1350 618; x_wconf 89' lang='lat' dir='ltr'>nobis</span> <span class='ocrx_word' id='word_1_114' title='bbox 1371 600 1421 628; x_wconf 89' lang='lat' dir='ltr'>per</span> <span class='ocrx_word' id='word_1_115' title='bbox 1442 591 1629 619; x_wconf 85' lang='lat' dir='ltr'>venerabilem</span> <span class='ocrx_word' id='word_1_116' title='bbox 1650 596 1680 620; x_wconf 83' lang='lat' dir='ltr'>et</span> 
     </span>
     <span class='ocr_line' id='line_1_11' title="bbox 179 637 1679 674; baseline 0.001 -8"><span class='ocrx_word' id='word_1_117' title='bbox 179 639 326 667; x_wconf 85' lang='lat' dir='ltr'>discretum</span> <span class='ocrx_word' id='word_1_118' title='bbox 349 637 441 666; x_wconf 88' lang='lat' dir='ltr'>virum</span> <span class='ocrx_word' id='word_1_119' title='bbox 463 637 608 665; x_wconf 88' lang='lat' dir='ltr'>dominum</span> <span class='ocrx_word' id='word_1_120' title='bbox 630 637 806 665; x_wconf 89' lang='lat' dir='ltr'>Willelmum</span> <span class='ocrx_word' id='word_1_121' title='bbox 823 637 994 674; x_wconf 91' lang='lat' dir='ltr'>Goldsmyth</span> <span class='ocrx_word' id='word_1_122' title='bbox 1013 637 1216 665; x_wconf 86' lang='lat' dir='ltr'>thesaurarium</span> <span class='ocrx_word' id='word_1_123' title='bbox 1237 637 1348 665; x_wconf 79' lang='lat' dir='ltr'>ecclesie</span> <span class='ocrx_word' id='word_1_124' title='bbox 1370 638 1564 672; x_wconf 81' lang='lat' dir='ltr'>Moraviensis,</span> <span class='ocrx_word' id='word_1_125' title='bbox 1586 648 1679 667; x_wconf 86' lang='lat' dir='ltr'>coram</span> 
     </span>
     <span class='ocr_line' id='line_1_12' title="bbox 180 684 1680 723; baseline 0.001 -10"><span class='ocrx_word' id='word_1_126' title='bbox 180 685 294 714; x_wconf 85' lang='lat' dir='ltr'>notariis</span> <span class='ocrx_word' id='word_1_127' title='bbox 308 690 336 713; x_wconf 84' lang='lat' dir='ltr'>et</span> <span class='ocrx_word' id='word_1_128' title='bbox 349 685 464 713; x_wconf 85' lang='lat' dir='ltr'>testibus</span> <span class='ocrx_word' id='word_1_129' title='bbox 478 684 659 722; x_wconf 87' lang='lat' dir='ltr'>infrascriptis</span> <span class='ocrx_word' id='word_1_130' title='bbox 673 684 854 722; x_wconf 87' lang='lat' dir='ltr'>presentatas,</span> <span class='ocrx_word' id='word_1_131' title='bbox 875 694 926 712; x_wconf 88' lang='grc'><strong>1105</strong></span> <span class='ocrx_word' id='word_1_132' title='bbox 947 694 1012 712; x_wconf 87' lang='grc'><strong>011111</strong></span> <span class='ocrx_word' id='word_1_133' title='bbox 1033 694 1066 713; x_wconf 86' lang='lat' dir='ltr'>ea</span> <span class='ocrx_word' id='word_1_134' title='bbox 1086 686 1147 723; x_wconf 35' lang='lat' dir='ltr'>quaa&#39;</span> <span class='ocrx_word' id='word_1_135' title='bbox 1156 684 1249 713; x_wconf 90' lang='lat' dir='ltr'>decuit</span> <span class='ocrx_word' id='word_1_136' title='bbox 1267 685 1426 713; x_wconf 88' lang='lat' dir='ltr'>reverentia</span> <span class='ocrx_word' id='word_1_137' title='bbox 1445 686 1574 723; x_wconf 83' lang='lat' dir='ltr'>recepisse</span> <span class='ocrx_word' id='word_1_138' title='bbox 1593 696 1680 715; x_wconf 88' lang='lat' dir='ltr'>nove-</span> 
     </span>
     <span class='ocr_line' id='line_1_13' title="bbox 179 731 1679 771; baseline 0.001 -11"><span class='ocrx_word' id='word_1_139' title='bbox 179 732 248 767; x_wconf 87' lang='lat' dir='ltr'>ritis,</span> <span class='ocrx_word' id='word_1_140' title='bbox 265 732 296 760; x_wconf 86' lang='lat' dir='ltr'>in</span> <span class='ocrx_word' id='word_1_141' title='bbox 314 733 365 761; x_wconf 88' lang='lat' dir='ltr'>hec</span> <span class='ocrx_word' id='word_1_142' title='bbox 382 732 484 760; x_wconf 84' lang='lat' dir='ltr'>verba:</span> <span class='ocrx_word' id='word_1_143' title='bbox 510 732 712 760; x_wconf 69' lang='lat' dir='ltr'>Bmmmcrus</span> <span class='ocrx_word' id='word_1_144' title='bbox 734 731 888 770; x_wconf 87' lang='lat' dir='ltr'>Episcopus</span> <span class='ocrx_word' id='word_1_145' title='bbox 909 731 1004 760; x_wconf 88' lang='lat' dir='ltr'>servus</span> <span class='ocrx_word' id='word_1_146' title='bbox 1025 731 1169 761; x_wconf 85' lang='lat' dir='ltr'>servorum</span> <span class='ocrx_word' id='word_1_147' title='bbox 1190 731 1248 760; x_wconf 92' lang='lat' dir='ltr'>Dei</span> <span class='ocrx_word' id='word_1_148' title='bbox 1268 732 1420 760; x_wconf 86' lang='lat' dir='ltr'>venerabili</span> <span class='ocrx_word' id='word_1_149' title='bbox 1440 732 1520 761; x_wconf 83' lang='lat' dir='ltr'>fratri</span> <span class='ocrx_word' id='word_1_150' title='bbox 1541 733 1679 771; x_wconf 87' lang='lat' dir='ltr'>Episcopo</span> 
     </span>
     <span class='ocr_line' id='line_1_14' title="bbox 180 779 1680 818; baseline 0.001 -10"><span class='ocrx_word' id='word_1_151' title='bbox 180 779 368 808; x_wconf 86' lang='lat' dir='ltr'>Aberdonensi</span> <span class='ocrx_word' id='word_1_152' title='bbox 384 780 501 808; x_wconf 86' lang='lat' dir='ltr'>salutem</span> <span class='ocrx_word' id='word_1_153' title='bbox 519 783 547 807; x_wconf 89' lang='lat' dir='ltr'>et</span> <span class='ocrx_word' id='word_1_154' title='bbox 564 779 741 817; x_wconf 86' lang='lat' dir='ltr'>apostolicam</span> <span class='ocrx_word' id='word_1_155' title='bbox 758 779 992 808; x_wconf 87' lang='lat' dir='ltr'>benedictionem.</span> <span class='ocrx_word' id='word_1_156' title='bbox 1033 779 1195 817; x_wconf 88' lang='lat' dir='ltr'>Apostolice</span> <span class='ocrx_word' id='word_1_157' title='bbox 1212 779 1283 807; x_wconf 86' lang='lat' dir='ltr'>sedis</span> <span class='ocrx_word' id='word_1_158' title='bbox 1302 780 1501 818; x_wconf 88' lang='lat' dir='ltr'>circumspecta</span> <span class='ocrx_word' id='word_1_159' title='bbox 1520 781 1680 818; x_wconf 83' lang='lat' dir='ltr'>benignitas</span> 
     </span>
     <span class='ocr_line' id='line_1_15' title="bbox 178 826 1679 865; baseline 0.001 -10"><span class='ocrx_word' id='word_1_160' title='bbox 178 827 210 855; x_wconf 85' lang='lat' dir='ltr'>ad</span> <span class='ocrx_word' id='word_1_161' title='bbox 232 837 264 855; x_wconf 81' lang='lat' dir='ltr'>ea</span> <span class='ocrx_word' id='word_1_162' title='bbox 285 827 404 855; x_wconf 90' lang='lat' dir='ltr'>libenter</span> <span class='ocrx_word' id='word_1_163' title='bbox 427 826 550 854; x_wconf 83' lang='lat' dir='ltr'>intendit</span> <span class='ocrx_word' id='word_1_164' title='bbox 574 836 628 864; x_wconf 90' lang='lat' dir='ltr'>que</span> <span class='ocrx_word' id='word_1_165' title='bbox 652 826 812 854; x_wconf 82' lang='lat' dir='ltr'>eclesiarum</span> <span class='ocrx_word' id='word_1_166' title='bbox 836 827 982 854; x_wconf 84' lang='lat' dir='ltr'>commoda</span> <span class='ocrx_word' id='word_1_167' title='bbox 1003 826 1138 864; x_wconf 88' lang='lat' dir='ltr'>respicere</span> <span class='ocrx_word' id='word_1_168' title='bbox 1162 827 1351 855; x_wconf 88' lang='lat' dir='ltr'>dinoscantur.</span> <span class='ocrx_word' id='word_1_169' title='bbox 1391 827 1530 856; x_wconf 81' lang='lat' dir='ltr'>Exhibita</span> <span class='ocrx_word' id='word_1_170' title='bbox 1555 828 1679 865; x_wconf 79' lang='lat' dir='ltr'>siqudem</span> 
     </span>
     <span class='ocr_line' id='line_1_16' title="bbox 177 873 1679 912; baseline 0.001 -10"><span class='ocrx_word' id='word_1_171' title='bbox 177 874 256 902; x_wconf 90' lang='lat' dir='ltr'>nobis</span> <span class='ocrx_word' id='word_1_172' title='bbox 275 884 325 912; x_wconf 88' lang='lat' dir='ltr'>pro</span> <span class='ocrx_word' id='word_1_173' title='bbox 343 878 421 912; x_wconf 85' lang='lat' dir='ltr'>parte</span> <span class='ocrx_word' id='word_1_174' title='bbox 438 873 604 902; x_wconf 88' lang='lat' dir='ltr'>venerabilis</span> <span class='ocrx_word' id='word_1_175' title='bbox 623 873 717 902; x_wconf 84' lang='lat' dir='ltr'>fratris</span> <span class='ocrx_word' id='word_1_176' title='bbox 739 873 826 901; x_wconf 88' lang='lat' dir='ltr'>nostri</span> <span class='ocrx_word' id='word_1_177' title='bbox 847 874 978 912; x_wconf 85' lang='lat' dir='ltr'>Episcopi</span> <span class='ocrx_word' id='word_1_178' title='bbox 997 874 1183 902; x_wconf 85' lang='lat' dir='ltr'>Moravienfis</span> <span class='ocrx_word' id='word_1_179' title='bbox 1203 879 1232 902; x_wconf 89' lang='lat' dir='ltr'>et</span> <span class='ocrx_word' id='word_1_180' title='bbox 1252 874 1418 902; x_wconf 83' lang='lat' dir='ltr'>dilectorum</span> <span class='ocrx_word' id='word_1_181' title='bbox 1438 875 1561 903; x_wconf 86' lang='lat' dir='ltr'>filiorum</span> <span class='ocrx_word' id='word_1_182' title='bbox 1582 876 1679 903; x_wconf 82' lang='lat' dir='ltr'>decani</span> 
     </span>
     <span class='ocr_line' id='line_1_17' title="bbox 177 921 1679 960; baseline 0 -10"><span class='ocrx_word' id='word_1_183' title='bbox 177 926 204 950; x_wconf 89' lang='lat' dir='ltr'>et</span> <span class='ocrx_word' id='word_1_184' title='bbox 224 921 337 960; x_wconf 81' lang='lat' dir='ltr'>capituli</span> <span class='ocrx_word' id='word_1_185' title='bbox 356 921 451 950; x_wconf 90' lang='lat' dir='ltr'>eclesie</span> <span class='ocrx_word' id='word_1_186' title='bbox 472 921 657 949; x_wconf 86' lang='lat' dir='ltr'>Moraviensis</span> <span class='ocrx_word' id='word_1_187' title='bbox 676 921 778 959; x_wconf 89' lang='lat' dir='ltr'>petitio</span> <span class='ocrx_word' id='word_1_188' title='bbox 800 921 961 950; x_wconf 89' lang='lat' dir='ltr'>continebat</span> <span class='ocrx_word' id='word_1_189' title='bbox 983 922 1056 959; x_wconf 90' lang='lat' dir='ltr'>quod</span> <span class='ocrx_word' id='word_1_190' title='bbox 1077 931 1174 959; x_wconf 86' lang='lat' dir='ltr'>nuper,</span> <span class='ocrx_word' id='word_1_191' title='bbox 1195 921 1325 950; x_wconf 84' lang='lat' dir='ltr'>videlicet</span> <span class='ocrx_word' id='word_1_192' title='bbox 1339 922 1373 950; x_wconf 87' lang='lat' dir='ltr'>de</span> <span class='ocrx_word' id='word_1_193' title='bbox 1387 932 1461 950; x_wconf 86' lang='lat' dir='ltr'>anno</span> <span class='ocrx_word' id='word_1_194' title='bbox 1475 923 1594 951; x_wconf 89' lang='lat' dir='ltr'>Domini</span> <span class='ocrx_word' id='word_1_195' title='bbox 1615 923 1679 951; x_wconf 89' lang='lat' dir='ltr'>mil·-</span> 
     </span>
     <span class='ocr_line' id='line_1_18' title="bbox 175 969 1679 1007; baseline 0.001 -10"><span class='ocrx_word' id='word_1_196' title='bbox 175 969 271 997; x_wconf 88' lang='lat' dir='ltr'>lesimo</span> <span class='ocrx_word' id='word_1_197' title='bbox 293 969 479 997; x_wconf 88' lang='lat' dir='ltr'>tricentesimo</span> <span class='ocrx_word' id='word_1_198' title='bbox 501 969 690 1006; x_wconf 85' lang='lat' dir='ltr'>nonagesimo,</span> <span class='ocrx_word' id='word_1_199' title='bbox 715 978 765 1006; x_wconf 91' lang='lat' dir='ltr'>per</span> <span class='ocrx_word' id='word_1_200' title='bbox 788 978 905 1006; x_wconf 86' lang='lat' dir='ltr'>guerras</span> <span class='ocrx_word' id='word_1_201' title='bbox 929 969 958 996; x_wconf 89' lang='lat' dir='ltr'>in</span> <span class='ocrx_word' id='word_1_202' title='bbox 983 969 1109 1007; x_wconf 88' lang='lat' dir='ltr'>partibus</span> <span class='ocrx_word' id='word_1_203' title='bbox 1129 969 1185 997; x_wconf 91' lang='lat' dir='ltr'>illis</span> <span class='ocrx_word' id='word_1_204' title='bbox 1205 974 1275 997; x_wconf 87' lang='lat' dir='ltr'>tunc</span> <span class='ocrx_word' id='word_1_205' title='bbox 1295 969 1434 1007; x_wconf 82' lang='lat' dir='ltr'>vigenteS,</span> <span class='ocrx_word' id='word_1_206' title='bbox 1456 970 1552 998; x_wconf 83' lang='lat' dir='ltr'>eclesia</span> <span class='ocrx_word' id='word_1_207' title='bbox 1569 970 1627 1007; x_wconf 86' lang='lat' dir='ltr'>ipsa</span> <span class='ocrx_word' id='word_1_208' title='bbox 1647 981 1679 998; x_wconf 78' lang='lat' dir='ltr'>ac</span> 
     </span>
     <span class='ocr_line' id='line_1_19' title="bbox 175 1016 1679 1055; baseline 0.002 -12"><span class='ocrx_word' id='word_1_209' title='bbox 175 1016 263 1055; x_wconf 82' lang='lat' dir='ltr'>major</span> <span class='ocrx_word' id='word_1_210' title='bbox 278 1026 341 1054; x_wconf 87' lang='lat' dir='ltr'>pars</span> <span class='ocrx_word' id='word_1_211' title='bbox 355 1016 560 1044; x_wconf 84' lang='lat' dir='ltr'>habitationum</span> <span class='ocrx_word' id='word_1_212' title='bbox 575 1016 773 1044; x_wconf 81' lang='lat' dir='ltr'>canonicorum</span> <span class='ocrx_word' id='word_1_213' title='bbox 792 1021 820 1044; x_wconf 88' lang='lat' dir='ltr'>et</span> <span class='ocrx_word' id='word_1_214' title='bbox 839 1016 1046 1054; x_wconf 82' lang='lat' dir='ltr'>capellanorum</span> <span class='ocrx_word' id='word_1_215' title='bbox 1066 1016 1188 1055; x_wconf 88' lang='lat' dir='ltr'>ejusdem</span> <span class='ocrx_word' id='word_1_216' title='bbox 1205 1016 1311 1050; x_wconf 87' lang='lat' dir='ltr'>eclesie,</span> <span class='ocrx_word' id='word_1_217' title='bbox 1332 1017 1479 1055; x_wconf 80' lang='lat' dir='ltr'>apostolice</span> <span class='ocrx_word' id='word_1_218' title='bbox 1494 1022 1522 1046; x_wconf 93' lang='lat' dir='ltr'>et</span> <span class='ocrx_word' id='word_1_219' title='bbox 1536 1018 1679 1046; x_wconf 86' lang='lat' dir='ltr'>autentice</span> 
     </span>
     <span class='ocr_line' id='line_1_20' title="bbox 175 1063 1679 1102; baseline 0.002 -11"><span class='ocrx_word' id='word_1_220' title='bbox 175 1064 263 1097; x_wconf 89' lang='lat' dir='ltr'>litere,</span> <span class='ocrx_word' id='word_1_221' title='bbox 282 1064 467 1092; x_wconf 88' lang='lat' dir='ltr'>instrumenta</span> <span class='ocrx_word' id='word_1_222' title='bbox 484 1063 603 1102; x_wconf 85' lang='lat' dir='ltr'>publica,</span> <span class='ocrx_word' id='word_1_223' title='bbox 625 1063 698 1098; x_wconf 89' lang='lat' dir='ltr'>libri,</span> <span class='ocrx_word' id='word_1_224' title='bbox 718 1068 793 1092; x_wconf 87' lang='lat' dir='ltr'>carte</span> <span class='ocrx_word' id='word_1_225' title='bbox 808 1068 837 1092; x_wconf 90' lang='lat' dir='ltr'>et</span> <span class='ocrx_word' id='word_1_226' title='bbox 851 1063 903 1092; x_wconf 88' lang='lat' dir='ltr'>alie</span> <span class='ocrx_word' id='word_1_227' title='bbox 918 1063 1024 1092; x_wconf 83' lang='lat' dir='ltr'>diverse</span> <span class='ocrx_word' id='word_1_228' title='bbox 1039 1064 1174 1102; x_wconf 87' lang='lat' dir='ltr'>scripture</span> <span class='ocrx_word' id='word_1_229' title='bbox 1188 1069 1216 1093; x_wconf 92' lang='lat' dir='ltr'>et</span> <span class='ocrx_word' id='word_1_230' title='bbox 1231 1068 1416 1093; x_wconf 89' lang='lat' dir='ltr'>monumenta</span> <span class='ocrx_word' id='word_1_231' title='bbox 1428 1064 1459 1092; x_wconf 92' lang='lat' dir='ltr'>in</span> <span class='ocrx_word' id='word_1_232' title='bbox 1473 1075 1505 1093; x_wconf 91' lang='lat' dir='ltr'>ea</span> <span class='ocrx_word' id='word_1_233' title='bbox 1519 1065 1679 1100; x_wconf 83' lang='lat' dir='ltr'>existentia,</span> 
     </span>
     <span class='ocr_line' id='line_1_21' title="bbox 174 1110 1678 1150; baseline 0.001 -11"><span class='ocrx_word' id='word_1_234' title='bbox 174 1121 223 1149; x_wconf 91' lang='lat' dir='ltr'>per</span> <span class='ocrx_word' id='word_1_235' title='bbox 244 1121 296 1149; x_wconf 89' lang='lat' dir='ltr'>que</span> <span class='ocrx_word' id='word_1_236' title='bbox 313 1110 379 1150; x_wconf 88' lang='lat' dir='ltr'>jura</span> <span class='ocrx_word' id='word_1_237' title='bbox 399 1111 484 1149; x_wconf 88' lang='lat' dir='ltr'>ipsius</span> <span class='ocrx_word' id='word_1_238' title='bbox 507 1111 612 1145; x_wconf 88' lang='lat' dir='ltr'>eclesie,</span> <span class='ocrx_word' id='word_1_239' title='bbox 630 1115 658 1139; x_wconf 91' lang='lat' dir='ltr'>et</span> <span class='ocrx_word' id='word_1_240' title='bbox 680 1111 715 1139; x_wconf 88' lang='lat' dir='ltr'>ad</span> <span class='ocrx_word' id='word_1_241' title='bbox 736 1111 861 1140; x_wconf 81' lang='lat' dir='ltr'>mensam</span> <span class='ocrx_word' id='word_1_242' title='bbox 882 1111 1066 1150; x_wconf 89' lang='lat' dir='ltr'>episcopalem</span> <span class='ocrx_word' id='word_1_243' title='bbox 1085 1111 1303 1146; x_wconf 86' lang='lat' dir='ltr'>Moraviensem,</span> <span class='ocrx_word' id='word_1_244' title='bbox 1327 1112 1361 1140; x_wconf 81' lang='lat' dir='ltr'>ad</span> <span class='ocrx_word' id='word_1_245' title='bbox 1374 1112 1482 1141; x_wconf 89' lang='lat' dir='ltr'>dictum</span> <span class='ocrx_word' id='word_1_246' title='bbox 1498 1113 1634 1141; x_wconf 83' lang='lat' dir='ltr'>decanum</span> <span class='ocrx_word' id='word_1_247' title='bbox 1649 1118 1678 1141; x_wconf 91' lang='lat' dir='ltr'>et</span> 
     </span>
     <span class='ocr_line' id='line_1_22' title="bbox 174 1158 1676 1198; baseline 0.002 -12"><span class='ocrx_word' id='word_1_248' title='bbox 174 1158 326 1196; x_wconf 89' lang='lat' dir='ltr'>capitulum</span> <span class='ocrx_word' id='word_1_249' title='bbox 346 1158 551 1197; x_wconf 73' lang='lat' dir='ltr'>singularesque</span> <span class='ocrx_word' id='word_1_250' title='bbox 572 1158 720 1187; x_wconf 90' lang='lat' dir='ltr'>canonicos</span> <span class='ocrx_word' id='word_1_251' title='bbox 742 1163 771 1187; x_wconf 91' lang='lat' dir='ltr'>et</span> <span class='ocrx_word' id='word_1_252' title='bbox 792 1159 949 1197; x_wconf 88' lang='lat' dir='ltr'>capellanos</span> <span class='ocrx_word' id='word_1_253' title='bbox 970 1159 1054 1197; x_wconf 83' lang='lat' dir='ltr'>ipsius</span> <span class='ocrx_word' id='word_1_254' title='bbox 1075 1159 1180 1193; x_wconf 87' lang='lat' dir='ltr'>eclesie,</span> <span class='ocrx_word' id='word_1_255' title='bbox 1202 1169 1312 1187; x_wconf 90' lang='lat' dir='ltr'>necnon</span> <span class='ocrx_word' id='word_1_256' title='bbox 1326 1160 1360 1187; x_wconf 88' lang='lat' dir='ltr'>ad</span> <span class='ocrx_word' id='word_1_257' title='bbox 1374 1160 1408 1188; x_wconf 92' lang='lat' dir='ltr'>de</span> <span class='ocrx_word' id='word_1_258' title='bbox 1425 1160 1571 1198; x_wconf 85' lang='lat' dir='ltr'>Urquhart</span> <span class='ocrx_word' id='word_1_259' title='bbox 1593 1165 1621 1189; x_wconf 90' lang='lat' dir='ltr'>et</span> <span class='ocrx_word' id='word_1_260' title='bbox 1643 1161 1676 1189; x_wconf 88' lang='lat' dir='ltr'>de</span> 
     </span>
     <span class='ocr_line' id='line_1_23' title="bbox 175 1205 1677 1246; baseline 0.001 -12"><span class='ocrx_word' id='word_1_261' title='bbox 175 1205 315 1234; x_wconf 87' lang='lat' dir='ltr'>Pluscardi</span> <span class='ocrx_word' id='word_1_262' title='bbox 339 1206 478 1244; x_wconf 89' lang='lat' dir='ltr'>prioratus</span> <span class='ocrx_word' id='word_1_263' title='bbox 504 1206 600 1235; x_wconf 91' lang='lat' dir='ltr'>Sancti</span> <span class='ocrx_word' id='word_1_264' title='bbox 624 1206 772 1234; x_wconf 85' lang='lat' dir='ltr'>Benedicti</span> <span class='ocrx_word' id='word_1_265' title='bbox 800 1211 829 1234; x_wconf 86' lang='lat' dir='ltr'>et</span> <span class='ocrx_word' id='word_1_266' title='bbox 851 1206 939 1234; x_wconf 85' lang='lat' dir='ltr'>Vallis</span> <span class='ocrx_word' id='word_1_267' title='bbox 963 1206 1095 1240; x_wconf 88' lang='lat' dir='ltr'>caulium,</span> <span class='ocrx_word' id='word_1_268' title='bbox 1120 1207 1153 1234; x_wconf 86' lang='lat' dir='ltr'>ad</span> <span class='ocrx_word' id='word_1_269' title='bbox 1177 1207 1305 1235; x_wconf 91' lang='lat' dir='ltr'>Domum</span> <span class='ocrx_word' id='word_1_270' title='bbox 1330 1207 1387 1235; x_wconf 94' lang='lat' dir='ltr'>Dei</span> <span class='ocrx_word' id='word_1_271' title='bbox 1408 1206 1496 1246; x_wconf 82' lang='lat' dir='ltr'>juxta</span> <span class='ocrx_word' id='word_1_272' title='bbox 1521 1208 1616 1245; x_wconf 91' lang='lat' dir='ltr'>Elgin,</span> <span class='ocrx_word' id='word_1_273' title='bbox 1645 1218 1677 1236; x_wconf 83' lang='lat' dir='ltr'>ac</span> 
     </span>
     <span class='ocr_line' id='line_1_24' title="bbox 174 1253 1677 1293; baseline 0.002 -12"><span class='ocrx_word' id='word_1_274' title='bbox 174 1253 320 1291; x_wconf 87' lang='lat' dir='ltr'>Hospitale</span> <span class='ocrx_word' id='word_1_275' title='bbox 334 1263 490 1292; x_wconf 89' lang='lat' dir='ltr'>pauperum</span> <span class='ocrx_word' id='word_1_276' title='bbox 501 1253 586 1292; x_wconf 83' lang='lat' dir='ltr'>juxta</span> <span class='ocrx_word' id='word_1_277' title='bbox 600 1258 726 1282; x_wconf 88' lang='lat' dir='ltr'>veterem</span> <span class='ocrx_word' id='word_1_278' title='bbox 739 1258 856 1291; x_wconf 90' lang='lat' dir='ltr'>pontem</span> <span class='ocrx_word' id='word_1_279' title='bbox 873 1254 907 1282; x_wconf 87' lang='lat' dir='ltr'>de</span> <span class='ocrx_word' id='word_1_280' title='bbox 924 1255 1008 1292; x_wconf 89' lang='lat' dir='ltr'>Spey,</span> <span class='ocrx_word' id='word_1_281' title='bbox 1023 1254 1209 1282; x_wconf 89' lang='lat' dir='ltr'>Moraviensis</span> <span class='ocrx_word' id='word_1_282' title='bbox 1228 1254 1352 1289; x_wconf 87' lang='lat' dir='ltr'>diocesis,</span> <span class='ocrx_word' id='word_1_283' title='bbox 1373 1264 1404 1282; x_wconf 88' lang='lat' dir='ltr'>ac</span> <span class='ocrx_word' id='word_1_284' title='bbox 1419 1265 1517 1283; x_wconf 85' lang='lat' dir='ltr'>eorum</span> <span class='ocrx_word' id='word_1_285' title='bbox 1529 1255 1677 1293; x_wconf 88' lang='lat' dir='ltr'>privilegia</span> 
     </span>
     <span class='ocr_line' id='line_1_25' title="bbox 173 1300 1676 1340; baseline 0.002 -12"><span class='ocrx_word' id='word_1_286' title='bbox 173 1305 201 1329; x_wconf 90' lang='lat' dir='ltr'>et</span> <span class='ocrx_word' id='word_1_287' title='bbox 215 1300 317 1329; x_wconf 79' lang='lat' dir='ltr'>statuta</span> <span class='ocrx_word' id='word_1_288' title='bbox 330 1311 361 1329; x_wconf 87' lang='lat' dir='ltr'>ac</span> <span class='ocrx_word' id='word_1_289' title='bbox 375 1300 556 1329; x_wconf 87' lang='lat' dir='ltr'>fundaciones</span> <span class='ocrx_word' id='word_1_290' title='bbox 571 1305 599 1330; x_wconf 89' lang='lat' dir='ltr'>et</span> <span class='ocrx_word' id='word_1_291' title='bbox 608 1300 675 1340; x_wconf 87' lang='lat' dir='ltr'>jura</span> <span class='ocrx_word' id='word_1_292' title='bbox 689 1301 742 1329; x_wconf 86' lang='lat' dir='ltr'>alia</span> <span class='ocrx_word' id='word_1_293' title='bbox 755 1302 789 1329; x_wconf 83' lang='lat' dir='ltr'>ad</span> <span class='ocrx_word' id='word_1_294' title='bbox 803 1311 850 1330; x_wconf 91' lang='lat' dir='ltr'>eos</span> <span class='ocrx_word' id='word_1_295' title='bbox 865 1301 1037 1339; x_wconf 85' lang='lat' dir='ltr'>pertinentia</span> <span class='ocrx_word' id='word_1_296' title='bbox 1056 1301 1167 1340; x_wconf 90' lang='lat' dir='ltr'>probari</span> <span class='ocrx_word' id='word_1_297' title='bbox 1187 1306 1327 1339; x_wconf 87' lang='lat' dir='ltr'>poterant,</span> <span class='ocrx_word' id='word_1_298' title='bbox 1348 1302 1433 1340; x_wconf 90' lang='lat' dir='ltr'>ipsius</span> <span class='ocrx_word' id='word_1_299' title='bbox 1453 1302 1583 1331; x_wconf 90' lang='lat' dir='ltr'>incendio</span> <span class='ocrx_word' id='word_1_300' title='bbox 1600 1313 1676 1331; x_wconf 91' lang='lat' dir='ltr'>com-</span> 
     </span>
     <span class='ocr_line' id='line_1_26' title="bbox 173 1348 1675 1388; baseline 0.001 -12"><span class='ocrx_word' id='word_1_301' title='bbox 173 1348 249 1376; x_wconf 87' lang='lat' dir='ltr'>busta</span> <span class='ocrx_word' id='word_1_302' title='bbox 263 1352 291 1377; x_wconf 91' lang='lat' dir='ltr'>et</span> <span class='ocrx_word' id='word_1_303' title='bbox 306 1348 470 1387; x_wconf 88' lang='lat' dir='ltr'>consumpta</span> <span class='ocrx_word' id='word_1_304' title='bbox 480 1349 605 1377; x_wconf 81' lang='lat' dir='ltr'>fuerunt.</span> <span class='ocrx_word' id='word_1_305' title='bbox 634 1349 728 1380; x_wconf 83' lang='lat' dir='ltr'>Quare</span> <span class='ocrx_word' id='word_1_306' title='bbox 739 1359 789 1387; x_wconf 89' lang='lat' dir='ltr'>pro</span> <span class='ocrx_word' id='word_1_307' title='bbox 808 1350 923 1387; x_wconf 91' lang='lat' dir='ltr'>[parte]</span> <span class='ocrx_word' id='word_1_308' title='bbox 939 1349 1078 1377; x_wconf 88' lang='lat' dir='ltr'>dictorum</span> <span class='ocrx_word' id='word_1_309' title='bbox 1091 1349 1230 1387; x_wconf 85' lang='lat' dir='ltr'>Episcopi,</span> <span class='ocrx_word' id='word_1_310' title='bbox 1241 1349 1350 1377; x_wconf 88' lang='lat' dir='ltr'>Decani</span> <span class='ocrx_word' id='word_1_311' title='bbox 1361 1354 1389 1378; x_wconf 90' lang='lat' dir='ltr'>et</span> <span class='ocrx_word' id='word_1_312' title='bbox 1401 1349 1515 1388; x_wconf 89' lang='lat' dir='ltr'>capituli</span> <span class='ocrx_word' id='word_1_313' title='bbox 1526 1350 1607 1378; x_wconf 88' lang='lat' dir='ltr'>nobis</span> <span class='ocrx_word' id='word_1_314' title='bbox 1620 1350 1675 1379; x_wconf 83' lang='lat' dir='ltr'>fuit</span> 
     </span>
     <span class='ocr_line' id='line_1_27' title="bbox 172 1395 1675 1435; baseline 0.001 -12"><span class='ocrx_word' id='word_1_315' title='bbox 172 1395 318 1424; x_wconf 87' lang='lat' dir='ltr'>humiliter</span> <span class='ocrx_word' id='word_1_316' title='bbox 334 1395 520 1433; x_wconf 84' lang='lat' dir='ltr'>supplicatum</span> <span class='ocrx_word' id='word_1_317' title='bbox 535 1400 568 1424; x_wconf 91' lang='lat' dir='ltr'>ut</span> <span class='ocrx_word' id='word_1_318' title='bbox 583 1405 648 1424; x_wconf 90' lang='lat' dir='ltr'>cum</span> <span class='ocrx_word' id='word_1_319' title='bbox 661 1396 752 1424; x_wconf 82' lang='lat' dir='ltr'>adhuc</span> <span class='ocrx_word' id='word_1_320' title='bbox 765 1396 886 1425; x_wconf 84' lang='lat' dir='ltr'>habeant</span> <span class='ocrx_word' id='word_1_321' title='bbox 900 1396 1006 1425; x_wconf 89' lang='lat' dir='ltr'>multos</span> <span class='ocrx_word' id='word_1_322' title='bbox 1020 1397 1103 1425; x_wconf 90' lang='lat' dir='ltr'>testes</span> <span class='ocrx_word' id='word_1_323' title='bbox 1118 1396 1171 1425; x_wconf 90' lang='lat' dir='ltr'>fide</span> <span class='ocrx_word' id='word_1_324' title='bbox 1185 1396 1293 1434; x_wconf 85' lang='lat' dir='ltr'>dignos,</span> <span class='ocrx_word' id='word_1_325' title='bbox 1308 1396 1438 1435; x_wconf 85' lang='lat' dir='ltr'>antiquos</span> <span class='ocrx_word' id='word_1_326' title='bbox 1453 1397 1547 1432; x_wconf 89' lang='lat' dir='ltr'>libros,</span> <span class='ocrx_word' id='word_1_327' title='bbox 1558 1398 1675 1431; x_wconf 90' lang='lat' dir='ltr'>rotulos,</span> 
     </span>
     <span class='ocr_line' id='line_1_28' title="bbox 172 1443 1675 1483; baseline 0.002 -13"><span class='ocrx_word' id='word_1_328' title='bbox 172 1447 322 1480; x_wconf 88' lang='lat' dir='ltr'>quaternos</span> <span class='ocrx_word' id='word_1_329' title='bbox 336 1447 365 1471; x_wconf 88' lang='lat' dir='ltr'>et</span> <span class='ocrx_word' id='word_1_330' title='bbox 379 1443 536 1481; x_wconf 86' lang='lat' dir='ltr'>scripturas,</span> <span class='ocrx_word' id='word_1_331' title='bbox 550 1453 600 1481; x_wconf 88' lang='lat' dir='ltr'>per</span> <span class='ocrx_word' id='word_1_332' title='bbox 614 1453 668 1481; x_wconf 89' lang='lat' dir='ltr'>que</span> <span class='ocrx_word' id='word_1_333' title='bbox 682 1448 815 1472; x_wconf 86' lang='lat' dir='ltr'>contenta</span> <span class='ocrx_word' id='word_1_334' title='bbox 828 1444 858 1471; x_wconf 91' lang='lat' dir='ltr'>in</span> <span class='ocrx_word' id='word_1_335' title='bbox 872 1444 972 1478; x_wconf 89' lang='lat' dir='ltr'>literis,</span> <span class='ocrx_word' id='word_1_336' title='bbox 986 1444 1073 1478; x_wconf 87' lang='lat' dir='ltr'>libris,</span> <span class='ocrx_word' id='word_1_337' title='bbox 1090 1444 1182 1478; x_wconf 87' lang='lat' dir='ltr'>cartis,</span> <span class='ocrx_word' id='word_1_338' title='bbox 1196 1444 1399 1479; x_wconf 89' lang='lat' dir='ltr'>instrumentis,</span> <span class='ocrx_word' id='word_1_339' title='bbox 1414 1444 1557 1483; x_wconf 89' lang='lat' dir='ltr'>scripturis</span> <span class='ocrx_word' id='word_1_340' title='bbox 1572 1449 1600 1474; x_wconf 91' lang='lat' dir='ltr'>et</span> <span class='ocrx_word' id='word_1_341' title='bbox 1614 1455 1675 1473; x_wconf 91' lang='lat' dir='ltr'>mo-</span> 
     </span>
     <span class='ocr_line' id='line_1_29' title="bbox 172 1489 1674 1530; baseline 0.003 -13"><span class='ocrx_word' id='word_1_342' title='bbox 172 1490 316 1518; x_wconf 91' lang='lat' dir='ltr'>numentis</span> <span class='ocrx_word' id='word_1_343' title='bbox 330 1489 489 1528; x_wconf 89' lang='lat' dir='ltr'>hujusmodi</span> <span class='ocrx_word' id='word_1_344' title='bbox 504 1490 550 1518; x_wconf 90' lang='lat' dir='ltr'>vel</span> <span class='ocrx_word' id='word_1_345' title='bbox 563 1500 661 1518; x_wconf 89' lang='lat' dir='ltr'>eorum</span> <span class='ocrx_word' id='word_1_346' title='bbox 675 1490 809 1529; x_wconf 85' lang='lat' dir='ltr'>majorem</span> <span class='ocrx_word' id='word_1_347' title='bbox 823 1497 933 1529; x_wconf 85' lang='lat' dir='ltr'>partem</span> <span class='ocrx_word' id='word_1_348' title='bbox 951 1491 1067 1529; x_wconf 90' lang='lat' dir='ltr'>probare</span> <span class='ocrx_word' id='word_1_349' title='bbox 1088 1490 1210 1529; x_wconf 81' lang='lat' dir='ltr'>possunt,</span> <span class='ocrx_word' id='word_1_350' title='bbox 1232 1491 1378 1529; x_wconf 88' lang='lat' dir='ltr'>providere</span> <span class='ocrx_word' id='word_1_351' title='bbox 1401 1492 1440 1520; x_wconf 89' lang='lat' dir='ltr'>eis</span> <span class='ocrx_word' id='word_1_352' title='bbox 1462 1492 1544 1530; x_wconf 89' lang='lat' dir='ltr'>super</span> <span class='ocrx_word' id='word_1_353' title='bbox 1565 1493 1619 1521; x_wconf 89' lang='lat' dir='ltr'>hoc</span> <span class='ocrx_word' id='word_1_354' title='bbox 1641 1493 1674 1521; x_wconf 88' lang='lat' dir='ltr'>de</span> 
     </span>
     <span class='ocr_line' id='line_1_30' title="bbox 171 1536 1674 1577; baseline 0.003 -13"><span class='ocrx_word' id='word_1_355' title='bbox 171 1541 312 1574; x_wconf 90' lang='lat' dir='ltr'>oportuno</span> <span class='ocrx_word' id='word_1_356' title='bbox 325 1536 449 1565; x_wconf 88' lang='lat' dir='ltr'>remedio</span> <span class='ocrx_word' id='word_1_357' title='bbox 463 1537 661 1574; x_wconf 86' lang='lat' dir='ltr'>dignaremur:</span> <span class='ocrx_word' id='word_1_358' title='bbox 681 1537 739 1566; x_wconf 90' lang='lat' dir='ltr'>Nos</span> <span class='ocrx_word' id='word_1_359' title='bbox 754 1538 846 1576; x_wconf 91' lang='lat' dir='ltr'>itaque</span> <span class='ocrx_word' id='word_1_360' title='bbox 861 1537 1020 1577; x_wconf 85' lang='lat' dir='ltr'>hujusmodi</span> <span class='ocrx_word' id='word_1_361' title='bbox 1034 1538 1283 1576; x_wconf 88' lang='lat' dir='ltr'>supplicationibus</span> <span class='ocrx_word' id='word_1_362' title='bbox 1294 1538 1430 1572; x_wconf 90' lang='lat' dir='ltr'>inclinati,</span> <span class='ocrx_word' id='word_1_363' title='bbox 1442 1539 1611 1568; x_wconf 81' lang='lat' dir='ltr'>fraternitati</span> <span class='ocrx_word' id='word_1_364' title='bbox 1625 1544 1674 1568; x_wconf 88' lang='lat' dir='ltr'>tue</span> 
     </span>
     <span class='ocr_line' id='line_1_31' title="bbox 171 1584 1675 1624; baseline 0.002 -13"><span class='ocrx_word' id='word_1_365' title='bbox 171 1584 204 1612; x_wconf 89' lang='lat' dir='ltr'>de</span> <span class='ocrx_word' id='word_1_366' title='bbox 220 1594 273 1621; x_wconf 87' lang='lat' dir='ltr'>qua</span> <span class='ocrx_word' id='word_1_367' title='bbox 286 1584 316 1611; x_wconf 93' lang='lat' dir='ltr'>in</span> <span class='ocrx_word' id='word_1_368' title='bbox 330 1584 384 1612; x_wconf 92' lang='lat' dir='ltr'>hiis</span> <span class='ocrx_word' id='word_1_369' title='bbox 400 1588 428 1612; x_wconf 90' lang='lat' dir='ltr'>et</span> <span class='ocrx_word' id='word_1_370' title='bbox 442 1584 503 1612; x_wconf 89' lang='lat' dir='ltr'>aliis</span> <span class='ocrx_word' id='word_1_371' title='bbox 517 1584 663 1622; x_wconf 88' lang='lat' dir='ltr'>specialem</span> <span class='ocrx_word' id='word_1_372' title='bbox 677 1585 707 1612; x_wconf 92' lang='lat' dir='ltr'>in</span> <span class='ocrx_word' id='word_1_373' title='bbox 719 1585 846 1613; x_wconf 90' lang='lat' dir='ltr'>Domino</span> <span class='ocrx_word' id='word_1_374' title='bbox 860 1585 989 1613; x_wconf 89' lang='lat' dir='ltr'>fiduciam</span> <span class='ocrx_word' id='word_1_375' title='bbox 999 1586 1167 1620; x_wconf 86' lang='lat' dir='ltr'>obtinemus,</span> <span class='ocrx_word' id='word_1_376' title='bbox 1182 1595 1232 1624; x_wconf 89' lang='lat' dir='ltr'>per</span> <span class='ocrx_word' id='word_1_377' title='bbox 1245 1586 1393 1624; x_wconf 87' lang='lat' dir='ltr'>apostolica</span> <span class='ocrx_word' id='word_1_378' title='bbox 1406 1586 1507 1624; x_wconf 85' lang='lat' dir='ltr'>scripta</span> <span class='ocrx_word' id='word_1_379' title='bbox 1520 1587 1675 1616; x_wconf 47' lang='lat' dir='ltr'>committi*</span> 
     </span>
     <span class='ocr_line' id='line_1_32' title="bbox 171 1631 1673 1672; baseline 0.002 -13"><span class='ocrx_word' id='word_1_380' title='bbox 171 1640 233 1659; x_wconf 88' lang='grc'><strong>111115</strong></span> <span class='ocrx_word' id='word_1_381' title='bbox 245 1635 273 1659; x_wconf 88' lang='lat' dir='ltr'>et</span> <span class='ocrx_word' id='word_1_382' title='bbox 285 1631 450 1659; x_wconf 86' lang='lat' dir='ltr'>mandamus</span> <span class='ocrx_word' id='word_1_383' title='bbox 461 1636 607 1669; x_wconf 80' lang='lat' dir='ltr'>quatenus,</span> <span class='ocrx_word' id='word_1_384' title='bbox 616 1631 722 1660; x_wconf 80' lang='lat' dir='ltr'>vocatis</span> <span class='ocrx_word' id='word_1_385' title='bbox 732 1631 780 1670; x_wconf 90' lang='lat' dir='ltr'>qui</span> <span class='ocrx_word' id='word_1_386' title='bbox 790 1632 896 1661; x_wconf 85' lang='lat' dir='ltr'>fuerint</span> <span class='ocrx_word' id='word_1_387' title='bbox 907 1633 1050 1667; x_wconf 83' lang='lat' dir='ltr'>evocandi,</span> <span class='ocrx_word' id='word_1_388' title='bbox 1060 1633 1143 1661; x_wconf 88' lang='lat' dir='ltr'>testes</span> <span class='ocrx_word' id='word_1_389' title='bbox 1153 1633 1285 1670; x_wconf 90' lang='lat' dir='ltr'>ydoneos,</span> <span class='ocrx_word' id='word_1_390' title='bbox 1295 1633 1388 1668; x_wconf 89' lang='lat' dir='ltr'>libros,</span> <span class='ocrx_word' id='word_1_391' title='bbox 1398 1634 1514 1668; x_wconf 92' lang='lat' dir='ltr'>rotulos,</span> <span class='ocrx_word' id='word_1_392' title='bbox 1524 1638 1673 1672; x_wconf 88' lang='lat' dir='ltr'>quaternos</span> 
     </span>
     <span class='ocr_line' id='line_1_33' title="bbox 170 1678 1673 1719; baseline 0.002 -12"><span class='ocrx_word' id='word_1_393' title='bbox 170 1682 199 1707; x_wconf 82' lang='lat' dir='ltr'>et</span> <span class='ocrx_word' id='word_1_394' title='bbox 219 1678 368 1716; x_wconf 86' lang='lat' dir='ltr'>scripturas</span> <span class='ocrx_word' id='word_1_395' title='bbox 383 1683 411 1707; x_wconf 89' lang='lat' dir='ltr'>et</span> <span class='ocrx_word' id='word_1_396' title='bbox 428 1678 482 1706; x_wconf 86' lang='lat' dir='ltr'>alia</span> <span class='ocrx_word' id='word_1_397' title='bbox 495 1679 663 1707; x_wconf 80' lang='lat' dir='ltr'>adminicula</span> <span class='ocrx_word' id='word_1_398' title='bbox 676 1689 730 1717; x_wconf 89' lang='lat' dir='ltr'>que</span> <span class='ocrx_word' id='word_1_399' title='bbox 745 1679 908 1718; x_wconf 87' lang='lat' dir='ltr'>Episcopus,</span> <span class='ocrx_word' id='word_1_400' title='bbox 928 1680 1048 1708; x_wconf 89' lang='lat' dir='ltr'>decanus</span> <span class='ocrx_word' id='word_1_401' title='bbox 1068 1684 1096 1708; x_wconf 92' lang='lat' dir='ltr'>et</span> <span class='ocrx_word' id='word_1_402' title='bbox 1113 1680 1267 1719; x_wconf 86' lang='lat' dir='ltr'>capitulum</span> <span class='ocrx_word' id='word_1_403' title='bbox 1284 1690 1377 1709; x_wconf 89' lang='lat' dir='ltr'>coram</span> <span class='ocrx_word' id='word_1_404' title='bbox 1390 1685 1419 1709; x_wconf 91' lang='lat' dir='ltr'>te</span> <span class='ocrx_word' id='word_1_405' title='bbox 1434 1681 1516 1719; x_wconf 89' lang='lat' dir='ltr'>super</span> <span class='ocrx_word' id='word_1_406' title='bbox 1528 1682 1583 1710; x_wconf 85' lang='lat' dir='ltr'>hoc</span> <span class='ocrx_word' id='word_1_407' title='bbox 1601 1682 1673 1710; x_wconf 87' lang='lat' dir='ltr'>dux-</span> 
     </span>
     <span class='ocr_line' id='line_1_34' title="bbox 170 1725 1671 1766; baseline 0.003 -13"><span class='ocrx_word' id='word_1_408' title='bbox 170 1725 243 1754; x_wconf 88' lang='lat' dir='ltr'>erint</span> <span class='ocrx_word' id='word_1_409' title='bbox 257 1726 442 1764; x_wconf 86' lang='lat' dir='ltr'>producenda,</span> <span class='ocrx_word' id='word_1_410' title='bbox 455 1726 599 1754; x_wconf 84' lang='lat' dir='ltr'>examines</span> <span class='ocrx_word' id='word_1_411' title='bbox 610 1726 761 1764; x_wconf 88' lang='lat' dir='ltr'>diligenter</span> <span class='ocrx_word' id='word_1_412' title='bbox 775 1732 802 1756; x_wconf 90' lang='lat' dir='ltr'>et</span> <span class='ocrx_word' id='word_1_413' title='bbox 818 1728 971 1756; x_wconf 91' lang='lat' dir='ltr'>eorundem</span> <span class='ocrx_word' id='word_1_414' title='bbox 984 1727 1099 1756; x_wconf 88' lang='lat' dir='ltr'>testium</span> <span class='ocrx_word' id='word_1_415' title='bbox 1113 1728 1307 1766; x_wconf 89' lang='lat' dir='ltr'>depositiones,</span> <span class='ocrx_word' id='word_1_416' title='bbox 1321 1738 1430 1757; x_wconf 88' lang='lat' dir='ltr'>necnon</span> <span class='ocrx_word' id='word_1_417' title='bbox 1445 1729 1539 1764; x_wconf 91' lang='lat' dir='ltr'>libros,</span> <span class='ocrx_word' id='word_1_418' title='bbox 1554 1730 1671 1763; x_wconf 86' lang='lat' dir='ltr'>rotulos,</span> 
     </span>
     <span class='ocr_line' id='line_1_35' title="bbox 170 1773 1672 1815; baseline 0.003 -15"><span class='ocrx_word' id='word_1_419' title='bbox 170 1777 328 1811; x_wconf 88' lang='lat' dir='ltr'>quaternos,</span> <span class='ocrx_word' id='word_1_420' title='bbox 347 1773 496 1811; x_wconf 87' lang='lat' dir='ltr'>scripturas</span> <span class='ocrx_word' id='word_1_421' title='bbox 511 1778 539 1802; x_wconf 89' lang='lat' dir='ltr'>et</span> <span class='ocrx_word' id='word_1_422' title='bbox 554 1774 730 1809; x_wconf 84' lang='lat' dir='ltr'>adminicula,</span> <span class='ocrx_word' id='word_1_423' title='bbox 745 1785 795 1813; x_wconf 88' lang='lat' dir='ltr'>per</span> <span class='ocrx_word' id='word_1_424' title='bbox 809 1785 861 1813; x_wconf 89' lang='lat' dir='ltr'>que</span> <span class='ocrx_word' id='word_1_425' title='bbox 875 1775 1032 1812; x_wconf 87' lang='lat' dir='ltr'>privilegia,</span> <span class='ocrx_word' id='word_1_426' title='bbox 1046 1776 1157 1809; x_wconf 82' lang='lat' dir='ltr'>statuta,</span> <span class='ocrx_word' id='word_1_427' title='bbox 1172 1775 1349 1804; x_wconf 86' lang='lat' dir='ltr'>fundationes</span> <span class='ocrx_word' id='word_1_428' title='bbox 1363 1786 1394 1804; x_wconf 85' lang='lat' dir='ltr'>ac</span> <span class='ocrx_word' id='word_1_429' title='bbox 1408 1776 1461 1804; x_wconf 89' lang='lat' dir='ltr'>alia</span> <span class='ocrx_word' id='word_1_430' title='bbox 1468 1776 1535 1815; x_wconf 89' lang='lat' dir='ltr'>jura</span> <span class='ocrx_word' id='word_1_431' title='bbox 1548 1777 1672 1815; x_wconf 87' lang='lat' dir='ltr'>predicta</span> 
     </span>
     <span class='ocr_line' id='line_1_36' title="bbox 170 1820 1671 1861; baseline 0.003 -13"><span class='ocrx_word' id='word_1_432' title='bbox 170 1820 279 1858; x_wconf 87' lang='lat' dir='ltr'>probari</span> <span class='ocrx_word' id='word_1_433' title='bbox 292 1820 426 1858; x_wconf 88' lang='lat' dir='ltr'>poterint,</span> <span class='ocrx_word' id='word_1_434' title='bbox 439 1821 527 1858; x_wconf 87' lang='lat' dir='ltr'>redigi</span> <span class='ocrx_word' id='word_1_435' title='bbox 542 1821 624 1850; x_wconf 83' lang='lat' dir='ltr'>facias</span> <span class='ocrx_word' id='word_1_436' title='bbox 638 1822 668 1850; x_wconf 94' lang='lat' dir='ltr'>in</span> <span class='ocrx_word' id='word_1_437' title='bbox 681 1822 793 1861; x_wconf 89' lang='lat' dir='ltr'>publica</span> <span class='ocrx_word' id='word_1_438' title='bbox 805 1822 1001 1856; x_wconf 85' lang='lat' dir='ltr'>instrumenta,</span> <span class='ocrx_word' id='word_1_439' title='bbox 1026 1823 1242 1851; x_wconf 83' lang='lat' dir='ltr'>contradictores</span> <span class='ocrx_word' id='word_1_440' title='bbox 1256 1833 1306 1861; x_wconf 89' lang='lat' dir='ltr'>per</span> <span class='ocrx_word' id='word_1_441' title='bbox 1319 1823 1464 1852; x_wconf 87' lang='lat' dir='ltr'>censuram</span> <span class='ocrx_word' id='word_1_442' title='bbox 1478 1824 1671 1853; x_wconf 88' lang='lat' dir='ltr'>eclesiasticam</span> 
     </span>
     <span class='ocr_line' id='line_1_37' title="bbox 170 1867 1670 1911; baseline 0.005 -17"><span class='ocrx_word' id='word_1_443' title='bbox 170 1867 355 1905; x_wconf 80' lang='lat' dir='ltr'>appellatione</span> <span class='ocrx_word' id='word_1_444' title='bbox 369 1868 518 1906; x_wconf 88' lang='lat' dir='ltr'>postposita</span> <span class='ocrx_word' id='word_1_445' title='bbox 532 1869 740 1907; x_wconf 88' lang='lat' dir='ltr'>compescendo,</span> <span class='ocrx_word' id='word_1_446' title='bbox 755 1880 813 1898; x_wconf 91' lang='lat' dir='ltr'>non</span> <span class='ocrx_word' id='word_1_447' title='bbox 827 1870 953 1899; x_wconf 85' lang='lat' dir='ltr'>obstante</span> <span class='ocrx_word' id='word_1_448' title='bbox 965 1870 984 1898; x_wconf 91' lang='lat' dir='ltr'>si</span> <span class='ocrx_word' id='word_1_449' title='bbox 995 1870 1133 1908; x_wconf 82' lang='lat' dir='ltr'>aliquibus</span> <span class='ocrx_word' id='word_1_450' title='bbox 1145 1870 1318 1909; x_wconf 87' lang='lat' dir='ltr'>conjunctim</span> <span class='ocrx_word' id='word_1_451' title='bbox 1330 1875 1358 1900; x_wconf 87' lang='lat' dir='ltr'>et</span> <span class='ocrx_word' id='word_1_452' title='bbox 1369 1871 1477 1900; x_wconf 85' lang='lat' dir='ltr'>divisim</span> <span class='ocrx_word' id='word_1_453' title='bbox 1487 1882 1504 1900; x_wconf 83' lang='lat' dir='ltr'>a</span> <span class='ocrx_word' id='word_1_454' title='bbox 1517 1872 1579 1901; x_wconf 88' lang='lat' dir='ltr'>sede</span> <span class='ocrx_word' id='word_1_455' title='bbox 1593 1873 1670 1911; x_wconf 89' lang='lat' dir='ltr'>apos-</span> 
     </span>
     <span class='ocr_line' id='line_1_38' title="bbox 169 1914 1669 1958; baseline 0.005 -17"><span class='ocrx_word' id='word_1_456' title='bbox 169 1914 254 1942; x_wconf 88' lang='lat' dir='ltr'>tolica</span> <span class='ocrx_word' id='word_1_457' title='bbox 273 1914 306 1942; x_wconf 90' lang='lat' dir='ltr'>sit</span> <span class='ocrx_word' id='word_1_458' title='bbox 322 1914 465 1943; x_wconf 89' lang='lat' dir='ltr'>indultum</span> <span class='ocrx_word' id='word_1_459' title='bbox 484 1917 557 1953; x_wconf 89' lang='lat' dir='ltr'>quod</span> <span class='ocrx_word' id='word_1_460' title='bbox 574 1916 703 1945; x_wconf 85' lang='lat' dir='ltr'>interdici</span> <span class='ocrx_word' id='word_1_461' title='bbox 718 1916 847 1955; x_wconf 89' lang='lat' dir='ltr'>suspendi</span> <span class='ocrx_word' id='word_1_462' title='bbox 861 1918 907 1946; x_wconf 89' lang='lat' dir='ltr'>vel</span> <span class='ocrx_word' id='word_1_463' title='bbox 928 1918 1166 1946; x_wconf 87' lang='lat' dir='ltr'>excommunicari</span> <span class='ocrx_word' id='word_1_464' title='bbox 1184 1928 1242 1946; x_wconf 91' lang='lat' dir='ltr'>non</span> <span class='ocrx_word' id='word_1_465' title='bbox 1260 1919 1362 1957; x_wconf 83' lang='lat' dir='ltr'>poffint</span> <span class='ocrx_word' id='word_1_466' title='bbox 1380 1929 1431 1957; x_wconf 90' lang='lat' dir='ltr'>per</span> <span class='ocrx_word' id='word_1_467' title='bbox 1450 1919 1545 1948; x_wconf 83' lang='lat' dir='ltr'>literas</span> <span class='ocrx_word' id='word_1_468' title='bbox 1562 1920 1669 1958; x_wconf 88' lang='lat' dir='ltr'>aposto-</span> 
     </span>
     <span class='ocr_line' id='line_1_39' title="bbox 167 1961 1669 2005; baseline 0.005 -17"><span class='ocrx_word' id='word_1_469' title='bbox 167 1961 235 1989; x_wconf 85' lang='lat' dir='ltr'>licas</span> <span class='ocrx_word' id='word_1_470' title='bbox 252 1971 309 1989; x_wconf 92' lang='lat' dir='ltr'>non</span> <span class='ocrx_word' id='word_1_471' title='bbox 329 1961 462 1991; x_wconf 87' lang='lat' dir='ltr'>facientes</span> <span class='ocrx_word' id='word_1_472' title='bbox 483 1963 595 2000; x_wconf 87' lang='lat' dir='ltr'>plenam</span> <span class='ocrx_word' id='word_1_473' title='bbox 614 1968 642 1992; x_wconf 91' lang='lat' dir='ltr'>et</span> <span class='ocrx_word' id='word_1_474' title='bbox 662 1965 815 2002; x_wconf 79' lang='lat' dir='ltr'>expressam</span> <span class='ocrx_word' id='word_1_475' title='bbox 829 1975 860 1992; x_wconf 87' lang='lat' dir='ltr'>ac</span> <span class='ocrx_word' id='word_1_476' title='bbox 874 1965 908 1993; x_wconf 88' lang='lat' dir='ltr'>de</span> <span class='ocrx_word' id='word_1_477' title='bbox 923 1965 1007 1994; x_wconf 86' lang='lat' dir='ltr'>verbo</span> <span class='ocrx_word' id='word_1_478' title='bbox 1021 1965 1055 1993; x_wconf 90' lang='lat' dir='ltr'>ad</span> <span class='ocrx_word' id='word_1_479' title='bbox 1069 1966 1186 1994; x_wconf 86' lang='lat' dir='ltr'>verbum</span> <span class='ocrx_word' id='word_1_480' title='bbox 1200 1966 1234 1994; x_wconf 92' lang='lat' dir='ltr'>de</span> <span class='ocrx_word' id='word_1_481' title='bbox 1248 1966 1359 1994; x_wconf 90' lang='lat' dir='ltr'>indulto</span> <span class='ocrx_word' id='word_1_482' title='bbox 1372 1966 1531 2005; x_wconf 89' lang='lat' dir='ltr'>hujusmodi</span> <span class='ocrx_word' id='word_1_483' title='bbox 1549 1968 1669 1996; x_wconf 89' lang='lat' dir='ltr'>mentio-</span> 
     </span>
     <span class='ocr_line' id='line_1_40' title="bbox 170 2009 1667 2054; baseline 0.005 -18"><span class='ocrx_word' id='word_1_484' title='bbox 170 2018 244 2036; x_wconf 83' lang='lat' dir='ltr'>nem.</span> <span class='ocrx_word' id='word_1_485' title='bbox 275 2009 415 2037; x_wconf 91' lang='lat' dir='ltr'>Volumus</span> <span class='ocrx_word' id='word_1_486' title='bbox 431 2014 526 2038; x_wconf 90' lang='lat' dir='ltr'>autem</span> <span class='ocrx_word' id='word_1_487' title='bbox 541 2015 569 2039; x_wconf 90' lang='lat' dir='ltr'>et</span> <span class='ocrx_word' id='word_1_488' title='bbox 584 2012 732 2050; x_wconf 82' lang='lat' dir='ltr'>apostolica</span> <span class='ocrx_word' id='word_1_489' title='bbox 745 2012 911 2041; x_wconf 80' lang='lat' dir='ltr'>auctoritate</span> <span class='ocrx_word' id='word_1_490' title='bbox 925 2012 1100 2041; x_wconf 84' lang='lat' dir='ltr'>decernimus</span> <span class='ocrx_word' id='word_1_491' title='bbox 1115 2014 1188 2051; x_wconf 90' lang='lat' dir='ltr'>quod</span> <span class='ocrx_word' id='word_1_492' title='bbox 1202 2013 1396 2042; x_wconf 89' lang='lat' dir='ltr'>instrumentis</span> <span class='ocrx_word' id='word_1_493' title='bbox 1410 2014 1579 2053; x_wconf 88' lang='lat' dir='ltr'>hujusmodi,</span> <span class='ocrx_word' id='word_1_494' title='bbox 1594 2015 1667 2054; x_wconf 88' lang='lat' dir='ltr'>post-</span> 
     </span>
     <span class='ocr_line' id='line_1_41' title="bbox 169 2055 1666 2100; baseline 0.005 -18"><span class='ocrx_word' id='word_1_495' title='bbox 169 2065 250 2093; x_wconf 83' lang='lat' dir='ltr'>quam</span> <span class='ocrx_word' id='word_1_496' title='bbox 261 2055 290 2083; x_wconf 91' lang='lat' dir='ltr'>in</span> <span class='ocrx_word' id='word_1_497' title='bbox 302 2056 441 2094; x_wconf 89' lang='lat' dir='ltr'>publicam</span> <span class='ocrx_word' id='word_1_498' title='bbox 453 2057 570 2086; x_wconf 84' lang='lat' dir='ltr'>formam</span> <span class='ocrx_word' id='word_1_499' title='bbox 582 2059 693 2087; x_wconf 81' lang='lat' dir='ltr'>redacta</span> <span class='ocrx_word' id='word_1_500' title='bbox 703 2058 817 2094; x_wconf 89' lang='lat' dir='ltr'>fuerint,</span> <span class='ocrx_word' id='word_1_501' title='bbox 828 2060 911 2098; x_wconf 77' lang='lat' dir='ltr'>plena</span> <span class='ocrx_word' id='word_1_502' title='bbox 920 2060 987 2088; x_wconf 89' lang='lat' dir='ltr'>fides</span> <span class='ocrx_word' id='word_1_503' title='bbox 998 2060 1162 2089; x_wconf 84' lang='lat' dir='ltr'>adhibeatur</span> <span class='ocrx_word' id='word_1_504' title='bbox 1176 2060 1206 2089; x_wconf 90' lang='lat' dir='ltr'>in</span> <span class='ocrx_word' id='word_1_505' title='bbox 1212 2060 1320 2100; x_wconf 90' lang='lat' dir='ltr'>judicio</span> <span class='ocrx_word' id='word_1_506' title='bbox 1334 2061 1390 2090; x_wconf 86' lang='lat' dir='ltr'>five</span> <span class='ocrx_word' id='word_1_507' title='bbox 1405 2066 1494 2096; x_wconf 85' lang='lat' dir='ltr'>extra,</span> <span class='ocrx_word' id='word_1_508' title='bbox 1509 2062 1666 2099; x_wconf 87' lang='lat' dir='ltr'>ubicunque</span> 
     </span>
     <span class='ocr_line' id='line_1_42' title="bbox 165 2102 1665 2147; baseline 0.004 -17"><span class='ocrx_word' id='word_1_509' title='bbox 165 2102 293 2131; x_wconf 79' lang='lat' dir='ltr'>exhibita</span> <span class='ocrx_word' id='word_1_510' title='bbox 303 2103 409 2133; x_wconf 82' lang='lat' dir='ltr'>fuerint</span> <span class='ocrx_word' id='word_1_511' title='bbox 421 2105 466 2133; x_wconf 86' lang='lat' dir='ltr'>vel</span> <span class='ocrx_word' id='word_1_512' title='bbox 477 2105 592 2134; x_wconf 86' lang='lat' dir='ltr'>ostensa.</span> <span class='ocrx_word' id='word_1_513' title='bbox 624 2106 733 2135; x_wconf 89' lang='lat' dir='ltr'>Datum</span> <span class='ocrx_word' id='word_1_514' title='bbox 745 2107 872 2136; x_wconf 88' lang='lat' dir='ltr'>Avinion</span> <span class='ocrx_word' id='word_1_515' title='bbox 883 2118 890 2135; x_wconf 72' lang='grc' dir='ltr'>ι</span> <span class='ocrx_word' id='word_1_516' title='bbox 905 2107 1040 2136; x_wconf 88' lang='lat' dir='ltr'>Kalendis</span> <span class='ocrx_word' id='word_1_517' title='bbox 1053 2108 1183 2137; x_wconf 90' lang='lat' dir='ltr'>Octobris</span> <span class='ocrx_word' id='word_1_518' title='bbox 1195 2109 1374 2147; x_wconf 86' lang='lat' dir='ltr'>pontificatus</span> <span class='ocrx_word' id='word_1_519' title='bbox 1386 2109 1470 2137; x_wconf 88' lang='lat' dir='ltr'>nostri</span> <span class='ocrx_word' id='word_1_520' title='bbox 1481 2119 1555 2137; x_wconf 90' lang='lat' dir='ltr'>anno</span> <span class='ocrx_word' id='word_1_521' title='bbox 1565 2109 1665 2147; x_wconf 89' lang='lat' dir='ltr'>primo.</span> 
     </span>
    </p>

    <p class='ocr_par' dir='ltr' id='par_1_3' title="bbox 207 2149 1663 2196">
     <span class='ocr_line' id='line_1_43' title="bbox 207 2149 1663 2196; baseline 0.003 -18"><span class='ocrx_word' id='word_1_522' title='bbox 207 2149 315 2183; x_wconf 81' lang='lat' dir='ltr'>Quibus</span> <span class='ocrx_word' id='word_1_523' title='bbox 324 2151 436 2190; x_wconf 83' lang='lat' dir='ltr'>quidem</span> <span class='ocrx_word' id='word_1_524' title='bbox 445 2152 533 2181; x_wconf 88' lang='lat' dir='ltr'>literis</span> <span class='ocrx_word' id='word_1_525' title='bbox 544 2153 700 2193; x_wconf 81' lang='lat' dir='ltr'>apostolicis</span> <span class='ocrx_word' id='word_1_526' title='bbox 708 2155 836 2194; x_wconf 84' lang='lat' dir='ltr'>receptis,</span> <span class='ocrx_word' id='word_1_527' title='bbox 846 2155 909 2185; x_wconf 83' lang='lat' dir='ltr'>visis</span> <span class='ocrx_word' id='word_1_528' title='bbox 921 2159 948 2185; x_wconf 84' lang='lat' dir='ltr'>et</span> <span class='ocrx_word' id='word_1_529' title='bbox 957 2156 1107 2194; x_wconf 88' lang='lat' dir='ltr'>diligenter</span> <span class='ocrx_word' id='word_1_530' title='bbox 1116 2156 1257 2196; x_wconf 80' lang='lat' dir='ltr'>inspectis,</span> <span class='ocrx_word' id='word_1_531' title='bbox 1266 2156 1358 2186; x_wconf 83' lang='lat' dir='ltr'>dictus</span> <span class='ocrx_word' id='word_1_532' title='bbox 1367 2157 1496 2185; x_wconf 91' lang='lat' dir='ltr'>dominus</span> <span class='ocrx_word' id='word_1_533' title='bbox 1505 2156 1663 2184; x_wconf 87' lang='lat' dir='ltr'>Willelmus</span> 
     </span>
    </p>
   </div>
  </div>
 </body>
</html>
