1998 2820
249 646 314 683 1V.

345 532 552 568 Alexander
571 531 623 567 11.
643 530 723 566 Rex
740 529 928 566 confirmat
946 527 1175 563 donationem
1192 524 1349 561 Gilberti
1366 524 1522 574 episcopi
1541 544 1550 553 ·
1580 528 1677 562 1235
1692 545 1703 554 ·

346 646 553 682 Alexander
565 665 574 673 ·
588 645 659 681 Dei
672 644 786 692 gratia
798 643 880 678 Rex
892 642 1096 678 Scottorum
1114 660 1122 668 ·
1141 639 1320 676 Omnibus
1334 639 1454 688 probis
1469 640 1687 677 Hominibus
1701 640 1836 677 Tocius

345 704 458 740 Terre
476 703 534 739 sue
552 702 696 738 salutem
716 721 725 729 ·
753 701 872 737 Sciant
893 699 1070 748 presentes
1091 703 1127 734 et
1149 697 1259 733 futuri
1282 710 1348 733 nos
1369 696 1566 734 conceffifl'e
1590 703 1626 734 et
1648 699 1716 734 hac
1738 703 1836 735 carta

343 759 461 796 nostra
486 759 703 796 confirmass'e
730 758 958 793 donationem
984 756 1080 791 illam
1107 768 1213 803 quam
1238 754 1425 790 Gilbertus
1452 755 1634 804 episcopus
1655 756 1835 792 Katannie

343 818 427 853 fecit
446 817 602 852 Ricardo
627 816 728 851 fratri
755 815 816 851 suo
845 815 889 850 de
916 819 993 849 tota
1019 818 1115 848 terra
1142 813 1202 848 sua
1228 812 1272 848 de
1299 811 1519 861 Suthyrland
1539 833 1547 841 ·
1567 827 1673 861 quam
1694 813 1807 862 Hugo
1826 833 1835 842 ·

345 874 522 922 Fresekyn
544 874 639 909 dicto
661 872 823 921 episcopo
842 871 966 907 dedit·
994 870 1135 906 Scilicet
1161 870 1205 906 de
1232 874 1310 905 tota
1335 875 1432 906 terra
1458 870 1502 907 de
1529 870 1746 907 Skellebolle
1764 890 1773 899 ·
1800 876 1837 907 et

343 932 388 968 de
410 930 634 967 serinbeildin
654 950 662 957 ·
689 934 725 965 et
745 934 908 977 preterea
929 928 973 963 de
995 932 1072 963 tota
1096 932 1192 963 terra
1215 940 1284 975 que
1304 926 1401 976 jacet
1418 928 1513 964 inter
1531 929 1643 965 dictas
1660 934 1774 964 terras
1792 929 1836 964 de

344 988 557 1025 Skellebolle
576 1007 584 1015 ·
615 992 651 1024 et
679 987 722 1022 de
747 985 997 1033 ferinbeilldyn
1026 990 1062 1020 et
1089 985 1218 1020 diuisas
1249 986 1293 1021 de
1323 985 1401 1022 Ros
1431 986 1553 1022 uersus
1584 986 1807 1022 occidentem
1828 1005 1836 1014 ·

344 1045 524 1082 Tenendis
536 1064 544 1073 ·
559 1044 673 1080 eidem
686 1043 842 1079 Ricardo
854 1061 862 1070 ·
878 1047 913 1078 et
925 1042 1116 1077 heredibus
1131 1042 1199 1077 suis
1215 1042 1259 1078 de
1273 1042 1465 1078 heredibus
1479 1043 1632 1092 predicti
1646 1043 1815 1091 Hugonis
1828 1063 1837 1071 ·

342 1102 491 1138 sresekin
518 1102 557 1137 in
583 1101 689 1137 feodo
717 1106 752 1136 et
778 1100 976 1136 hereditate
1003 1112 1066 1147 per
1092 1104 1208 1135 rectas
1235 1100 1365 1136 diuisas
1391 1100 1468 1136 suas
1494 1106 1531 1136 et
1558 1113 1639 1136 cum
1671 1101 1837 1137 omnibus

342 1159 437 1196 iustis
461 1159 683 1208 pertinentiis
708 1157 775 1193 suis
800 1158 849 1193 ita
874 1152 984 1192 libere
1011 1162 1046 1192 et
1071 1157 1191 1204 quiete
1211 1175 1220 1185 ·
1242 1157 1403 1206 plenarie
1423 1177 1431 1186 ·
1452 1163 1488 1194 et
1505 1158 1704 1194 honorifice
1722 1177 1731 1186 ·
1749 1157 1837 1195 ficut

342 1222 438 1253 carta
455 1216 540 1252 dicti
559 1235 567 1244 ·
587 1215 637 1251 G·
659 1215 811 1264 episcopi
834 1214 917 1250 inde
939 1214 1082 1262 plenius
1104 1214 1269 1251 confecta
1287 1215 1450 1264 predicto
1470 1215 1630 1252 Ricardo
1649 1234 1658 1244 ·
1686 1221 1722 1252 et
1739 1221 1838 1252 carta

341 1273 579 1322 prenominati
599 1272 767 1320 Hugonis
786 1291 795 1300 ·
821 1272 983 1320 fresekyn
1011 1291 1019 1300 ·
1047 1277 1084 1307 et
1109 1272 1334 1308 confirmatio
1361 1273 1499 1308 domini
1523 1273 1617 1321 regis
1636 1271 1807 1309 Willelmi
1826 1292 1836 1303 ·

341 1331 450 1379 patris
467 1330 573 1366 nostri
592 1330 694 1378 super
712 1330 814 1365 dictis
831 1330 934 1366 terris
951 1330 1091 1376 prefato
1112 1349 1121 1358 ·
1140 1329 1190 1366 G·
1210 1330 1374 1380 episcopo
1391 1331 1532 1379 plenius
1548 1331 1726 1367 consectei
1743 1330 1836 1379 juste

342 1387 511 1424 testantur
541 1393 577 1424 et
606 1387 820 1423 confirmant
839 1406 848 1415 ·
878 1387 985 1423 Saluo
1016 1386 1160 1423 seruitio
1190 1387 1310 1424 nostro
1330 1407 1339 1417 ·
1371 1388 1533 1425 Testibus
1551 1408 1561 1417 ·
1589 1388 1646 1424 W·
1673 1388 1837 1437 episcopo

344 1444 549 1493 Glasguenfi
567 1465 576 1473 ·
602 1444 826 1481 Cancellario
853 1464 862 1473 ·
899 1444 939 1480 P·
968 1445 1098 1481 comite
1129 1445 1173 1481 de
1204 1445 1361 1482 Dunbar
1382 1465 1391 1474 ·
1427 1446 1589 1482 Waltero
1619 1446 1694 1482 filio
1724 1446 1836 1483 Alani

344 1503 518 1538 senescalli
536 1522 544 1531 ·
571 1502 768 1539 Justiciario
789 1522 797 1530 ·
823 1502 945 1538 Scocie
964 1522 973 1531 ·
992 1502 1154 1538 Waltero
1173 1501 1316 1539 Olifard
1334 1523 1343 1532 ·
1369 1503 1572 1541 Justiciario
1589 1523 1598 1532 ·
1619 1503 1806 1540 Laodonie
1826 1524 1835 1532 -

347 1559 467 1595 Alano
494 1579 502 1587 ·
534 1559 713 1596 Hostiario
736 1580 745 1588 ·
772 1559 935 1596 Waltero
967 1559 1072 1608 Byset
1098 1579 1108 1588 ·
1140 1560 1323 1597 Willelmo
1352 1561 1397 1598 de
1427 1564 1509 1599 <Dar
1537 1562 1633 1611 apud
1665 1562 1835 1598 Sanctum

348 1617 531 1653 Andream
548 1616 710 1653 vicefimo
728 1618 824 1655 sexto
842 1618 899 1654 die
918 1617 1131 1655 Decembris
1148 1637 1158 1648 ·
1183 1618 1296 1655 Anno
1316 1638 1324 1648 ·
1350 1619 1474 1669 Regni
1491 1639 1501 1649 ·
1523 1620 1676 1657 Domini
1694 1639 1704 1649 ·
1724 1619 1839 1668 Regis

346 1673 506 1711 vicefimo
524 1674 676 1711 seeundo
695 1694 704 1703 ·
