1912 2660
118 1643 189 1680 246

604 167 919 204 REGISTRUM
947 167 1306 207 MORAVIENSE.
1619 178 1687 211 321

210 268 327 304 dicere
344 268 403 304 seu
420 267 523 315 super
540 279 582 302 ea
598 266 697 303 litem
716 278 861 301 movere
874 285 882 293 ·
902 265 1021 313 obligo
1041 279 1097 301 me
1115 272 1151 301 et
1169 280 1228 301 eos
1252 268 1288 302 in
1308 281 1377 302 ·xx-
1396 269 1493 305 libris
1511 271 1691 320 sterlingo-

209 339 288 361 rum
307 325 435 361 fabrice
453 322 594 360 ecclefie
620 323 832 359 cathedralis
850 323 894 358 de
913 322 1032 370 Elgyn
1049 323 1195 358 nomine
1213 337 1303 371 pene
1322 324 1495 361 solvendis
1513 334 1594 364 ante
1619 342 1692 364 om-

208 397 290 419 nem
308 383 378 418 litis
400 381 590 429 ingressum
609 400 618 409 ·
645 381 798 429 presenti
818 380 1027 415 fundatione
1052 380 1303 416 nichilominus
1327 381 1364 416 in
1382 382 1442 417 suo
1466 384 1593 420 robore
1616 399 1693 433 per-

208 440 372 476 henniter
398 439 569 474 duratura
587 458 595 466 ·
623 444 659 474 et
675 438 760 474 volo
781 437 878 485 quod
903 437 1034 473 totiens
1060 450 1151 485 pena
1174 437 1374 483 supradicta
1399 441 1642 477 committatur
1659 449 1695 477 et

208 499 346 534 levetur
363 497 526 545 quotiens
539 497 692 546 presenti
709 496 911 532 fundationi
929 509 1007 531 mee
1033 495 1140 531 fuerit
1158 496 1422 532 contradictum
1444 511 1524 533 cum
1543 499 1670 535 effeeim
1685 519 1693 527 ·

209 556 390 592 Subiciens
408 556 514 591 etiam
533 568 589 590 me
608 560 644 590 et
661 554 808 590 heredes
826 566 925 589 meos
943 558 978 588 et
995 553 1097 588 nobis
1109 553 1318 589 successuros
1330 553 1569 601 jurisdictioni
1593 569 1697 591 vene-

208 613 326 648 rabilis
354 613 391 648 in
418 612 556 648 Christo
582 612 691 660 patris
718 624 758 647 ac
782 611 918 646 domini
944 610 1079 645 domini
1106 610 1256 658 episcopi
1282 610 1511 647 moraviensis
1542 613 1602 659 qui
1630 627 1694 661 pro

208 676 368 718 tempore
386 670 493 705 fuerit
510 675 572 705 aut
590 669 665 718 ejus
683 669 778 705 vices
795 668 951 716 gerentis
969 681 1009 703 ac
1027 668 1173 715 capituli
1199 668 1250 702 sui
1272 668 1351 703 sede
1368 675 1518 705 vacante
1535 675 1577 705 ut
1594 670 1697 706 liceat

209 728 258 763 eis
275 733 310 763 et
328 741 452 763 eorum
471 727 615 763 cuilibet
632 740 689 762 me
714 726 863 762 heredes
881 738 979 761 meos
998 730 1033 760 et
1050 725 1152 760 nobis
1170 725 1380 761 succefi'uros
1406 726 1452 761 ad
1478 727 1599 762 omnia
1622 741 1698 775 pre-

208 785 305 820 miffa
322 790 357 820 et
376 784 560 832 quodlibet
577 783 821 832 premissorum
841 782 1092 818 inviolabiliter
1107 782 1364 818 observandum
1383 796 1446 831 per
1465 797 1607 819 omnem
1620 798 1699 820 cen-

209 843 322 878 suram
343 841 604 879 ecclefiasticam
622 842 738 877 arcius
756 841 946 877 cohercere
966 860 973 868 ·
992 840 1208 876 renuncians
1226 840 1263 875 in
1281 840 1348 876 hoc
1374 841 1470 876 facto
1484 854 1549 889 pro
1568 855 1624 877 me
1642 843 1701 877 he-

208 900 350 936 redibus
368 900 455 935 meis
473 905 508 935 et
526 898 701 947 affignatis
720 898 920 946 exceptioni
938 896 1076 933 lefionis
1095 917 1103 925 ·
1123 898 1340 945 deceptionis
1354 917 1362 925 ·
1375 898 1448 933 doli
1474 899 1531 934 vel
1545 899 1677 934 fraudis
1692 919 1700 926 ·

210 964 245 994 et
263 957 361 993 omni
379 957 435 1005 alij
456 957 656 1005 exceptioni
677 956 770 1005 juris
787 955 845 991 vel
862 955 947 991 facti
974 955 1136 990 canonici
1154 955 1211 990 vel
1229 955 1341 990 civilis
1367 968 1430 1003 per
1448 969 1552 1003 quam
1578 963 1702 992 contra

210 1015 371 1063 premifl'a
386 1014 443 1050 vel
462 1014 605 1061 aliquod
623 1013 867 1062 premissorum
886 1012 1059 1061 poffemus
1077 1025 1142 1047 nos
1160 1012 1428 1059 quomodolibet
1442 1014 1632 1050 defendere
1646 1015 1703 1049 vel

211 1073 304 1108 tueri
324 1092 331 1100 ·
345 1072 490 1121 jurique
508 1072 640 1107 dicenti
657 1071 859 1119 generalem
879 1069 1188 1105 renunciationem
1206 1083 1280 1105 non
1298 1070 1417 1106 valere
1437 1090 1445 1099 ·
1475 1071 1519 1106 In
1533 1072 1634 1120 cujus
1652 1073 1703 1107 rei

212 1130 451 1166 testimonium
469 1128 617 1176 sigillum
633 1142 752 1164 meum
771 1128 988 1176 presentibus
1015 1127 1158 1175 apposui
1177 1133 1212 1162 et
1229 1128 1274 1162 ad
1299 1127 1469 1176 majorem
1489 1129 1702 1164 evidentiam

213 1188 454 1236 premissorum
472 1186 622 1234 sigillum
636 1186 847 1222 venerabilis
864 1185 973 1233 patris
987 1185 1024 1219 in
1036 1184 1173 1220 Christo
1188 1197 1228 1219 ac
1242 1185 1377 1220 domini
1396 1186 1532 1221 domini
1547 1186 1704 1222 Alexan-

214 1246 269 1280 dri
288 1246 359 1281 Dei
377 1245 491 1292 gratia
512 1244 663 1292 episcopi
681 1241 909 1280 moraviensis
932 1242 1015 1277 huic
1032 1241 1160 1290 scripto
1173 1242 1303 1289 apponi
1323 1244 1512 1290 procuravi
1530 1263 1538 1271 ·
1566 1244 1702 1279 Datum

214 1303 308 1350 apud
336 1302 428 1338 Rate
451 1302 559 1338 tertio
583 1301 638 1337 die
665 1299 790 1336 menfis
816 1299 900 1348 (Oaij
922 1318 930 1327 ·
959 1300 1073 1335 Anno
1100 1299 1212 1347 gratie
1240 1303 1308 1336 -m⁰·
1324 1306 1398 1336 ccc⁰
1417 1320 1425 1328 ·
1453 1299 1702 1349 septuagesimo

214 1366 340 1407 quarto
357 1380 364 1387 ·

218 1533 396 1569 Fundatio
416 1532 610 1581 capellanie
629 1532 673 1567 de
692 1531 790 1567 Geth
809 1544 872 1579 per
890 1530 913 1568 J
916 1531 1093 1566 ohannem
1112 1530 1146 1566 le
1167 1530 1272 1578 Haya
1288 1537 1425 1579 patrem
1445 1549 1453 1559 ·

217 1647 395 1684 Omnibus
412 1648 480 1683 hoc
498 1647 664 1695 scriptum
683 1646 805 1681 visuris
823 1646 881 1681 vel
898 1646 1072 1681 audituris
1089 1645 1112 1682 J
1115 1645 1272 1681 ohannes
1290 1646 1334 1681 de
1354 1646 1460 1694 Haya
1478 1646 1642 1683 dominus
1664 1649 1707 1684 de

217 1705 464 1753 Tulybothuyl
488 1704 634 1739 salutem
659 1704 696 1738 in
715 1703 876 1738 Domino
894 1703 1141 1751 sempiternam
1160 1722 1169 1731 ·
1196 1703 1379 1739 Noveritis
1403 1716 1459 1739 me
1478 1703 1627 1740 du&um
1650 1706 1707 1742 de-

216 1763 361 1798 votione
381 1781 389 1789 ·
417 1775 498 1797 cum
525 1761 692 1797 consensu
710 1760 885 1797 Johannis
911 1761 956 1796 de
981 1760 1086 1808 Haya
1110 1760 1173 1795 filii
1200 1760 1269 1796 mei
1295 1767 1331 1796 et
1357 1761 1496 1796 heredis
1515 1781 1523 1789 -
1550 1762 1706 1798 fundass'e

177 1846 179 1849 .
217 1833 329 1856 unum
348 1819 570 1868 capellanum
584 1819 679 1867 apud
698 1818 730 1854 le
749 1817 848 1853 Geth
866 1818 903 1853 in
921 1818 1094 1853 honorem
1106 1817 1178 1853 Dei
1197 1823 1232 1853 et
1249 1817 1350 1853 beate
1365 1818 1478 1854 marie
1493 1819 1652 1867 Virginis
1665 1834 1706 1857 ac

218 1877 392 1914 Omnium
413 1877 626 1913 Sanctorum
648 1896 655 1903 -
683 1889 748 1924 pro
766 1875 885 1910 anima
902 1889 981 1911 mea
999 1895 1007 1903 ·
1035 1875 1219 1910 animabus
1239 1876 1510 1923 progenitorum
1529 1882 1564 1912 et
1581 1877 1707 1914 succes-

218 1935 334 1971 sorum
353 1947 514 1970 meorum
536 1953 543 1961 -
572 1939 607 1969 et
623 1946 689 1982 pro
708 1932 891 1968 animabus
913 1933 1073 1968 omnium
1091 1932 1249 1968 fidelium
1269 1932 1522 1968 defunctorum
1541 1954 1549 1962 ·
1577 1935 1706 1971 ibidem

220 1993 339 2028 divina
356 1996 528 2040 perpetuo
547 1991 808 2026 celebraturum
827 1996 862 2025 et
880 1990 917 2024 in
935 1990 1062 2026 eodem
1079 1989 1159 2025 loco
1178 1989 1385 2025 continuam
1405 1989 1624 2027 residentiam
1639 1993 1707 2028 fac-

219 2056 339 2086 turum
360 2069 368 2077 ·
386 2050 452 2084 hac
470 2062 549 2084 mea
566 2048 776 2084 fundatione
795 2045 934 2083 ecclefie
952 2047 1087 2084 matrici
1106 2046 1351 2095 prejudicante
1372 2047 1574 2084 nullatenus
1592 2063 1706 2097 quove

219 2107 326 2143 modo
347 2127 354 2135 ·
382 2107 441 2154 qui
460 2107 602 2154 quidem
621 2105 822 2154 capellanus
845 2104 884 2139 in
902 2104 999 2140 dicta
1022 2104 1156 2153 capella
1174 2104 1217 2140 de
1241 2104 1274 2140 le
1294 2103 1392 2140 Geth
1411 2105 1578 2142 decenter
1596 2107 1706 2142 deser-

220 2165 292 2201 viet
310 2185 318 2193 ·
346 2170 381 2200 et
398 2170 551 2212 quatuor
568 2163 674 2199 libras
699 2162 827 2199 usualis
848 2168 992 2198 monete
1010 2162 1054 2198 de
1071 2162 1182 2198 firmis
1205 2167 1300 2198 terre
1319 2162 1363 2197 de
1380 2163 1500 2210 Awyn
1523 2164 1703 2199 annuatim

230 2221 233 2224 ’
889 2224 910 2254 2
939 2232 955 2254 s
