2060 2660
340 176 386 204 88
732 172 1048 209 REGISTRUM
1078 170 1192 207 MOR
1204 170 1442 206 AVIENSE.

343 271 487 319 capituli
508 271 614 307 nostri
634 271 762 307 dedisse
786 278 820 308 et
844 270 1039 307 concelliss'c
1061 276 1096 306 et
1119 270 1183 304 hac
1202 269 1354 317 presenti
1373 273 1470 303 carta
1488 266 1606 301 nostra
1627 268 1846 305 confirmaffe

342 329 524 364 Duncano
542 329 616 365 filio
635 329 874 378 Gillemyclicl
893 329 1006 366 oe⁶ath
1025 333 1135 363 totam
1154 332 1286 361 terram
1305 324 1459 360 nostram
1478 325 1522 360 de
1541 325 1679 374 Dolays
1698 328 1839 376 mychel

341 400 404 434 per
419 388 534 423 rectas
548 388 672 423 divisas
686 388 762 423 suas
781 393 815 423 et
834 400 914 422 cum
929 385 1093 421 omnibus
1104 383 1205 432 justis
1220 382 1443 431 pertinentiis
1462 382 1529 417 suis
1556 402 1563 410 ·
1590 385 1781 420 tenendam
1797 387 1840 422 de

340 445 441 480 nobis
465 451 500 481 et
523 446 770 481 succefforibus
793 444 917 480 nostris
939 443 998 478 fibi
1022 447 1058 477 et
1082 440 1271 476 heredibus
1294 439 1362 474 suis
1380 440 1417 474 in
1435 439 1542 475 feodo
1562 446 1598 476 et
1616 441 1813 480 hereditate
1834 464 1841 471 ·

339 517 443 551 quam
467 504 595 539 scilicet
618 509 749 539 terram
773 502 934 538 dedimus
957 499 1121 548 predffiko
1140 498 1321 533 Duncano
1349 497 1384 531 in
1412 497 1622 534 escambium
1650 501 1757 536 unius
1784 503 1842 537 da-

338 561 451 596 uaclle
478 567 572 597 terre
599 561 634 596 in
664 559 885 596 Strathardol
908 571 976 605 que
1001 556 1200 604 appellatur
1220 555 1415 590 Petcarene
1435 575 1442 582 ·
1473 556 1595 598 Quare
1615 558 1781 594 volumus
1801 566 1842 595 ut

338 619 521 667 predffikus
540 619 739 654 Duncanus
758 624 793 653 et
810 617 958 652 heredes
976 615 1026 649 sui
1045 614 1198 649 habeant
1218 618 1253 648 et
1271 611 1469 660 poflideant
1487 615 1685 662 predictam
1707 622 1837 653 terram

338 676 382 711 de
397 676 534 724 Dolays
548 676 689 724 mycliel
706 696 713 703 ·
732 682 767 711 et
785 679 931 710 teneant
950 686 1025 709 eam
1046 672 1089 707 de
1108 671 1210 706 nobis
1229 677 1263 706 et
1282 671 1529 707 successoribus
1543 672 1668 709 nostris
1682 674 1719 710 in
1733 675 1840 711 feodo

337 740 372 769 et
391 734 586 769 hereditate
613 734 722 769 libere
751 752 758 761 ·
786 733 903 780 quiete
923 751 930 759 ·
958 730 1116 779 plenarie
1139 734 1174 764 et
1197 729 1394 764 honorifice
1416 729 1453 764 in
1477 730 1687 767 escambium
1713 746 1839 781 preno-

337 792 469 827 minate
493 797 587 827 terre
606 792 650 827 de
670 791 863 826 Petcarene
892 809 899 817 ·
933 787 1116 823 reddendo
1144 787 1226 821 inde
1252 786 1465 822 forinsecum
1492 788 1672 824 servitium
1701 791 1835 827 domini

338 849 448 896 Regis
465 849 561 896 quod
579 849 623 884 ad
643 848 838 896 prodietam
858 853 989 882 terram
1008 845 1163 893 pertinet
1182 844 1226 880 de
1246 844 1383 893 Dolays
1402 845 1544 893 (Dychel
1568 866 1576 874 ·
1604 852 1640 883 et
1657 848 1835 895 sequendo

336 906 469 941 curiam
488 906 640 941 nostram
661 925 668 933 -
689 911 724 940 ct
743 906 786 940 de
802 905 899 939 omni
914 903 1102 939 exaGtione
1121 908 1155 937 ct
1174 902 1316 938 servitio
1330 902 1400 938 alio
1414 903 1460 938 ad
1474 916 1539 939 nos
1554 904 1610 939 vel
1629 905 1835 943 successores

333 963 470 998 nostros
495 963 754 1011 pertinentibus
782 962 850 1010 ipse
874 967 909 997 et
931 961 1079 996 heredes
1105 960 1155 995 sui
1181 965 1355 1008 perpetuo
1380 960 1482 996 liberi
1507 967 1613 997 erunt
1637 968 1671 998 et
1695 965 1804 1011 quieti
1825 986 1832 993 ·

334 1022 377 1056 In
409 1021 651 1069 premissorum
684 1026 802 1056 autem
834 1020 976 1054 firmum
1001 1024 1036 1054 et
1059 1018 1292 1053 indubitabile
1316 1018 1552 1054 testimonium
1581 1020 1672 1056 hanc
1699 1028 1831 1058 cartam

331 1078 484 1114 nostram
512 1078 726 1126 appositione
753 1084 788 1113 et
814 1076 1025 1125 appensione
1051 1075 1152 1123 sigilli
1176 1076 1284 1112 nostri
1308 1082 1344 1112 et
1367 1077 1513 1125 capituli
1530 1077 1638 1113 nostri
1657 1092 1739 1114 cum
1758 1081 1832 1116 sub-

330 1137 575 1185 scriptionibus
602 1136 855 1171 canonicorum
883 1135 1030 1171 fecimus
1057 1134 1219 1170 roborari
1246 1154 1254 1162 ·
1283 1134 1446 1171 Testibus
1472 1135 1615 1171 Thoma
1640 1138 1759 1185 priore
1787 1140 1830 1175 de

332 1195 495 1230 Urchard
515 1214 522 1222 ·
542 1194 649 1229 fratre
668 1194 845 1229 Nic-holao
864 1193 965 1228 vallis
983 1193 1169 1229 crescentis
1193 1212 1200 1220 -
1227 1193 1420 1241 Radulpho
1441 1213 1448 1221 ·
1470 1194 1625 1242 Symone
1644 1200 1679 1230 et
1697 1198 1830 1232 mauri-

329 1253 383 1287 cio
402 1251 590 1299 capellanis
608 1251 734 1286 nostris
763 1271 770 1279 ·
800 1251 966 1288 Johanne
986 1256 1021 1286 et
1041 1250 1192 1286 Andrea
1220 1270 1228 1279 ·
1260 1251 1472 1287 Alexandro
1491 1252 1535 1287 de
1555 1252 1695 1300 Duglas
1718 1273 1725 1281 ·
1752 1254 1828 1290 An-

327 1310 411 1345 drea
431 1309 596 1357 VVysman
616 1328 624 1336 ·
651 1309 807 1357 Symone
826 1309 870 1344 de
889 1308 1031 1357 Orreby
1051 1328 1059 1336 ·
1079 1309 1223 1344 Thoma
1240 1309 1476 1357 dispensatore
1496 1329 1503 1338 ·
1530 1309 1691 1346 Waltero
1710 1325 1797 1348 coco
1817 1333 1824 1340 ·

326 1367 485 1402 ll'altero
504 1367 704 1403 marescallo
727 1367 959 1403 servientibus
980 1366 1106 1402 nostris
1133 1387 1141 1395 ·
1172 1367 1311 1402 Aetum
1329 1380 1425 1403 anno
1442 1368 1556 1415 gratie
1576 1371 1824 1406 ·‹o⁰·cc⁰-xxxii-

325 1425 395 1460 ·vii-
427 1425 607 1460 Kalendas
635 1424 787 1473 Augusti
816 1445 823 1452 -
853 1425 933 1472 Ego
961 1425 1129 1461 Andreas
1154 1425 1335 1473 episcopus
1362 1425 1593 1462 moraviensis
1621 1427 1794 1464 subscribo
1815 1449 1822 1456 ·

327 1483 405 1530 Ego
437 1483 611 1518 Griffinus
647 1483 838 1518 canonieus
870 1482 1101 1520 moraviensis
1135 1483 1310 1518 subscribo
1346 1503 1354 1511 ·
1388 1483 1467 1531 Ego
1499 1484 1633 1532 Symon
1669 1486 1824 1522 decanus

327 1541 456 1575 ὃῑιῐιᾶὶθ
477 1540 663 1576 Trinitatis
683 1541 726 1576 de
746 1541 864 1589 Elgyn
887 1541 1061 1577 subscribo
1090 1561 1098 1569 ·
1127 1541 1206 1589 Ego
1227 1541 1429 1577 VVillelmus
1452 1547 1578 1577 cantor
1596 1544 1825 1580 (Doravienfis

325 1598 496 1633 subscribo
516 1617 524 1625 ·
554 1598 631 1645 Ego
653 1598 833 1634 Robertus
851 1599 1087 1634 thesaurarius
1106 1598 1337 1636 ffloravienfis
1355 1599 1530 1635 subscribo
1555 1620 1563 1627 ·
1593 1600 1672 1649 Ego
1693 1602 1827 1638 Radul-

324 1656 415 1704 phus
433 1655 700 1691 archidiaconus
719 1656 947 1693 (Doravienfis
966 1657 1140 1693 subscribo
1172 1677 1180 1685 ·
1214 1657 1294 1705 Ego
1312 1657 1496 1694 Johannes
1515 1658 1733 1695 subdecanus
1752 1660 1826 1695 snb-

325 1713 435 1749 scribo
455 1733 463 1740 ·
484 1713 562 1760 Ego
583 1713 794 1749 Lambertus
808 1714 992 1750 succentor
1007 1714 1237 1752 (Doravienfis
1255 1715 1429 1751 subscribo
1450 1735 1457 1742 ·
1480 1715 1559 1763 Ego
1575 1716 1825 1754 Archebaldus

325 1771 515 1807 canonicus
534 1771 577 1806 de
598 1771 721 1819 Croyn
740 1791 748 1799 ·
773 1772 852 1819 Ego
867 1772 1067 1809 W'illelrniis
1086 1773 1278 1809 canonicus
1297 1773 1341 1808 de
1361 1773 1475 1821 Petyn
1495 1793 1503 1800 ·
1533 1773 1611 1821 Ego
1627 1774 1824 1823 Gylbertus

325 1829 516 1864 canonieus
535 1827 675 1864 occlefie
695 1829 825 1865 Sancte
843 1830 1030 1866 Trinitatis
1049 1832 1092 1866 de
1113 1831 1231 1879 Elgyn
1250 1831 1425 1867 subscribo
1445 1850 1452 1858 ·
1480 1831 1559 1879 Ego
1580 1832 1761 1869 Robertus
1780 1834 1823 1870 dc

324 1886 473 1934 Duppol
506 1906 514 1914 ·
555 1886 633 1933 Ego
654 1887 853 1922 Edwardus
872 1889 1063 1924 canonicus
1083 1889 1139 1924 dcl
1159 1892 1249 1937 (Duy
1286 1909 1293 1917 ·
1334 1889 1411 1936 Ego
1430 1888 1613 1925 Johannes
1632 1891 1823 1927 canonicus

323 1942 463 1979 ecclesie
488 1944 617 1979 Sancte
637 1944 823 1979 Trinitatis
851 1946 893 1980 de
922 1946 1038 1994 Elgyn
1068 1947 1242 1983 subscribo
1275 1967 1283 1975 ·
1322 1947 1401 1995 Ego
1431 1946 1598 1983 Andreas
1629 1949 1822 1985 canonicus

324 2000 464 2037 ecclesie
483 2002 612 2037 Sancte
632 2001 819 2038 Trinitatis
838 2003 881 2039 de
902 2003 1017 2052 Elgyn
1038 2005 1211 2040 subscribo
1231 2025 1239 2033 ·
