2060 2660
349 162 395 196 ,01⁴
745 161 1061 198 REGISTRUM
1089 160 1453 197 MORAVIENSE.

344 262 427 308 jure
446 260 690 296 advocationis
706 274 813 308 quam
833 261 876 296 de
896 260 1006 296 libera
1023 260 1190 295 facultate
1209 258 1479 307 presentationis
1497 269 1602 304 quam
1623 257 1667 293 de
1687 260 1852 296 omnibus

349 319 425 354 aliis
449 318 575 366 quibus
602 319 764 367 predicta
789 318 970 367 prebenda
997 318 1041 353 de
1068 315 1210 353 ecclesia
1232 317 1276 351 de
1296 315 1466 363 Dufphus
1491 314 1608 351 extitit
1635 316 1824 354 constituta
1842 338 1850 346 ·

350 376 517 412 Preterea
543 376 587 411 ad
614 382 846 424 augmentum
874 375 1054 424 prebende
1076 387 1144 421 que
1169 388 1189 409 a
1213 373 1376 421 predicto
1395 373 1590 408 venerabili
1612 380 1712 422 patre
1731 375 1851 412 Bricio

348 434 589 481 predecessore
612 434 730 469 nostro
753 434 797 469 de
821 432 962 469 ecclesia
980 433 1023 467 de
1043 432 1164 479 Spyny
1182 430 1372 466 constituta
1397 449 1405 458 ·
1434 430 1478 466 de
1500 431 1686 468 voluntate
1711 439 1747 469 et
1769 447 1851 469 con-

348 492 445 527 sensu
470 492 615 539 capituli
640 491 746 526 nostri
772 491 886 527 eidem
916 488 1056 525 ecclesie
1085 489 1128 524 de
1156 489 1276 536 Spyny
1304 486 1483 523 ecclesiam
1513 489 1557 524 de
1588 489 1742 539 Kintray
1768 505 1849 527 cum

340 549 441 597 justis
468 550 691 597 pertinentiis
718 549 786 583 suis
812 547 1003 583 uniendam
1029 546 1196 581 duximus
1223 552 1259 580 et
1285 545 1551 593 adjungendam
1580 566 1588 574 ·
1619 547 1720 583 salvis
1748 549 1849 584 nobis

346 613 382 643 et
405 607 653 650 successoribus
680 606 804 641 nostris
833 606 876 640 de
904 604 1027 640 eadem
1057 602 1198 639 ecclefia
1225 603 1269 638 de
1295 603 1450 651 Kintray
1477 604 1730 653 episcopalibus
1756 626 1764 634 ·
1802 607 1848 642 Et

345 665 525 700 sciendum
545 665 641 712 quod
660 678 702 700 ex
722 661 920 712 provisione
939 667 974 697 et
993 661 1219 697 ordinatione
1238 660 1356 696 nostra
1376 681 1384 689 ·
1411 661 1536 697 decani
1555 667 1590 697 et
1608 663 1752 711 capituli
1772 665 1848 699 nos-

344 723 391 758 tri
410 742 417 750 ·
443 722 611 758 statutum
633 721 681 757 est
701 721 797 769 quod
819 721 855 755 in
877 720 1039 768 predicta
1062 718 1204 754 ecclesia
1222 718 1340 754 nostra
1357 719 1552 755 cathedrali
1570 720 1721 756 vicarios
1739 722 1846 758 sacer-

343 780 444 816 dotes
461 781 525 827 'qui
551 794 615 828 pro
640 780 672 815 se
695 784 865 814 tenentur
889 777 1051 813 invenire
1073 777 1175 824 [sunt
1194 776 1251 822 hi]
1273 796 1280 804 ·
1301 777 1532 813 cancellarius
1552 797 1559 806 ·
1579 778 1815 815 thesaurarius
1835 800 1843 807 ·

341 838 610 874 archidiaconus
625 857 633 865 ·
649 837 839 872 canonicus
858 836 902 870 de
918 835 1101 870 Rothwan
1121 853 1128 861 ·
1149 834 1369 870 subdecanus
1388 854 1396 862 ·
1416 835 1602 871 succentor
1622 856 1629 864 ·
1650 838 1843 873 canonicus

342 897 385 932 de
405 896 573 943 Dufphus
602 914 610 922 ·
639 894 789 930 vicarios
807 899 926 928 autem
946 893 1115 927 diaconos
1135 893 1329 928 canonicus
1348 893 1392 928 de
1412 893 1527 941 Petyn
1553 913 1561 921 ·
1592 899 1627 929 et
1652 894 1696 929 de
1718 894 1842 931 Inuer-

339 954 475 1001 kethny
487 973 495 980 ·
511 958 546 988 et
560 953 751 987 canonicus
766 951 809 986 de
824 950 1006 998 Kinguscy
1021 969 1028 977 ·
1045 949 1230 985 Buttharri
1243 969 1251 977 ·
1267 949 1472 986 Aberlouer
1484 970 1492 979 ·
1508 951 1741 987 subdiaconos
1754 965 1840 989 vero

339 1011 530 1047 canonicus
549 1011 592 1045 de
613 1010 732 1057 Spyny
752 1036 760 1043 .
780 1009 823 1043 de
844 1008 952 1056 Ryny
967 1027 975 1035 ·
997 1007 1040 1042 de
1060 1009 1147 1055 moy
1167 1027 1175 1035 ·
1196 1008 1240 1043 de
1259 1008 1400 1043 Dothol
1420 1028 1428 1036 -
1449 1009 1492 1044 de
1512 1008 1709 1045 Cromdole
1741 1030 1749 1038 ·
1784 1011 1839 1046 Ex

338 1068 507 1116 predictis
534 1073 653 1102 autem
681 1066 838 1101 diaconis
862 1071 896 1100 et
920 1064 1141 1100 subdiaconis
1166 1071 1273 1101 erunt
1300 1066 1372 1101 duo
1394 1065 1539 1102 vicissim
1568 1066 1810 1103 ebdomadarii
1831 1088 1837 1096 ·

337 1126 465 1161 seilicet
492 1126 661 1160 diaconus
688 1124 748 1171 qui
774 1124 870 1171 legat
892 1123 1118 1170 evangelium
1138 1128 1173 1158 et
1191 1123 1427 1159 subdiaconus
1444 1124 1490 1159 ad
1508 1124 1696 1172 legendam
1716 1125 1837 1173 episto-

336 1184 405 1218 lam
425 1203 433 1211 ·
461 1182 536 1218 aliis
554 1183 614 1229 qui
632 1181 873 1217 ebdomadarii
892 1194 966 1216 non
985 1186 1092 1216 erunt
1110 1180 1357 1217 ministraturis
1374 1182 1412 1217 in
1430 1181 1535 1218 missis
1551 1182 1698 1231 privatis
1712 1189 1748 1219 et
1761 1184 1837 1219 aliis

334 1241 529 1276 necessariis
547 1253 628 1275 cum
648 1253 737 1287 opus
756 1239 864 1274 fuerit
883 1259 890 1267 ·
919 1238 1058 1275 Omnes
1079 1244 1200 1275 autem
1220 1240 1344 1275 vicarii
1370 1238 1439 1276 sive
1462 1239 1528 1276 fint
1551 1239 1744 1289 presbyteri
1767 1240 1836 1278 five

333 1298 471 1333 diaconi
500 1297 567 1333 five
594 1297 797 1332 subdiaconi
823 1317 831 1324 ·
861 1310 1004 1332 necnon
1029 1302 1065 1333 et
1091 1298 1284 1333 canonicus
1312 1298 1356 1333 de
1380 1298 1504 1346 Croyn
1530 1298 1591 1346 qui
1614 1298 1662 1334 est
1684 1299 1835 1335 vicarius

333 1356 494 1404 Episcopi
524 1375 532 1383 ·
562 1361 634 1390 tam
662 1355 851 1390 nocturnis
878 1355 975 1390 horis
1004 1368 1110 1403 quam
1139 1356 1276 1391 diurnis
1305 1356 1470 1391 omnibus
1494 1369 1637 1392 necnon
1665 1362 1701 1392 et
1729 1356 1833 1392 millis

331 1413 566 1462 solempnibus
585 1413 746 1448 interesse
764 1413 984 1449 tenebuntur
1002 1432 1010 1441 ·
1031 1418 1067 1449 et
1085 1413 1250 1449 omnibus
1268 1414 1448 1450 canonicis
1466 1419 1635 1461 tanquam
1654 1414 1721 1449 suis
1736 1414 1833 1463 supe-

330 1472 481 1507 rioribus
499 1472 735 1507 reverentiam
758 1471 977 1507 exhibebunt
1001 1476 1037 1507 et
1061 1471 1237 1507 honorem
1265 1491 1273 1500 ·
1301 1477 1336 1508 et
1355 1485 1478 1508 omnes
1490 1472 1597 1520 juxta
1614 1472 1830 1519 exigentiam

330 1529 464 1564 ordinis
483 1534 517 1564 et
536 1529 642 1564 officii
661 1529 710 1564 sui
728 1535 801 1564 tam
821 1529 982 1565 canonici
1001 1543 1107 1577 quam
1126 1530 1248 1565 vicarii
1277 1549 1285 1558 ·
1315 1530 1510 1566 secundum
1528 1529 1686 1565 tabulam
1710 1543 1731 1565 a
1753 1543 1831 1578 pre-

330 1592 475 1623 centore
493 1592 529 1621 et
547 1600 567 1621 a
584 1587 795 1622 cancellario
813 1587 870 1622 vel
893 1600 1017 1623 eorum
1037 1588 1130 1623 vices
1147 1587 1354 1636 gerentibus
1372 1588 1573 1623 ordinatam
1601 1607 1608 1615 ·
1638 1588 1767 1623 devote
1794 1594 1829 1623 et

328 1644 510 1679 humiliter
528 1644 774 1680 ministrabunt
793 1664 801 1672 ·
831 1645 1048 1693 Quicunque
1075 1651 1195 1681 autem
1219 1646 1434 1681 vicariorum
1455 1644 1526 1681 fine
1539 1645 1633 1693 justa
1650 1645 1751 1681 causa
1768 1646 1828 1681 ali-

328 1702 385 1737 cui
403 1702 571 1737 horarum
591 1702 823 1750 solempnium
843 1703 995 1739 desuerit
1014 1723 1023 1732 ·
1042 1703 1099 1739 vel
1117 1704 1270 1739 insolens
1291 1723 1298 1732 ·
1319 1709 1513 1739 contumax
1531 1703 1588 1739 vel
1607 1702 1748 1738 rebellis
1769 1716 1827 1738 ex-

328 1759 439 1794 titerit
460 1759 517 1794 vel
535 1760 652 1795 minus
671 1760 833 1795 ordinate
852 1761 884 1796 se
902 1761 1066 1797 habuerit
1094 1781 1102 1790 ·
1136 1762 1260 1798 decani
1286 1761 1430 1810 majoris
1448 1761 1505 1797 vel
1524 1775 1567 1796 eo
1585 1761 1726 1796 absente
1749 1761 1826 1796 sub-

326 1817 450 1852 decani
478 1817 535 1852 vel
562 1818 599 1852 in
625 1818 805 1865 utriusque
832 1818 985 1854 absentia
1012 1820 1163 1855 fratrum
1192 1818 1419 1855 residentium
1440 1819 1578 1867 judicio
1605 1818 1796 1866 subjacebit
1815 1839 1823 1846 ·

327 1874 405 1921 Ego
422 1874 587 1910 Andreas
606 1875 786 1923 episcopus
804 1881 839 1911 et
853 1878 1044 1913 canonicus
1063 1878 1107 1913 de
1126 1878 1348 1926 Fotherueys
1367 1876 1540 1912 subscribo
1560 1896 1568 1904 ·
1597 1876 1676 1924 Ego
1690 1876 1823 1924 Symon

325 1932 479 1967 decanus
498 1931 726 1968 moraviensis
740 1933 913 1969 subscribo
943 1954 950 1962 ·
988 1935 1067 1982 Ego
1083 1935 1151 1971 -w-
1167 1941 1358 1984 precentor
1376 1933 1608 1972 moraviensis
1627 1934 1800 1969 subscribo
1814 1954 1822 1961 -

325 1989 404 2037 Ego
421 1990 618 2025 willelmus
637 1991 866 2027 cancellarius
884 1993 1113 2028 moraviensis
1131 1994 1306 2029 subscribo
1321 2013 1330 2021 ·
1351 1993 1430 2041 Ego
1448 1993 1632 2030 Johannes
1646 1991 1822 2027 Bernardi

322 2047 514 2083 canonicus
538 2047 767 2084 moraviensis
794 2049 966 2085 subscribo
994 2069 1001 2078 ·
1031 2051 1110 2098 Ego
1130 2051 1297 2088 Andreas
1321 2051 1364 2087 de
1384 2050 1466 2086 Bini
1489 2050 1682 2086 canonicus
1704 2051 1822 2086 mora-

323 2104 447 2141 viensis
466 2105 640 2141 subscribo
660 2126 667 2134 ·
697 2106 776 2153 Ego
794 2107 977 2144 ,Iohannes
996 2110 1187 2145 canonieus
1206 2110 1250 2146 de
1270 2109 1440 2157 Dufphus
1458 2107 1631 2144 subscribo
1651 2126 1659 2135 ·
