2060 2660
344 183 415 219 162
738 183 1056 222 REGISTRUM
1085 182 1449 220 MORAVIENSE.

342 283 440 319 mino
466 303 474 312 ·
502 283 545 319 ad
564 283 800 319 universitatis
818 283 928 319 vestre
947 283 1115 319 noticiam
1134 288 1260 318 tenore
1278 281 1493 330 presentium
1513 279 1723 315 deducimus
1747 280 1843 327 quod

339 342 557 377 reverendus
575 342 611 377 in
628 341 767 378 Christo
786 348 886 390 pater
905 342 1071 377 dominus
1084 340 1294 375 Alexander
1311 338 1493 386 episcopus
1508 336 1738 374 moraviensis
1753 357 1761 365 ·
1778 351 1843 386 pro

339 405 439 446 parte
456 400 566 448 partis
583 400 633 435 sui
651 401 852 436 communis
870 399 1000 434 servitii
1020 399 1056 433 in
1074 411 1146 445 quo
1164 396 1213 433 est
1230 409 1368 432 camere
1393 395 1548 443 ejusdem
1575 395 1711 431 domini
1735 396 1842 432 nostri

340 456 435 505 Pape
460 457 636 506 obligatus
655 478 663 486 ·
686 458 902 505 quingentos
920 455 1178 504 quinquaginta
1195 460 1267 489 tres
1284 454 1440 489 florenos
1457 453 1535 488 auri
1555 473 1563 482 ·
1583 454 1710 501 viginti
1729 468 1840 490 unum

338 514 466 551 solidos
485 535 493 543 ·
513 516 598 551 0610
617 516 782 551 denarios
801 519 944 550 monete
965 510 1215 548 Avinionenfis
1234 524 1373 546 camere
1387 510 1576 559 apostolice
1592 531 1600 539 ·
1619 525 1761 548 necnon
1775 526 1840 561 pro

338 578 438 621 parte
462 574 570 622 partis
595 579 749 621 quatuor
775 572 985 607 servitorum
1010 570 1238 605 familiarium
1257 574 1293 604 et
1311 568 1563 604 officiariorum
1584 568 1687 617 ipfiiis
1705 570 1840 606 domini

339 630 446 666 nostri
473 631 566 679 Pape
593 636 737 666 centuni
765 636 801 665 et
826 641 956 664 novem
978 628 1134 663 florenos
1159 646 1167 654 ·
1191 627 1276 662 οᾶὶο
1301 626 1430 661 solidos
1449 646 1457 654 ·
1484 627 1541 662 sex
1560 628 1725 663 denarios
1744 629 1840 664 dicte

337 694 481 724 monete
499 689 634 724 clericis
656 701 795 724 camere
818 700 885 733 pro
909 686 1013 721 dietis
1037 684 1268 720 familiaribus
1287 690 1323 720 et
1341 685 1519 720 officiariis
1537 686 1759 734 recipiendos
1777 699 1841 735 per

336 759 461 781 manus
476 746 629 794 magistri
642 745 830 781 Guillelnii
842 744 885 779 de
898 743 1073 779 Grenlaw
1085 742 1336 790 archidyaconi
1349 742 1472 779 83ηὸὶί
1486 744 1634 779 Andree
1649 744 1685 779 in
1699 744 1817 780 Scotia
1831 765 1837 772 ·

335 804 499 840 tradente
514 804 657 840 realiter
670 802 848 839 Nicholao
863 802 886 839 J
888 801 987 836 acobi
1002 801 1045 836 de
1060 800 1225 836 societate
1241 820 1361 828 ······
1373 806 1494 836 torum
1507 802 1736 849 antiquorum
1749 804 1839 838 curi-

334 875 391 898 am
413 862 613 897 Romanam
632 861 797 909 sequente
812 880 820 887 ·
836 860 892 895 die
912 859 993 894 date
1012 858 1228 907 presentium
1248 858 1334 893 solvi
1352 858 1436 894 fecit
1451 878 1459 886 ·
1480 859 1524 894 de
1542 859 1670 906 quibus
1687 859 1731 895 fic
1750 860 1838 896 solu-

334 920 378 956 tis
398 920 507 968 ipsum
528 919 711 955 dominum
735 918 947 966 Episcopum
967 936 975 944 ·
996 914 1174 952 ecclesiam
1194 916 1290 951 suam
1308 936 1316 944 ·
1336 916 1544 952 successores
1563 917 1641 952 suos
1659 923 1695 953 et
1713 931 1836 954 eorum

332 978 426 1014 bona
451 978 662 1013 absolvimus
688 983 813 1012 tenore
837 975 1053 1024 presentium
1079 979 1115 1010 et
1139 974 1334 1022 quittamus
1360 994 1368 1002 ·
1396 988 1520 1010 verum
1541 975 1726 1011 intellecta
1745 977 1838 1012 mole

331 1036 577 1084 gravaminum
603 1048 668 1083 pro
691 1040 789 1083 parte
813 1034 900 1069 dicti
926 1033 1063 1068 domini
1083 1032 1247 1081 Episcopi
1266 1046 1386 1068 coram
1407 1033 1508 1068 nobis
1527 1032 1683 1081 exposita
1702 1048 1770 1082 que
1790 1035 1838 1083 ip-

330 1094 404 1130 sum
427 1094 471 1129 ad
496 1093 702 1128 solvendum
723 1092 799 1127 illas
817 1091 1050 1140 pecuniarum
1070 1091 1287 1138 quantitates
1306 1104 1392 1138 quas
1411 1091 1550 1127 ratione
1568 1091 1618 1127 sui
1638 1094 1837 1129 communis

329 1152 458 1188 servitii
485 1164 623 1186 camere
650 1149 838 1198 apostolice
856 1162 999 1185 necnon
1018 1155 1054 1185 et
1072 1154 1228 1197 quatuor
1249 1149 1461 1185 servitorum
1485 1149 1713 1185 familiarium
1733 1157 1769 1187 et
1788 1152 1837 1186 of-

328 1209 543 1245 ficiariorum
572 1207 674 1257 ipsius
702 1208 838 1243 domini
864 1207 973 1243 nostri
993 1208 1089 1254 Pape
1107 1207 1243 1243 solvere
1262 1207 1453 1243 tenebatur
1473 1227 1480 1235 -
1504 1208 1549 1243 ad
1574 1221 1642 1255 que
1669 1209 1837 1245 solvenda

329 1267 465 1303 dudum
484 1266 545 1301 sub
563 1267 669 1302 certis
687 1265 787 1314 penis
805 1271 841 1301 et
859 1266 1042 1302 sententiis
1064 1279 1105 1302 ac
1128 1266 1285 1301 termino
1303 1265 1444 1314 jamdiu
1467 1266 1583 1314 elapso
1604 1267 1637 1302 se
1656 1267 1778 1315 sponte
1801 1274 1836 1303 et

327 1324 436 1360 libere
461 1324 632 1372 obligavit
660 1343 668 1351 ·
697 1324 896 1360 reddebant
920 1330 956 1360 et
980 1324 1097 1360 adhuc
1121 1324 1281 1360 reddunt
1307 1323 1543 1360 verisimiliter
1572 1325 1804 1373 impotentem
1826 1346 1833 1353 ·

326 1383 540 1419 unfitoritate
559 1382 661 1417 nobis
680 1382 716 1417 in
735 1382 800 1418 hac
819 1388 919 1431 parte
938 1382 1119 1419 comniifl'a
1137 1383 1253 1418 eidem
1273 1382 1421 1418 domino
1442 1382 1616 1430 Episcopo
1638 1384 1833 1419 terminum

325 1455 345 1476 a
366 1440 450 1477 festo
478 1440 600 1476 San&i
619 1440 804 1477 michaelis
825 1441 989 1489 proxime
1011 1446 1166 1477 venturo
1193 1441 1231 1476 in
1257 1454 1371 1476 unum
1398 1453 1532 1476 annum
1561 1441 1728 1477 duximus
1754 1455 1834 1490 pro-

326 1499 525 1546 rogandum
549 1518 557 1526 ·
585 1499 634 1533 ita
655 1504 775 1535 tamen
799 1500 895 1547 quod
920 1498 945 1535 fi
966 1499 1004 1535 in
1026 1499 1125 1535 disto
1144 1499 1301 1535 termino
1319 1497 1378 1534 fibi
1398 1505 1593 1547 prorogato
1611 1512 1685 1534 non
1705 1500 1834 1537 satisfe-

326 1557 414 1592 cerit
433 1556 476 1591 de
495 1555 663 1604 premissis
682 1576 690 1584 ·
710 1557 810 1605 penis
835 1563 870 1593 et
894 1558 1076 1594 sententiis
1097 1557 1225 1605 quibus
1250 1562 1355 1593 antea
1377 1556 1567 1592 tenebatur
1585 1556 1625 1592 fit
1642 1557 1804 1594 astrictus
1823 1579 1830 1586 ·

327 1614 475 1662 Insuper
494 1614 604 1660 ipsum
624 1615 810 1650 dominum
831 1616 1045 1665 Episcopum
1065 1629 1085 1651 a
1103 1614 1333 1664 suspensionis
1358 1635 1366 1643 ·
1395 1615 1775 1651 excommunicationis
1797 1623 1830 1652 et

324 1672 507 1707 interdicti
531 1672 711 1708 sententiis
733 1686 773 1708 ac
796 1680 896 1709 reatu
920 1674 1069 1723 perjurii
1097 1680 1132 1710 et
1159 1674 1236 1709 aliis
1263 1673 1363 1722 penis
1389 1673 1486 1720 quod
1513 1678 1549 1709 et
1571 1686 1657 1720 quas
1680 1674 1831 1710 incurrit

323 1736 469 1778 propter
488 1729 699 1766 solutionem
718 1732 963 1779 premissorum
983 1746 1058 1768 non
1076 1733 1208 1768 factam
1227 1732 1264 1767 in
1283 1731 1438 1767 termino
1463 1729 1522 1766 fibi
1547 1731 1684 1779 prefixo
1706 1733 1829 1768 3υᾶὶο-

323 1788 427 1823 ritate
449 1788 550 1823 nobis
578 1788 613 1823 in
641 1788 706 1824 hac
733 1794 832 1837 parte
860 1791 1039 1826 commissa
1066 1791 1234 1827 duximus
1261 1789 1515 1825 absolvendum
1536 1808 1544 1816 -
1573 1789 1702 1825 Secum
1726 1790 1829 1839 super

323 1845 584 1893 irregularitate
603 1845 626 1880 fi
645 1860 749 1894 quain
769 1849 947 1884 contraxit
966 1849 1103 1885 interea
1121 1848 1164 1885 fic
1182 1849 1313 1896 ligatus
1331 1848 1364 1883 se
1383 1847 1512 1883 divinis
1528 1847 1757 1884 immiscendo
1771 1849 1827 1885 vel

322 1903 424 1940 aliter
442 1917 517 1939 non
535 1910 655 1940 tamen
675 1904 711 1939 in
730 1911 975 1954 contemptum
996 1907 1150 1943 clavium
1170 1907 1295 1943 eadem
1314 1906 1531 1942 {infitoritate
1554 1905 1828 1943 misericorditer

322 1962 558 2010 dispensantes
584 1981 591 1989 ·
634 1962 678 1997 In
708 1976 860 2009 quorum
891 1964 1130 2001 testimonium
1158 1964 1338 2014 presentes
1365 1964 1486 2000 literas
1513 1963 1591 1999 fieri
1616 1963 1765 2000 fecimus
1792 1971 1827 2001 et

322 2018 422 2067 sigilli
448 2020 701 2055 camerariatus
727 2020 835 2056 nostri
861 2022 1072 2070 appensione
1099 2023 1233 2059 muniri
1253 2042 1261 2051 ·
1290 2023 1429 2058 Datum
1450 2021 1613 2057 Avinion
1637 2041 1646 2050 ·
1672 2022 1729 2058 die
1755 2023 1826 2071 sep-

321 2077 408 2113 tima
425 2076 550 2112 mensis
569 2077 785 2125 Septembris
804 2098 812 2106 ·
840 2092 934 2115 anno
954 2080 1105 2116 Domini
1122 2080 1303 2118 millesimo
1323 2084 1419 2116 ·ccc⁰·
1438 2078 1649 2127 sexagesimo
1668 2086 1796 2127 quarto
1816 2100 1823 2108 ·

319 2135 517 2171 indi6fione
549 2135 701 2170 secunda
725 2155 734 2163 ·
763 2137 990 2184 pontificatus
1018 2137 1218 2174 sanfifissimi
1247 2139 1284 2174 in
1315 2137 1455 2174 Christo
1483 2137 1593 2186 patris
1624 2143 1659 2173 et
1688 2138 1824 2174 domini

318 2192 427 2229 nostri
445 2192 581 2228 domini
600 2193 739 2229 Urbani
758 2194 878 2230 divina
896 2196 1124 2243 providentia
1143 2197 1238 2245 Pape
1257 2196 1373 2244 quinti
1393 2215 1401 2224 ·
1420 2208 1516 2231 anno
1535 2195 1689 2231 seeundo
1709 2215 1717 2224 ·
