2060 2660
516 175 620 211 REG
629 176 831 212 ISTRUM
859 176 1218 214 MORAVIENSE.
1534 187 1600 218 ‘251

124 288 189 323 pro
203 274 236 311 se
255 278 290 310 et
306 273 554 309 succefl'oribus
571 274 639 308 suis
656 273 796 309 vicariis
814 293 822 301 ·
842 275 962 309 omnia
979 280 1014 309 et
1031 274 1166 322 singula
1182 277 1342 323 premissa
1359 278 1606 315 inviolabiliter

125 332 307 367 observare
326 350 334 359 ·
364 336 400 367 et
425 343 608 378 nunquam
636 336 761 366 contra
785 344 826 366 ea
848 332 970 366 venire
997 332 1114 367 dicere
1140 332 1199 367 seu
1225 333 1338 369 facere
1364 348 1607 383 quemcunque

125 389 269 424 nomine
290 388 442 436 ipsorum
470 388 611 436 publice
638 388 695 423 vel
721 388 860 423 occulte
887 389 1021 424 directe
1048 389 1106 424 vel
1131 389 1305 425 indirecte
1329 392 1451 437 quovis
1477 392 1607 438 quefito

125 446 243 481 colore
260 445 318 481 vel
341 445 487 493 ingenio
509 445 569 480 sub
592 446 692 493 penis
717 446 947 480 tricentarum
972 459 1185 481 coronarum
1212 447 1288 481 auri
1314 447 1523 483 serenissimo
1550 450 1609 484 do-

124 505 220 538 mino
240 503 332 550 Regi
352 503 468 538 Scotie
488 522 496 530 ·
521 503 755 538 tricentarum
774 501 914 538 ecclefie
934 502 1150 538 Moravienfi
1169 522 1177 530 ·
1207 508 1242 538 et
1265 504 1495 540 tricentarum
1520 507 1610 552 parti

124 560 321 596 observanti
361 565 396 595 et
435 560 581 595 minime
623 560 881 595 contradicenti
921 560 1013 595 infra
1052 560 1286 608 quadraginta
1321 561 1394 596 dies
1432 561 1610 608 postquam

123 617 215 653 clare
246 617 440 653 constiterit
463 617 507 652 de
535 617 735 665 hujusmodi
763 617 1048 653 contradictione
1074 623 1135 652 aut
1161 618 1415 665 impedimento
1438 617 1507 653 fine
1531 632 1611 665 qua-

124 687 262 721 cunque
280 676 489 722 exceptione
515 675 765 710 solvendarum
784 694 792 702 -
820 675 922 722 super
948 675 1014 709 hiis
1040 675 1204 710 omnibus
1230 680 1265 710 et
1291 673 1433 722 singulis
1457 676 1611 723 prefatus

124 732 289 767 dominus
315 732 479 767 Vicarius
505 731 563 767 fibi
591 732 669 767 fieri
695 732 796 780 petiit
822 745 935 767 unum
966 732 1024 767 seu
1049 732 1151 779 plura
1181 732 1361 779 publicum
1390 732 1448 768 seu
1474 733 1612 780 publica

124 788 394 825 instrumentum
421 790 480 825 seu
505 790 737 825 instrumenta
755 809 763 817 ·
792 788 890 824 Acta
916 795 1017 824 erant
1044 790 1109 824 hec
1135 789 1237 837 super
1263 789 1373 824 solum
1398 790 1612 837 prefatarum

123 852 298 881 terrarum
333 846 393 881 sub
429 860 524 882 anno
557 847 673 882 mense
705 847 761 882 die
792 847 986 882 indictione
1017 852 1052 882 et
1081 846 1290 894 pontificatu
1320 846 1445 893 quibus
1476 847 1577 893 supra
1604 867 1611 874 ·

124 903 341 950 presentibus
369 904 499 939 ibidem
527 904 625 939 dicto
654 904 854 939 reverendo
883 910 983 951 patre
1002 923 1010 931 ·
1038 903 1174 940 Jacobo
1202 903 1337 951 Ogiluy
1363 904 1406 939 de
1435 903 1613 940 Deikfurd

124 960 235 995 milite
250 980 258 987 ·
279 960 459 996 Willelmo
475 981 483 988 ·
504 961 646 996 Thoma
664 961 799 997 Caldor
818 980 826 988 ·
846 967 882 996 et
900 961 1045 996 domino
1065 961 1274 996 Alexandro
1296 961 1356 996 Ilis
1374 961 1485 997 milite
1505 981 1512 989 ·
1532 975 1612 997 cum

125 1016 318 1052 affisoribus
342 1024 377 1053 et
403 1018 522 1053 multis
551 1018 627 1053 aliis
654 1018 796 1054 testibus
823 1019 867 1053 ad
894 1018 1055 1066 premissa
1077 1019 1209 1053 vocatis
1235 1018 1366 1066 pariter
1393 1025 1428 1054 et
1454 1019 1585 1066 rogatis
1605 1039 1612 1047 -

128 1075 174 1109 Et
192 1088 258 1122 ego
273 1075 473 1110 Willelmus
492 1076 613 1123 Dowy
631 1076 779 1111 clericus
798 1076 920 1111 Sancti
935 1075 1084 1111 Andree
1102 1075 1245 1111 diocefis
1263 1075 1424 1123 publicus
1442 1077 1614 1124 imperiali

127 1138 161 1166 et
186 1131 296 1178 regali
319 1132 590 1167 auetoritatibus
614 1134 773 1168 notarius
794 1131 945 1180 premifli
967 1133 1099 1168 decreti
1120 1133 1256 1168 lecture
1275 1133 1465 1181 prolationi
1483 1139 1518 1168 et
1536 1147 1614 1181 pro·

127 1189 343 1224 nuntiationi
370 1189 561 1236 ceterisque
587 1188 756 1237 premiffis
781 1190 944 1225 omnibus
971 1196 1006 1225 et
1032 1189 1174 1237 singulis
1201 1190 1285 1225 dum
1311 1189 1355 1225 fic
1382 1196 1422 1226 ut
1445 1191 1615 1238 premitti-

127 1252 186 1280 tur
214 1252 406 1292 agerentur
434 1246 637 1282 dicerentur
668 1252 703 1281 et
731 1247 858 1282 fierent
885 1260 958 1282 una
985 1260 1065 1282 cum
1091 1247 1345 1294 prenominatis
1371 1246 1512 1282 testibus
1538 1260 1614 1295 pre-

128 1303 204 1338 sens
232 1303 376 1338 interfui
404 1317 515 1350 eaque
545 1303 664 1339 omnia
690 1309 726 1339 et
751 1302 886 1351 singula
910 1303 954 1339 fic
980 1303 1057 1339 fieri
1083 1304 1156 1338 vidi
1184 1304 1264 1339 scivi
1292 1309 1328 1339 et
1357 1304 1477 1339 audivi
1506 1317 1547 1339 ac
1577 1304 1613 1339 in

128 1365 249 1395 notam
281 1361 358 1408 cepi
388 1361 538 1407 ideoque
569 1361 636 1396 hoc
667 1361 806 1408 presens
836 1361 1017 1409 publicum
1043 1360 1313 1396 instrumentum
1340 1373 1447 1395 manu
1473 1361 1615 1408 propria

127 1415 240 1465 scripfi
263 1416 430 1465 signoque
455 1423 490 1453 et
511 1418 656 1453 nomine
678 1418 765 1453 meis
786 1431 858 1453 una
878 1431 958 1453 cum
981 1416 1091 1465 figillo
1114 1418 1200 1453 dicti
1222 1417 1408 1453 reverendi
1429 1417 1536 1464 patris
1553 1415 1614 1464 fig-

127 1475 209 1510 navi
233 1481 377 1522 rogatus
395 1481 431 1511 et
448 1474 631 1522 requifitus
649 1476 686 1510 in
704 1475 809 1511 fidem
834 1480 871 1511 et
894 1475 1131 1511 testimonium
1156 1475 1315 1510 omnium
1340 1480 1375 1510 et
1398 1473 1614 1522 singulorum

127 1532 371 1579 premissorum
390 1552 398 1560 ·

130 1589 183 1624 -Β-
204 1589 275 1624 Dei
298 1590 412 1636 gratia
430 1588 659 1625 moraviensis
683 1589 863 1638 episcopus
889 1590 1053 1625 omnibus
1078 1589 1196 1625 sancte
1222 1589 1344 1624 matris
1370 1587 1510 1624 ecclefie
1536 1588 1615 1623 filiis

130 1645 248 1681 literas
270 1646 347 1681 istas
369 1646 491 1681 visuris
513 1646 570 1682 vel
592 1647 764 1682 audituris
791 1653 948 1682 eternam
972 1647 1010 1681 in
1030 1647 1191 1682 Domino
1208 1646 1354 1681 salutem
1374 1665 1382 1673 ·
1411 1645 1533 1681 Sciatis
1551 1658 1616 1681 nos

129 1703 258 1738 dediffe
276 1709 311 1738 et
329 1701 524 1739 conceffiss'e
543 1709 578 1738 et
595 1704 660 1739 hac
683 1709 780 1739 carta
801 1703 919 1739 nostra
941 1704 1158 1739 confirmafl'e
1176 1702 1316 1739 ecclesie
1335 1703 1456 1738 saneti
1475 1703 1615 1738 Thome

129 1760 282 1795 martiris
305 1760 349 1796 de
369 1760 588 1795 Abirbrocht
612 1766 648 1795 et
674 1761 855 1796 monachis
879 1761 1009 1796 ibidem
1029 1761 1111 1796 Deo
1137 1760 1368 1796 servientibus
1385 1765 1421 1795 et
1439 1759 1616 1795 servituris

126 1817 167 1852 in
184 1817 331 1852 liberam
351 1822 386 1852 et
405 1830 530 1864 puram
549 1824 584 1852 et
602 1823 807 1865 perpetuam
827 1817 1050 1853 elemofinam
1065 1837 1073 1846 ·
1095 1831 1204 1853 unam
1223 1817 1416 1852 dauacham
1436 1822 1529 1852 terre
1547 1830 1614 1864 que

129 1874 284 1922 pertinet
314 1874 359 1909 ad
387 1872 565 1909 ecclefiam
595 1875 638 1909 de
661 1874 886 1910 Abirkerdor
913 1880 948 1910 et
974 1875 1140 1922 quicquid
1164 1874 1207 1909 de
1231 1874 1292 1909 illa
1318 1879 1414 1910 terra
1435 1874 1614 1921 percipere

130 1931 188 1967 vel
204 1931 334 1967 habere
351 1931 546 1966 solebamus
565 1950 573 1959 ·
602 1931 725 1973 Quare
743 1931 908 1966 volumus
929 1932 1024 1978 quod
1048 1931 1202 1979 predicti
1226 1931 1389 1967 monachi
1415 1936 1560 1966 teneant
1581 1936 1615 1965 et

129 1987 324 2036 poffideant
343 1988 538 2036 predictam
556 1993 687 2023 terram
705 2001 787 2023 cum
801 1988 908 2024 rectis
926 1987 1039 2024 divifis
1057 1994 1093 2024 et
1110 1988 1332 2036 pertinentiis
1344 1988 1412 2023 suis
1425 1988 1474 2023 ita
1487 1987 1594 2023 libere
1606 2006 1613 2014 ·

130 2045 247 2092 quiete
266 2064 275 2074 ν
302 2045 459 2093 plenarie
486 2050 521 2080 et
548 2045 743 2080 honorifice
766 2044 853 2080 ficut
880 2045 1033 2092 aliquam
1061 2045 1166 2081 aliam
1193 2044 1416 2081 elemofinam
1444 2044 1587 2080 liberius
1606 2063 1613 2071 ·

130 2103 282 2149 quietius
297 2121 305 2130 ·
324 2102 463 2150 plenius
482 2107 517 2137 et
535 2102 827 2138 honorificentius
844 2102 881 2137 in
896 2115 1007 2150 regno
1023 2102 1212 2138 Scotorum
1230 2107 1354 2137 tenent
1368 2107 1404 2137 et
1420 2100 1591 2149 poflident
1604 2120 1612 2129 ·

132 2159 293 2196 Testibus
304 2159 485 2194 Willelmo
500 2159 544 2194 de
559 2159 671 2195 Bosco
684 2178 692 2186 ·
714 2159 872 2207 Hugone
887 2159 932 2195 de
949 2158 1067 2207 sigillis
1085 2165 1120 2195 et
1138 2159 1320 2207 capellano
1335 2158 1469 2194 domini
1482 2158 1589 2204 Regis
1604 2177 1611 2185 ·

132 2215 300 2254 Freikino
331 2216 466 2253 decano
497 2236 505 2245 ·
543 2216 706 2263 magistro
737 2215 798 2252 ·G·
829 2216 1077 2254 archidiacono
1108 2217 1269 2254 moravia
1299 2235 1307 2244 ·
1341 2215 1548 2251 Alexandro
1578 2220 1610 2251 et
