2060 2660
365 179 434 216 146
751 182 1068 219 REGISTRUM
1097 181 1463 219 MORAVIENSE.

362 279 492 316 dediss'e
508 300 516 308 ·
536 279 732 317 conceffiffe
751 286 786 317 et
803 281 871 317 hoc
890 282 1040 330 presenti
1061 295 1141 317 meo
1159 281 1288 328 scripto
1306 278 1484 327 aflignaffe
1502 278 1540 312 in
1557 283 1771 326 perpetuum
1789 279 1861 315 suc-

361 337 550 373 cefforibus
568 340 654 375 meis
671 339 913 387 prebendariis
932 340 976 375 de
996 339 1126 374 Duffus
1153 336 1336 373 succeffive
1360 342 1396 372 et
1419 335 1590 371 canonice
1618 336 1832 373 intrantibus
1851 357 1859 364 ·

361 396 603 444 mansuagium
629 395 698 432 five
720 396 858 432 edificia
881 410 959 432 mea
979 397 1071 431 infra
1096 395 1283 431 canoniam
1312 394 1356 428 de
1382 393 1501 440 Elgyn
1527 406 1633 440 quam
1660 394 1861 430 construxe-

360 466 436 488 ram
463 454 500 489 in
527 454 639 489 fundo
666 467 771 501 quem
799 455 867 489 emi
893 454 937 489 ab
964 453 1153 489 heredibus
1173 451 1344 486 Willelmi
1364 450 1521 485 Utrearii
1542 470 1550 478 -
1575 451 1620 486 de
1638 452 1806 487 consensu
1825 458 1860 488 et

359 510 545 547 voluntate
564 512 774 548 venerabilis
792 512 900 559 patris
918 510 1054 546 domini
1074 508 1293 544 Archebaldi
1318 507 1389 543 Dei
1416 508 1531 555 gratia
1556 513 1643 544 tunc
1667 509 1830 558 Episcopi
1850 529 1858 537 ·

360 568 495 604 domini
515 569 653 605 Decani
681 575 715 604 et
741 568 885 617 capituli
913 565 1143 604 moravienfis
1171 585 1179 593 ·
1208 566 1268 613 qui
1299 565 1443 612 quidem
1473 565 1638 601 dominus
1666 567 1859 615 Episcopus

358 632 445 662 tunc
462 627 601 674 presens
615 640 695 662 cum
710 627 859 662 Decano
879 631 914 661 et
932 624 1087 672 capitulo
1106 622 1408 659 consentientibus
1426 636 1483 658 me
1502 628 1538 659 et
1555 622 1743 671 assignatos
1760 637 1859 660 meos

358 683 402 719 de
420 684 545 719 eodem
565 685 677 719 sundo
700 697 764 732 per
789 683 962 718 annulum
991 682 1089 716 suum
1117 680 1293 716 investivit
1321 686 1356 716 et
1378 681 1415 715 in
1437 681 1660 729 corporalem
1687 680 1858 730 poss'eflio-

356 754 438 777 nem
457 742 611 790 ejusdem
632 742 770 777 induxit
795 761 802 768 ·
835 741 888 776 Ita
906 739 1071 775 videlicet
1090 738 1187 785 quod
1204 738 1388 786 predictus
1406 738 1574 782 successor
1592 752 1692 775 meus
1710 740 1856 787 quicun-

355 812 423 846 que
450 800 556 835 fuerit
583 800 716 834 solvere
738 803 903 834 teneatur
931 810 996 845 pro
1026 796 1125 831 dieto
1154 796 1358 844 mansuagio
1387 796 1543 844 capitulo
1572 803 1770 833 memorato
1797 798 1855 834 vel

354 858 577 904 procuratori
604 870 667 905 per
693 856 887 904 capitulum
914 855 958 890 ad
982 854 1050 889 hoc
1074 854 1246 901 deputato
1266 867 1335 889 -xx·
1356 854 1484 889 solidos
1502 854 1772 902 esterlingorum
1790 854 1854 891 fin-

352 914 445 961 gulis
471 915 572 949 annis
601 915 636 949 in
662 913 746 949 festo
774 912 980 949 Nativitatis
1006 912 1099 947 beati
1122 911 1298 948 ,Iohannis
1321 911 1475 959 Baptiste
1501 913 1546 947 ad
1573 912 1853 949 distribuendum

352 972 445 1006 inter
463 972 652 1007 canonicos
671 991 679 999 ·
707 971 856 1006 vicarios
883 975 918 1005 et
944 968 1120 1005 ministros
1148 968 1289 1005 ecclefie
1316 970 1376 1017 qui
1402 970 1438 1004 in
1457 969 1586 1017 vigiliis
1605 976 1640 1005 et
1658 971 1754 1006 missa
1775 984 1854 1017 pre-

351 1029 464 1064 sentes
482 1030 663 1065 extiterint
682 1030 718 1063 in
738 1028 793 1063 die
813 1027 1041 1063 anniversarii
1067 1027 1137 1063 mei
1161 1027 1449 1075 quandocunque
1467 1028 1505 1062 in
1522 1041 1619 1063 anno
1637 1029 1828 1077 contigerit
1843 1048 1851 1057 ·

350 1086 549 1122 absentibus
571 1087 628 1122 vel
655 1087 755 1122 tarde
782 1091 817 1121 et
844 1085 1087 1133 intempestive
1111 1085 1336 1121 venientibus
1354 1098 1375 1120 a
1392 1086 1662 1134 participatione
1681 1086 1827 1122 exclufis
1842 1107 1850 1115 -

349 1144 410 1179 tali
428 1145 593 1180 videlicet
618 1144 861 1180 moderamine
888 1143 984 1190 quod
1012 1143 1168 1178 decanus
1190 1143 1247 1178 vel
1274 1143 1477 1190 quicunque
1504 1144 1696 1179 canonicus
1717 1145 1849 1180 missam

347 1202 574 1237 anniversarii
593 1202 661 1237 mei
676 1189 917 1237 'celebraverit
941 1201 1090 1249 duplum
1116 1201 1263 1249 recipiat
1286 1201 1462 1249 portionis
1488 1201 1633 1236 alterius
1659 1203 1848 1238 canonici·

347 1265 382 1294 et
406 1259 553 1306 quilibet
571 1260 764 1295 canonicus
783 1259 931 1307 duplum
950 1258 1079 1304 habeat
1097 1257 1281 1307 cujussibet
1299 1259 1421 1294 vicarii
1441 1279 1449 1287 ·
1473 1265 1508 1295 et
1532 1259 1679 1306 quilibet
1697 1261 1849 1297 vicarius

346 1317 402 1352 vel
421 1317 623 1365 capellanus
643 1317 686 1352 de
705 1317 840 1364 capella
858 1315 999 1352 ecclesie
1018 1316 1168 1365 duplum
1187 1316 1315 1352 habeat
1329 1317 1450 1352 vicarii
1466 1317 1605 1352 diaconi
1619 1318 1675 1353 vel
1691 1318 1825 1355 sacriste
1838 1338 1845 1347 ·

346 1380 380 1409 et
398 1373 441 1409 fic
460 1388 524 1422 pro
543 1375 774 1410 multitudine
792 1375 849 1410 vel
872 1374 1050 1422 paucitate
1069 1374 1291 1410 venientium
1315 1375 1630 1423 proportionaliter
1651 1376 1712 1411 fiat
1737 1376 1847 1412 distri-

344 1432 444 1468 butio
462 1431 604 1480 fingulis
622 1433 723 1467 annis
743 1452 751 1460 ·
779 1432 877 1468 Volo
899 1433 1005 1468 etiam
1029 1433 1126 1480 quod
1149 1430 1173 1467 fi
1197 1432 1323 1479 aliquis
1345 1432 1498 1468 defuerit
1515 1433 1644 1480 vigiliis
1663 1438 1698 1468 et
1716 1447 1791 1470 non
1808 1435 1845 1470 in

345 1490 441 1525 miffa
458 1490 515 1526 vel
542 1491 578 1525 in
605 1490 701 1525 miffa
727 1496 763 1526 et
789 1503 864 1526 non
890 1491 927 1525 in
954 1490 1083 1538 vigiliis
1106 1490 1204 1538 quod
1226 1490 1432 1538 respiciatur
1454 1490 1498 1525 de
1520 1491 1710 1526 medietate
1737 1493 1846 1539 partis

346 1548 457 1595 ipsum
475 1548 715 1595 contingentis
732 1547 756 1583 fi
775 1548 954 1584 interefl'et
971 1548 1128 1595 utrisque
1148 1567 1156 1576 ·
1185 1548 1355 1583 Preterea
1377 1548 1422 1583 ad
1446 1548 1513 1583 hoc
1535 1554 1752 1584 memoratus
1774 1549 1846 1586 suc-

346 1605 454 1640 cess'or
473 1618 570 1640 meus
588 1606 790 1653 quicunque
808 1606 916 1642 fuerit
934 1606 1148 1642 sufficienter
1167 1605 1345 1641 sustinebit
1369 1606 1467 1641 ἀίἇὶθ,
1489 1606 1627 1641 edificia
1651 1611 1686 1641 et
1711 1607 1845 1643 reficiet

345 1662 538 1710 sumptibus
555 1663 622 1698 suis
640 1676 684 1698 ne
700 1669 869 1698 corruant
885 1683 893 1691 ·
913 1669 949 1699 et
962 1669 1079 1699 totum
1095 1664 1294 1699 manerium
1310 1676 1390 1699 cum
1407 1663 1553 1699 edificiis
1567 1676 1612 1699 ne
1627 1677 1648 1698 a
1660 1664 1844 1701 vestustate

345 1720 571 1756 consumatur
591 1740 598 1748 ·
618 1726 653 1756 et
672 1721 715 1755 ad
734 1720 795 1756 ista
813 1721 933 1756 omnia
950 1721 1112 1757 facienda
1130 1726 1166 1757 et
1183 1721 1337 1766 fideliter
1354 1721 1582 1769 adimplenda
1599 1721 1636 1756 in
1654 1721 1713 1757 sua
1731 1722 1844 1758 instal-

344 1778 477 1813 latione
501 1791 564 1826 per
584 1778 739 1813 litteram
763 1778 860 1814 suam
884 1779 1040 1827 capitulo
1065 1779 1098 1814 se
1120 1778 1291 1827 obligabit
1314 1784 1349 1814 et
1369 1778 1506 1827 jurabit
1525 1798 1533 1806 ·
1562 1778 1660 1814 Αᾶὶε.
1682 1779 1761 1815 sunt
1782 1779 1843 1816 ista

345 1836 439 1883 apud
466 1835 652 1871 canoniam
681 1836 724 1871 de
748 1836 866 1884 Elgyn
892 1837 929 1871 in
957 1835 1112 1884 capitulo
1135 1857 1143 1865 ·
1172 1837 1216 1872 de
1242 1836 1411 1872 consensu
1437 1841 1473 1872 et
1494 1836 1680 1873 voluntate
1703 1837 1841 1874 Decani

345 1899 380 1928 et
398 1893 542 1942 capituli
561 1893 617 1928 die
636 1898 671 1928 et
689 1906 784 1928 anno
803 1899 837 1929 et
857 1913 1097 1922 ·········

345 2065 443 2103 Unio
460 2066 591 2102 vicarie
609 2066 653 2102 de
672 2066 790 2114 Elgyn
809 2079 889 2102 cum
907 2067 1088 2114 prebenda
1105 2073 1249 2104 centum
1268 2067 1463 2103 solidorum
1479 2086 1487 2095 ·

246 2177 315 2210 133
343 2179 524 2217 Univerfis
550 2181 668 2216 sanEte
694 2181 813 2217 matris
839 2179 979 2216 ecclesie
1005 2181 1084 2217 filiis
1110 2183 1155 2218 ad
1180 2195 1269 2230 quos
1290 2182 1468 2230 presentes
1485 2181 1586 2217 litere
1607 2184 1836 2230 pervenerint

344 2239 464 2275 David
483 2238 555 2274 Dei
575 2238 689 2286 gratia
707 2238 888 2286 episcopus
906 2239 1135 2275 (Doravienfis
1153 2240 1300 2276 salutem
1318 2252 1400 2275 cum
1417 2239 1668 2275 benedkffione
1686 2240 1807 2277 divina
1825 2261 1833 2270 ·

342 2296 495 2333 utilitate
513 2302 549 2332 et
565 2295 746 2332 honestate
771 2295 911 2332 ecclesie
933 2296 1048 2333 nostre
1071 2297 1282 2333 cathedralis
1300 2297 1431 2333 SanGte
1449 2296 1636 2332 Trinitatis
1653 2297 1697 2333 de
1716 2298 1834 2348 Elgyn
