1912 2660
206 298 277 337 Ξ79

307 146 380 182 362

709 144 1027 182 REGISTRUM
1056 145 1422 184 MORAVIENSE.

549 303 773 340 Taxaciones
790 303 1047 340 beneficiorum
1067 303 1288 351 episcopatus
1306 302 1539 340 moravienfis
1557 323 1568 332 ·

440 419 648 455 Decanatus
667 419 710 455 de
730 419 870 467 Elgyne
890 437 898 447 ·

843 533 903 567 ·lx·
924 545 1033 568 marc·

857 609 903 618 ιιι·
924 603 1032 625 marc·

834 661 905 683 ‘XX‘
925 660 1034 683 Illarc·

808 719 903 740 ·xxx·
923 718 1032 740 marc·

305 535 494 570 Prebenda
511 535 732 583 precentoris

305 592 491 628 Prebenda
509 592 716 628 thesaurarii

305 650 493 686 Prebenda
510 648 752 685 archidiaconi

305 708 490 744 Prebenda
508 707 697 742 subdecani

305 765 492 801 Prebenda
509 764 725 801 succentoris
770 763 902 798 ·xxxvi·
923 775 1032 798 marc·

306 823 491 859 Prebenda
510 823 553 858 de
573 822 701 870 Dupill
772 821 903 856 ·xxxvi·
923 833 1032 856 marc·

306 881 491 916 Prebenda
505 880 549 916 de
564 880 674 928 Spyni
689 879 812 914 ·xxiiii·
828 891 936 914 marc·
950 891 1033 914 cum

352 938 493 974 vicaria·

304 996 490 1032 Prebenda
509 996 552 1030 de
571 997 659 1042 (Doy

303 1054 489 1089 Prebenda
508 1053 552 1088 de
571 1052 704 1088 Duffus

303 1111 449 1159 Capella
468 1110 623 1158 ejusdem

301 1169 445 1204 Vicaria
464 1168 617 1216 ejusdem

854 1008 899 1029 ·x·
920 1007 1030 1029 marc·

841 1052 900 1087 ·lx·
921 1065 1030 1088 marc·

854 1123 899 1145 ·v·
920 1123 1030 1146 marc·

855 1182 901 1203 ·x·
920 1181 1029 1204 marc·

301 1227 445 1262 Vicaria
463 1226 506 1261 de
526 1226 634 1273 Dyke
828 1226 901 1261 ·iiii·
921 1239 1030 1262 marc·

300 1282 455 1320 Ecclefia
474 1284 517 1319 de
537 1283 645 1319 Altre
853 1297 900 1320 ·v·
919 1297 1028 1320 marc·

300 1341 455 1378 Ecclesia
473 1342 517 1377 de
536 1341 726 1389 Brynnath
841 1342 899 1377 ·xi·
920 1355 1030 1378 marc·

300 1399 454 1436 Ecclefia
472 1400 516 1436 (16
535 1399 703 1436 Urchard
839 1400 899 1435 ·lx·
919 1413 1028 1436 marc·

301 1458 395 1494 Cum
413 1463 510 1494 terra
809 1471 900 1493 ·cxx·
920 1471 1029 1494 marc·

303 1516 441 1551 Rothes
459 1529 540 1551 cum
559 1515 695 1564 capella
831 1516 903 1551 -xii·
922 1529 1031 1552 marc·

302 1573 530 1609 Dundurkus
545 1587 627 1609 cum
641 1573 775 1610 vicaria
785 1574 909 1610 ·xxiiii·
922 1587 1030 1610 marc·

304 1688 451 1725 Summa
545 1690 779 1725 ·ecc·xxxviii·
799 1689 859 1726 lib·
878 1691 950 1727 xvi·
969 1690 1031 1726 sol·

304 1746 458 1783 Decima
474 1747 558 1782 inde
646 1748 780 1783 ·xxxiii·
799 1748 860 1784 lib·
879 1749 951 1785 xvi·
970 1748 1031 1784 sol·

419 1919 627 1955 Decanatus
646 1920 689 1956 de
709 1920 887 1970 Inuernys
906 1941 915 1950 ·

306 2034 493 2071 Prebenda
511 2035 635 2071 decani
811 2048 902 2072 ·cxx·
921 2050 1030 2073 marc·

305 2092 405 2140 Croy
769 2094 903 2129 ·xxviii·
921 2107 1030 2130 marc·

307 2150 494 2186 Prebenda
511 2150 555 2186 de
575 2150 711 2198 Petyne
745 2151 903 2187 ·xxxviii·
922 2165 1031 2188 marc·

306 2207 451 2244 Vicaria
468 2208 623 2256 ejusdem
829 2209 902 2256 diij·
922 2223 1030 2246 marc·

307 2265 452 2302 Vicaria
469 2266 514 2303 de
533 2265 698 2303 Braeheli
831 2267 904 2315 ·iiij·
924 2281 1032 2305 marc·

1087 416 1242 452 Ecclefia
1260 416 1304 451 de
1324 416 1503 453 Abertarf

1614 418 1687 468 diij·
1706 432 1814 456 marc·

1082 474 1229 510 Vicaria
1246 473 1403 522 ejusdem
1629 477 1688 512 ·vi·
1707 490 1814 513 marc-

1087 530 1244 567 Ecclesia
1262 532 1305 567 de
1325 531 1538 582 Londechty
1616 547 1688 570 ·xv·
1707 547 1813 571 marc·

1086 589 1233 625 Deveth
1640 605 1686 628 ·x·
1706 605 1814 629 marc·

1088 646 1333 696 Abirbryacht
1641 650 1688 684 ·ii·
1708 663 1814 686 marc·

1577 707 1688 743 ·xviii·
1707 721 1814 744 marc·

1640 765 1686 800 ·ii·
1706 778 1814 801 marc·

1626 823 1686 858 ·iii·
1706 836 1813 860 marc·

1625 880 1685 916 ·iii·
1705 894 1813 918 marc·

1624 938 1684 974 ·xl·
1705 952 1812 975 marc·

1086 705 1241 740 Dalcors

1085 762 1233 799 Vicaria
1251 763 1407 812 ejusdem

1085 820 1232 856 Vicaria
1250 821 1294 857 de
1314 821 1498 859 XVardlaw

1087 878 1319 927 Kyntallirgy

1083 935 1238 972 Ecclefia
1257 937 1301 973 de
1322 936 1501 987 Inuernys

1083 994 1230 1030 Vicat-ia
1248 994 1405 1043 ejusdem
1613 1009 1685 1032 ·xx·
1705 1009 1813 1033 marc·

1085 1051 1240 1088 Ecclefia
1261 1053 1305 1088 de
1325 1053 1429 1089 Even
1586 1053 1684 1100 ·xiiij·
1704 1067 1812 1091 marc·

1083 1110 1229 1146 vicaria
1251 1110 1408 1159 ejusdem
1611 1112 1685 1160 ·iiij·
1705 1125 1812 1149 marc·

1083 1168 1276 1217 Dolerwsy
1637 1169 1684 1204 -ii-
1705 1183 1812 1207 marc·

1084 1226 1283 1275 Ferneway
1624 1227 1685 1275 ·iij·
1705 1241 1811 1265 marc·

1083 1283 1238 1320 Ecclefia
1256 1284 1300 1320 de
1319 1284 1463 1333 Durrys

1082 1341 1228 1378 Vicaria
1246 1342 1403 1391 ejusdem

1082 1399 1238 1437 Ecclefia
1255 1401 1301 1436 de
1321 1400 1506 1449 Coneway

1082 1458 1229 1495 Vicaria
1247 1458 1403 1508 ejusdem

1559 1284 1683 1334 ·xxiiij-
1703 1299 1810 1322 marc·

1599 1343 1683 1379 ·viii·
1704 1357 1811 1380 marc·

1560 1401 1683 1450 ·xxiiij·
1704 1414 1811 1438 marc·

1610 1459 1684 1508 diij·
1704 1472 1811 1496 marc-

1085 1574 1232 1610 Summa
1261 1574 1439 1611 ·cc·lxxiii·
1455 1574 1515 1610 lib·
1531 1575 1661 1611 deinde
1676 1575 1812 1612 decima

1082 1633 1205 1669 ·xxvii·
1225 1633 1287 1669 lib·
1306 1633 1354 1668 vi·
1375 1633 1435 1669 sol·
1455 1633 1517 1681 iiij·
1537 1633 1570 1669 d·

1198 1807 1407 1843 Decanatus
1426 1807 1471 1843 de
1489 1807 1666 1856 Stratspee
1685 1826 1693 1835 ·

1085 1922 1273 1959 Prebenda
1290 1922 1492 1958 cancellarii
1598 1923 1684 1959 ·lxx·
1701 1935 1809 1958 marc·

1082 1981 1223 2029 Adway
1294 1981 1417 2029 ·xxiiij·
1438 1994 1547 2017 marc·
1566 1994 1647 2017 cum
1666 1979 1808 2017 vicaria·

1083 2037 1271 2074 Prebenda
1289 2039 1332 2074 de
1354 2038 1534 2087 Kyngucy
1586 2051 1681 2074 ·xxx·
1701 2050 1808 2073 marc·

1084 2096 1226 2131 Dothol
1585 2109 1681 2132 ·xxx·
1701 2108 1807 2130 marc·

1086 2153 1311 2190 Inneravane
1610 2153 1682 2189 ·xii·
1701 2165 1808 2188 marc·

1084 2210 1300 2259 Abyrnethy
1611 2211 1682 2247 ·xii·
1701 2222 1808 2246 marc·

1598 2269 1683 2304 ·viii·
1702 2280 1808 2303 marc·

1087 2268 1309 2317 Kyncardyn
