2060 2660
551 191 868 227 REGISTRUM
896 190 1259 229 MORAVIENSE.
1579 200 1645 232 145

155 292 233 329 fitas
258 291 370 328 vestra
395 290 492 338 quod
518 290 600 338 quia
618 289 820 324 Willelmus
842 288 886 324 de
905 288 1061 324 Fedreth
1088 295 1124 324 et
1150 290 1294 326 domina
1313 291 1485 328 Cristiana
1507 295 1550 330 de
1569 297 1646 331 mo-
1695 312 1698 313 ⁷

156 350 252 386 ravia
269 362 360 384 uxor
378 348 437 383 sua
455 348 499 383 de
518 347 682 382 omnibus
700 346 887 394 arreragiis
905 351 941 381 et
959 346 1156 381 defectibus
1174 347 1213 382 in
1230 347 1356 394 quibus
1374 349 1475 384 nobis
1493 352 1646 399 capitulo

155 413 190 443 et
208 405 347 443 ecclefie
362 405 477 441 nostre
492 404 706 441 tenebantur
720 404 859 439 ratione
873 403 1051 439 subtracte
1065 403 1240 452 penfionis
1256 417 1374 440 annue
1392 419 1498 452 quam
1516 408 1648 444 solvere

155 464 330 500 debebant
354 476 421 512 pro
447 469 544 499 terra
569 463 613 498 de
635 461 739 510 Logy
760 461 866 510 juxta
884 459 1063 496 ecclefiam
1082 462 1125 497 de
1146 462 1304 497 Duffhus
1323 481 1331 489 ·
1357 468 1392 497 et
1410 476 1475 510 pro
1494 469 1588 500 terra
1605 467 1648 501 de

155 523 188 558 le
208 521 468 569 Hermitdykys
492 539 499 548 ·
528 526 564 556 et
586 533 651 568 pro
673 518 860 555 fituatione
878 518 937 554 seu
954 519 1157 555 firmatione
1175 519 1372 555 molendini
1390 520 1427 554 in
1445 526 1649 557 tenemento

154 579 272 615 nostro
291 579 335 615 de
353 578 605 626 Uchtyrspyny
623 597 631 605 ·
659 582 696 613 et
714 577 820 612 etiam
839 589 904 624 pro
924 575 1090 612 effufione
1108 576 1287 624 sanguinis
1305 582 1340 612 et
1358 577 1488 625 injuria
1506 579 1650 626 irrigata

153 650 216 686 per
238 637 371 672 dic‘tam
391 635 600 672 Cristianam
622 639 658 670 et
681 634 759 670 suos
778 635 816 669 in
833 632 975 670 ecclefia
994 634 1115 670 Sancti
1136 634 1233 670 Petri
1253 635 1296 670 de
1315 634 1476 670 Duffhus
1501 637 1539 670 in
1565 637 1651 684 vigi-

153 695 200 730 lia
217 693 392 730 Omnium
413 693 629 729 Sanctorum
648 692 810 740 proxime
828 691 999 739 preterita
1014 711 1022 719 ·
1041 692 1144 727 nobis
1158 698 1193 727 et
1207 691 1347 728 ecclefie
1362 692 1477 738 nostre
1491 694 1651 741 predi&e

153 752 310 800 plenarie
329 751 556 787 satisfecerint
575 769 583 778 ·
606 750 740 785 idcirco
758 762 902 784 omnem
922 749 1131 784 sententiam
1149 749 1429 797 sequestrationis
1447 749 1575 798 sayfine
1593 752 1650 787 seu

153 809 360 858 privationis
377 807 402 844 fi
419 822 525 856 quam
544 808 588 844 de
601 807 685 857 jure
703 807 761 843 vel
779 808 823 843 de
841 807 938 842 faeto
964 807 1111 843 tulimus
1138 813 1264 842 contra
1286 807 1426 843 eosdem
1452 808 1555 856 super
1582 809 1651 844 dic-

152 868 196 903 tis
222 868 326 903 terris
351 867 409 902 vel
437 866 645 902 molendino
672 865 816 913 penitus
844 877 1053 900 revocamus
1079 882 1088 892 ·
1121 865 1246 900 dantes
1277 870 1312 900 et
1343 865 1580 902 concedentes
1608 867 1651 901 de

152 925 338 961 voluntate
365 930 401 960 et
426 924 559 960 affensu
585 923 731 972 capituli
757 922 866 958 nostri
893 923 988 969 quod
1017 922 1104 957 ᾶίἇὶί
1126 922 1196 957 ·W·
1216 923 1260 958 de
1280 922 1436 958 Fedreth
1454 929 1489 958 et
1508 923 1653 959 domina

153 982 326 1019 Cristiana
357 987 392 1018 et
422 982 529 1017 etiam
559 981 708 1017 heredes
739 980 893 1029 ejusdem
924 979 1095 1016 Cristiane
1126 980 1279 1016 habeant
1309 986 1456 1017 teneant
1486 987 1522 1017 et
1552 980 1652 1030 pofli-

153 1041 261 1076 deant
279 1040 315 1075 in
333 1045 546 1088 perpetuum
564 1040 614 1074 ita
630 1039 788 1087 plenarie
806 1038 951 1086 pacifice
978 1043 1013 1073 et
1037 1039 1156 1085 quiete
1182 1039 1361 1086 predi&as
1386 1044 1499 1074 terras
1523 1047 1558 1075 et
1579 1053 1653 1076 mo-

153 1098 339 1134 lendinum
366 1097 453 1133 ficut
477 1110 541 1145 per
567 1097 720 1144 aliquam
747 1102 881 1131 cartam
906 1094 1071 1144 seyfinam
1098 1096 1155 1132 vel
1182 1096 1461 1133 infeodationem
1485 1111 1550 1145 pro
1575 1104 1652 1134 rata

153 1156 326 1204 portionis
352 1156 565 1191 hereditarie
592 1168 698 1202 quam
723 1154 855 1189 habent
872 1154 929 1189 vel
954 1154 1130 1190 habebant
1148 1155 1184 1189 in
1203 1161 1410 1205 tenemento
1429 1155 1473 1191 de
1493 1156 1652 1192 Duffhus

152 1214 271 1261 aliquo
298 1220 459 1262 tempore
483 1213 622 1261 plenius
646 1217 682 1248 et
705 1212 859 1259 quietius
882 1212 1085 1247 habuerunt
1108 1217 1304 1247 tenuerunt
1320 1212 1379 1248 vel
1396 1213 1624 1260 possederunt
1642 1234 1650 1242 ·

154 1272 356 1307 Reddendo
375 1271 458 1306 inde
476 1270 661 1306 annuatim
682 1269 785 1305 nobis
802 1274 838 1304 et
855 1269 1104 1304 suecefforibus
1123 1269 1248 1304 nostris
1266 1270 1355 1305 duos
1374 1270 1502 1306 solidos
1519 1270 1652 1307 sterlin-

152 1342 280 1377 gorum
300 1329 337 1364 in
354 1328 439 1364 festo
457 1328 651 1363 nativitatis
668 1327 762 1362 beati
779 1326 954 1363 Johannis
974 1326 1126 1375 Baptiste
1155 1347 1163 1354 ·
1194 1333 1229 1362 et
1254 1327 1417 1363 faciendo
1438 1328 1651 1364 forinsecum

153 1386 334 1422 servitium
361 1386 498 1421 domini
518 1385 627 1433 Regis
651 1383 675 1419 fi
701 1384 797 1432 quod
824 1384 868 1419 ad
895 1384 1008 1419 di&as
1034 1390 1146 1420 terras
1172 1385 1348 1432 pertineat
1367 1405 1375 1412 ·
1406 1385 1652 1422 Promittimus

153 1445 259 1480 etiam
278 1444 374 1491 quod
395 1456 461 1479 nos
486 1449 521 1479 et
544 1443 751 1478 succeffores
777 1441 886 1477 nostri
907 1442 1058 1490 episcopi
1076 1442 1285 1490 supradictis
1303 1442 1485 1478 Willelmo
1504 1449 1539 1479 et
1558 1444 1651 1480 Cris-

152 1502 247 1538 tiane
267 1507 302 1537 et
319 1501 509 1537 heredibus
529 1500 683 1549 ejusdem
703 1499 875 1536 Cristiane
893 1500 1025 1535 erimus
1042 1500 1080 1535 in
1091 1499 1175 1548 jure
1193 1500 1254 1535 suo
1269 1500 1490 1536 consulentes
1504 1507 1540 1536 et
1556 1501 1652 1537 favo-

154 1559 282 1595 rabiles
300 1578 309 1587 ·
339 1559 384 1594 In
408 1559 509 1607 cujus
535 1559 587 1594 rei
613 1557 851 1593 testimonium
878 1555 1029 1605 figillum
1056 1557 1213 1592 nostrum
1237 1558 1457 1593 autenticum
1480 1571 1553 1593 una
1570 1571 1651 1594 cum

154 1617 336 1652 communi
363 1615 474 1664 sigillo
499 1616 645 1664 capituli
668 1615 776 1651 nostri
801 1615 951 1663 presenti
974 1620 1070 1651 carte
1089 1614 1137 1650 est
1153 1615 1344 1663 appensum
1364 1634 1373 1643 ·
1401 1615 1538 1651 Datum
1556 1617 1651 1665 apud

156 1674 356 1722 Kynnedor
382 1674 419 1708 in
438 1674 601 1710 moravia
622 1673 678 1708 die
698 1672 839 1708 Sabbati
861 1673 1025 1721 proximo
1047 1678 1130 1708 ante
1153 1672 1277 1708 festum
1304 1671 1479 1708 Omnium
1503 1673 1651 1710 83ῃᾶὶο-

153 1744 233 1767 rum
253 1751 261 1759 -
280 1744 375 1766 anno
395 1731 546 1766 Domini
562 1729 743 1768 ‹oillefimo
763 1734 839 1766 ·cc⁰·
860 1729 1087 1778 nonagesimo
1105 1735 1233 1777 quarto
1253 1750 1261 1758 ·
1297 1730 1459 1766 Testibus
1480 1731 1651 1779 magistris

153 1788 334 1824 Willelmo
366 1788 410 1824 de
442 1788 598 1824 Creswel
628 1787 839 1823 cancellario
876 1806 885 1815 ·
929 1787 1096 1824 Johanne
1127 1787 1376 1824 archidiacono
1407 1788 1621 1825 moraviensi
1639 1809 1647 1817 ·

123 1844 126 1846 ’
154 1845 274 1882 Adam
294 1846 338 1881 de
356 1845 536 1894 Dyktoun
555 1865 563 1873 -
596 1845 744 1892 Rogero
773 1845 817 1881 de
845 1845 1023 1894 Inuernys
1051 1845 1193 1881 officiali
1222 1845 1435 1882 (Doravienfi
1458 1865 1466 1874 ·
1497 1847 1649 1883 dominis

156 1903 314 1951 Hugone
331 1903 567 1951 prebendario
587 1903 630 1938 de
649 1903 682 1938 le
701 1905 788 1950 moy
807 1921 815 1930 ·
850 1902 1012 1939 Roberto
1029 1903 1163 1939 vicario
1181 1903 1225 1939 de
1244 1903 1403 1939 Duffhus
1422 1923 1430 1932 ·
1450 1909 1486 1940 et
1503 1904 1648 1941 maliseo

153 1960 284 1996 vicario
303 1961 347 1996 de
366 1960 519 1995 Dalcors
538 1980 546 1988 -
566 1966 602 1996 et
620 1959 741 1995 multis
758 1959 835 1995 aliis
849 1978 858 1987 ·

155 2131 293 2167 Littera
310 2131 447 2167 domini
466 2131 512 2168 ·J·
532 2131 576 2167 de
595 2131 767 2180 Spalding
785 2151 793 2160 ·

60 2247 128 2280 132
156 2243 334 2281 Univerfis
362 2245 504 2294 presens
534 2246 701 2294 scriptum
731 2246 942 2295 inspecturis
969 2246 1154 2284 Johannes
1184 2247 1228 2283 de
1257 2247 1428 2296 Spalding
1457 2247 1646 2283 canonicus

155 2301 382 2339 moraviensis
408 2303 664 2351 prebendarius
691 2303 736 2340 de
762 2304 894 2340 Duffus
921 2304 1069 2341 salutem
1094 2305 1133 2340 in
1157 2305 1319 2341 Domino
1338 2324 1347 2333 ·
1383 2304 1565 2340 Noveritis
1590 2318 1646 2341 me

922 2374 946 2398 Τ
