2066 2780
565 125 880 161 REGISTRUM
908 125 1268 162 MORAVIENSE.
1615 133 1662 165 45

171 225 381 263 venerabilis
397 224 464 259 viri
483 223 591 259 Bricii
610 221 842 259 moraviensis
861 223 1011 270 episcopi
1028 223 1227 259 fundatoris
1238 224 1350 260 vestre
1365 226 1505 262 ecclefie
1520 229 1660 265 eviden—

170 290 225 320 ter
251 282 437 319 didicimus
463 281 618 316 eundem
644 279 857 328 Episcopum
883 280 922 315 in
948 279 1091 316 ecclesia
1117 280 1248 316 Sanete
1266 281 1453 317 Trinitatis
1477 285 1519 320 de
1542 286 1661 334 Spyny

170 341 254 376 oeto
268 339 458 375 canonicos
471 338 681 374 constituisse
697 343 732 373 et
746 338 790 373 ad
804 350 930 373 eorum
943 336 1228 373 sustentationem
1247 338 1362 373 eidem
1379 339 1518 376 ecclesie
1533 342 1662 378 Sane'te

170 396 355 432 Trinitatis
373 396 417 432 de
437 396 557 444 Spyny
575 396 660 431 06ὶο
679 395 877 443 prebendas
895 393 1072 442 affignaffe
1101 414 1110 422 ·
1142 408 1248 442 quam
1266 394 1443 431 ecclesiam
1461 410 1541 433 cum
1560 411 1662 435 cano-

167 454 255 490 nicis
273 460 308 490 et
325 453 514 502 prebendis
528 453 578 489 eis
591 452 768 501 assignatis
786 452 880 488 idem
895 452 1088 500 Episcopus
1106 452 1286 488 constituit
1302 453 1340 488 in
1359 454 1522 489 omnibus
1535 455 1662 491 eisdem

167 512 396 559 dignitatibus
432 510 653 547 libertatibus
690 515 725 546 et
761 509 1044 545 immunitatibus
1071 510 1235 558 gaudere'
1262 510 1389 557 quibus
1415 510 1556 547 ecclesia
1578 512 1661 548 Lin-

165 568 350 605 colnienfis
381 574 416 605 et
441 569 604 604 canonici
629 568 706 617 ejus
732 573 768 604 et
794 567 974 615 prebende
1002 568 1160 615 gaudere
1185 568 1382 604 noscuntur
1414 588 1421 596 ·
1453 568 1549 611 Quia
1575 583 1661 606 vero

166 627 379 674 dignitatum
399 646 408 654 ·
427 626 632 662 libertatum
652 645 660 654 ·
676 625 945 661 immunitatum
964 630 1000 660 et
1017 625 1315 661 consuetudinum
1334 624 1475 662 ecclesie
1493 626 1609 662 nostre
1627 634 1662 663 et

166 685 421 720 canonicorum
440 689 475 720 et
492 684 756 732 prebendarum
774 681 877 731 ipfius
894 682 973 718 satis
986 682 1129 731 plenam
1143 683 1308 718 notitiam
1321 696 1396 718 non
1409 683 1545 719 habetis
1564 703 1572 711 -
1586 697 1663 732 pre-

166 742 282 777 ᾱὶὲὶοε
300 741 490 777 Decanum
508 747 543 777 et
562 741 826 778 Cancellarium
849 753 915 788 pro
936 739 1160 787 inquisitione
1186 741 1433 788 predifiwrum
1460 741 1663 789 diligentius

164 799 326 835 facienda
342 800 388 835 ad
406 812 472 835 nos
490 798 663 835 destinare
681 798 823 835 curastis
842 818 850 826 ·
870 803 1038 846 rogantes
1055 798 1226 834 attentius
1239 803 1280 834 ut
1293 811 1358 846 per
1375 799 1556 846 pre-dustos
1573 812 1663 835 nun-

165 857 237 892 cios
255 856 387 892 vestros
405 862 441 893 et
457 857 577 893 literas
591 856 736 905 capituli
755 855 864 892 nostri
882 869 945 891 vos
963 856 1065 904 super
1078 856 1249 904 prediEtis
1267 856 1542 892 certificaremus
1560 876 1569 884 ·
1589 858 1663 904 qui-

165 915 230 949 bus
247 914 285 949 in
303 915 458 962 capitulo
473 914 592 950 nostro
607 914 804 950 constitutis
829 934 838 941 ·
866 919 901 949 et
919 927 984 961 pro
1003 914 1149 961 negotio
1168 912 1228 949 fibi
1246 914 1411 963 injun&o
1430 927 1451 949 a
1467 914 1569 950 nobis
1587 914 1663 950 dili-

165 972 306 1019 gentius
324 972 631 1020 interpellantibus
650 991 658 1000 ·
675 972 795 1007 habito
814 971 971 1007 tractatu
990 985 1071 1007 cum
1089 972 1256 1007 fratribus
1273 972 1376 1020 super
1392 972 1459 1007 hiis
1474 972 1517 1008 de
1535 972 1662 1020 quibus

165 1042 313 1077 querere
328 1029 564 1066 decreverunt
582 1034 618 1065 et
635 1029 798 1065 dubitare
816 1030 1031 1066 videbantur
1058 1049 1066 1057 ·
1099 1035 1237 1065 certum
1256 1035 1292 1065 et
1309 1029 1550 1065 indubitatum
1566 1030 1661 1065 dedi-

165 1100 243 1122 mus
257 1087 459 1135 responsum
474 1107 482 1115 ·
501 1086 656 1135 singulos
667 1087 836 1122 articulos
849 1087 892 1122 ab
907 1087 1036 1123 eisdem
1050 1087 1190 1122 nunciis
1203 1086 1399 1135 propofitos
1418 1093 1490 1122 tam
1508 1087 1661 1123 fideliter

164 1158 270 1192 quam
280 1145 454 1180 veraciter
465 1145 684 1180 absolventes
692 1164 699 1171 ·
710 1144 755 1179 In
766 1145 893 1191 quibus
903 1144 971 1179 hoc
985 1144 1141 1191 primum
1155 1143 1267 1179 vestre
1282 1144 1483 1180 discretioni
1495 1145 1661 1181 duximus

164 1202 421 1238 notificandum
446 1221 454 1230 ·
482 1202 578 1249 quod
597 1201 763 1237 dominus
781 1201 974 1249 Episcopus
991 1200 1108 1236 noster
1136 1220 1144 1228 ·
1174 1201 1338 1248 quotiens
1355 1202 1582 1249 personatum
1600 1202 1660 1238 ali-

163 1273 268 1307 quem
286 1259 344 1295 vel
362 1259 580 1307 prebendam
597 1259 635 1294 in
653 1256 795 1294 ecclefia
817 1258 935 1294 nostra
952 1271 1078 1294 vacare
1103 1258 1294 1306 contigerit
1323 1277 1331 1285 ·
1356 1272 1434 1294 eam
1457 1259 1494 1294 in
1520 1272 1660 1295 camera

162 1317 222 1353 sua
238 1317 296 1353 vel
313 1317 517 1364 ubicunque
534 1316 691 1352 voluerit
719 1335 728 1343 ·
756 1314 825 1352 five
843 1328 906 1363 per
927 1328 1055 1364 panem
1082 1313 1150 1351 five
1173 1328 1237 1363 per
1260 1315 1390 1351 librum
1409 1316 1467 1351 vel
1485 1316 1555 1352 alio
1573 1330 1659 1364 quo-

161 1375 247 1410 libet
266 1375 374 1410 modo
401 1394 409 1402 ·
436 1374 496 1410 sua
513 1374 728 1409 auctoritate
746 1392 755 1401 ·
774 1386 848 1408 non
866 1371 1031 1420 requisito
1050 1372 1219 1409 consensu
1237 1373 1382 1421 capituli
1401 1392 1409 1400 ·
1428 1374 1486 1409 cui
1503 1374 1658 1410 voluerit

161 1432 292 1468 idoneo
310 1437 431 1467 tamen
449 1431 612 1482 conferre
631 1430 744 1479 potest
762 1450 770 1458 ·
787 1436 936 1479 excepto
951 1430 1024 1466 solo
1038 1431 1213 1466 decanatu
1228 1450 1236 1458 ·
1252 1444 1323 1478 quo
1336 1435 1485 1466 vacante
1502 1431 1547 1466 ad
1565 1433 1657 1480 capi-

161 1489 277 1525 tulum
295 1490 452 1537 pertinet
470 1489 594 1525 decani
612 1489 663 1524 sui
677 1488 806 1524 ele6fio
828 1508 835 1516 ·
856 1488 1017 1536 episcopo
1029 1493 1149 1524 tamen
1163 1488 1265 1537 super
1279 1489 1345 1523 hiis
1358 1489 1455 1536 prius
1468 1487 1633 1536 requifito
1648 1509 1655 1516 ·

161 1547 374 1583 eled'fionem
399 1560 485 1582 vero
509 1547 634 1583 decani
660 1560 681 1582 a
707 1546 863 1594 capitulo
883 1546 1094 1581 celebratam
1112 1551 1226 1581 ratam
1244 1546 1374 1581 habere
1398 1551 1541 1582 tenetur
1559 1546 1655 1594 Epis-

160 1618 271 1653 copus
289 1609 324 1640 et
341 1605 581 1652 presentatum
599 1603 658 1639 fibi
682 1617 703 1639 a
727 1604 881 1652 capitulo
901 1603 1048 1639 omnino
1066 1603 1254 1639 admittere
1274 1622 1282 1631 ·
1301 1602 1364 1638 nifi
1382 1603 1530 1651 persone
1548 1603 1654 1639 61θᾶὶί

160 1662 406 1698 rationabilem
425 1662 562 1697 causam
580 1660 787 1709 repulsionis
806 1661 934 1697 obiciat
949 1680 958 1689 ·
971 1660 1141 1696 Decanus
1154 1666 1273 1696 autem
1286 1661 1461 1709 Episcopo
1479 1661 1654 1709 presenta-

110 1766 112 1768 .
158 1725 216 1755 tus
242 1725 278 1755 et
303 1720 346 1755 ab
370 1719 544 1767 Episcopo
563 1719 727 1754 admifl'us
745 1718 941 1754 installetur
958 1719 1001 1754 ab
1020 1718 1194 1767 Episcopo
1212 1718 1270 1754 vel
1288 1731 1309 1753 a
1326 1719 1482 1766 capitulo
1518 1738 1526 1746 ·
1565 1718 1653 1761 Qui-

158 1777 243 1813 libet
267 1782 387 1813 autem
409 1777 498 1812 alius
517 1777 709 1813 canonicus
726 1775 908 1825 postquam
927 1774 1185 1812 conceffionem
1203 1776 1339 1811 domini
1358 1776 1522 1824 Episcopi
1543 1776 1651 1812 habu-

158 1835 226 1870 erit
243 1835 287 1870 de
305 1834 493 1883 personatu
514 1835 632 1882 aliquo
651 1834 709 1870 vel
726 1834 908 1882 prebenda
925 1854 934 1862 ·
949 1834 1068 1870 literas
1082 1833 1246 1882 Episcopi
1260 1834 1305 1869 ad
1319 1834 1494 1870 decanum
1512 1834 1650 1870 deferre

157 1892 339 1928 consuevit
357 1893 401 1928 de
419 1891 648 1940 assignatione
675 1891 762 1927 stalli
788 1892 826 1927 in
851 1892 962 1928 choro
988 1896 1024 1928 et
1049 1891 1119 1927 loci
1144 1892 1182 1927 in
1208 1891 1364 1940 capitulo
1391 1892 1423 1927 ei
1448 1892 1609 1928 facienda
1640 1911 1648 1919 ·

158 1949 326 1985 Decanus
344 1956 463 1986 autem
482 1963 563 1986 eum
581 1950 739 1986 instituet
756 1963 838 1985 cum
855 1954 957 1986 textu
976 1949 1151 1998 evangelii
1181 1968 1189 1978 ·
1219 1949 1398 1985 canonicis
1421 1949 1648 1998 psallentibus

156 2007 256 2043 Ecce
268 2020 379 2055 quam
392 2008 529 2044 bonum
540 2013 605 2043 etc·
617 2013 652 2043 et
664 2008 799 2044 decano
811 2007 952 2044 dicente
962 2007 1161 2044 orationem
1172 2006 1359 2043 Actiones
1371 2012 1522 2044 nostras
1534 2012 1599 2044 etc·
1613 2012 1647 2043 et

155 2064 273 2111 postea
290 2078 311 2100 a
329 2066 464 2101 decano
482 2065 715 2101 installabitur
746 2084 755 2093 ·
787 2064 945 2101 Absente
966 2070 1086 2101 autem
1103 2065 1238 2114 majore
1266 2065 1402 2101 decano
1428 2064 1646 2101 subdecanus

155 2122 212 2157 vel
238 2122 267 2158 is
294 2123 351 2158 cui
373 2124 528 2159 decanus
554 2123 736 2159 mandabit
758 2123 795 2158 id
818 2123 1029 2171 exsequatur
1048 2142 1056 2151 ·
1076 2122 1278 2159 Installatus
1295 2123 1488 2159 canonicus
1505 2127 1646 2170 recepta

155 2179 253 2226 prius
276 2193 467 2216 communa
491 2179 635 2229 fingulis
661 2180 839 2217 canonicis
862 2181 921 2217 sex
939 2181 1103 2218 denarios
1121 2181 1218 2217 dabit
1235 2181 1281 2217 ad
1297 2181 1422 2217 vinum
1440 2192 1644 2228 comparan-

157 2236 241 2271 dum
260 2237 297 2272 in
315 2238 372 2275 die
390 2239 449 2275 sue
467 2238 710 2275 installationis
727 2258 736 2267 ·
765 2238 926 2281 Quilibet
942 2244 1062 2276 autem
1081 2239 1272 2276 canonicus
1290 2239 1496 2275 fidelitatem
1508 2236 1643 2285 jurabit
