2060 2660
339 174 409 209 156
735 173 1050 210 REGISTRUM
1080 173 1197 211 MOR
1205 172 1443 210 AVIENSE.

340 330 397 366 De
415 329 611 367 visitatione
631 331 772 367 Domus
791 332 835 367 de
855 330 1074 379 Pluskardyn
1092 349 1099 357 ·

240 447 308 482 139
338 445 383 480 In
402 446 548 482 nomine
568 446 718 482 Domini
736 459 840 482 amen
861 465 869 474 ·
888 458 984 481 anno
1004 443 1256 480 incarnationis
1281 442 1436 490 ejusdem
1461 445 1707 480 ·m⁰·ccc⁰·xlv⁰·
1727 446 1837 482 indic-

334 503 434 539 tione
458 504 541 540 ·xiv·
567 504 794 553 pontificatus
823 501 1023 538 san&iffimi
1046 503 1082 536 in
1102 499 1242 537 Christo
1260 500 1370 548 patris
1387 513 1428 535 ac
1447 500 1583 536 domini
1602 502 1738 539 domini
1757 504 1837 540 Cle-

335 561 463 597 mentis
488 575 579 610 pape
601 562 687 598 sexti
706 574 801 597 anno
820 566 947 608 quarto
968 579 976 587 ·
997 558 1160 595 vicesimo
1180 558 1236 593 die
1255 556 1380 593 menfis
1395 557 1566 594 Ofilmbris
1585 579 1593 587 ·
1618 560 1656 596 in
1680 562 1836 610 capitulo

334 619 529 655 cathedrali
554 619 695 655 ecclesie
717 616 946 656 moraviensis
965 637 974 645 ·
1000 617 1037 652 in
1063 615 1238 664 presentia
1261 616 1543 652 reverendorum
1560 617 1599 653 in
1617 618 1757 655 Christo
1778 633 1836 668 pa-

333 683 429 712 trum
457 677 685 713 dominorum
711 676 886 714 Johannis
912 680 948 711 et
977 673 1147 710 Richardi
1175 673 1247 708 Dei
1274 673 1389 721 gratia
1412 674 1644 711 moraviensis
1670 682 1706 712 et
1732 677 1836 713 Dun-

332 733 506 770 keldenfis
524 734 747 771 ecclesiarum
766 734 1010 782 episcoporum
1038 751 1046 759 ·
1075 731 1306 766 dominorum
1331 731 1456 767 decani
1483 738 1519 768 et
1545 734 1690 782 capituli
1717 737 1835 772 (Dora-

331 791 457 828 viensis
481 798 517 828 et
540 793 610 829 mei
634 792 763 828 notarii
780 791 911 840 publici
931 789 1140 837 infrascripti
1159 789 1334 837 presentia
1351 794 1387 825 et
1404 789 1543 826 testium
1561 791 1832 841 subscriptorum

332 850 562 898 personaliter
589 850 767 886 constituti
795 849 929 885 domini
955 848 1140 885 Johannes
1162 845 1257 893 Wyfi
1283 847 1382 895 prior
1407 853 1443 883 et
1468 847 1587 884 Adam
1606 851 1834 887 marescallus

332 907 493 956 subprior
512 928 520 936 ·
550 908 749 944 willelmus
776 907 820 942 de
847 907 1023 953 Inuernys
1050 911 1086 941 et
1111 904 1232 940 Adam
1251 904 1361 952 Yung
1387 906 1552 941 monachi
1579 907 1706 944 domus
1732 910 1834 945 vallis

332 966 454 1001 83ηὸὶί
486 966 634 1002 Andree
666 966 710 1001 de
743 964 938 1012 Pluskardy
969 961 1201 1000 moraviensis
1231 962 1421 1010 dyoceseos
1447 977 1468 999 a
1494 965 1658 1012 predid‘fw
1686 967 1833 1003 domino

331 1023 505 1072 Episcopo
524 1024 686 1060 moravie
709 1023 746 1058 in
771 1023 904 1058 virtute
924 1022 1045 1057 sanfioe
1069 1020 1273 1057 obedientie
1296 1027 1332 1056 et
1355 1021 1416 1056 sub
1439 1035 1531 1070 pena
1548 1025 1834 1062 excommunica-

329 1081 436 1116 tionis
455 1081 612 1129 legitime
630 1081 756 1116 moniti
775 1086 810 1116 et
828 1079 1040 1128 interrogati
1066 1085 1106 1115 ut
1130 1079 1233 1128 super
1256 1079 1413 1115 articulis
1438 1079 1664 1129 infrascriptis
1689 1082 1831 1131 plenam

329 1139 488 1174 dicerent
509 1139 695 1174 veritatem
715 1158 723 1167 ·
750 1138 873 1187 sponte
899 1136 1042 1173 confeffi
1069 1137 1150 1173 sunt
1176 1142 1212 1173 et
1238 1143 1529 1185 recognoverunt
1555 1140 1651 1186 quod
1675 1153 1697 1175 a
1719 1142 1833 1189 prima

328 1197 538 1232 fundatione
557 1196 652 1232 dicte
671 1197 799 1232 domus
816 1196 860 1232 de
876 1196 1068 1244 Pluscardy
1082 1194 1168 1231 ficut
1182 1209 1202 1231 a
1216 1195 1284 1231 suis
1296 1195 1598 1243 predecessoribus
1616 1198 1807 1235 audierunt
1823 1220 1831 1227 ·

327 1261 362 1290 et
381 1254 449 1289 suis
466 1254 685 1302 temporibus
703 1255 809 1290 etiam
828 1254 896 1290 hoc
914 1254 1084 1290 viderunt
1112 1273 1120 1281 ·
1151 1253 1302 1302 episcopi
1324 1254 1566 1290 moravienses
1583 1256 1644 1303 qui
1661 1269 1728 1304 pro
1745 1262 1832 1293 tem-

325 1325 412 1361 pore
436 1312 582 1348 fuerunt
604 1312 908 1360 quotienscunque
930 1312 1119 1348 videbatur
1146 1312 1195 1348 eis
1222 1312 1413 1360 expediens
1441 1312 1642 1349 habuerunt
1669 1320 1705 1350 et
1730 1320 1831 1351 tenu-

325 1376 431 1406 erunt
449 1376 485 1406 et
503 1375 742 1406 exercuerunt
760 1369 994 1406 visitationem
1014 1376 1049 1406 et
1068 1370 1331 1406 correfifionem
1357 1390 1365 1398 ·
1392 1369 1647 1407 institutionem
1672 1378 1708 1408 et
1732 1372 1831 1409 desti-

325 1429 501 1464 tutionem
529 1429 565 1463 in
593 1429 755 1476 predis&
782 1430 890 1465 domo
918 1428 1096 1478 prioribus
1123 1434 1159 1464 et
1187 1427 1354 1463 fratribus
1382 1427 1537 1476 ejusdem
1567 1448 1575 1456 ·
1604 1435 1640 1465 et
1664 1443 1830 1477 procura-

325 1487 441 1522 tiones
466 1492 679 1534 receperunt
707 1506 715 1514 ·
744 1487 952 1535 nullamque
976 1487 1240 1535 exemptionem
1269 1486 1327 1521 seu
1356 1486 1582 1534 privilegium
1611 1493 1737 1524 contra
1765 1489 1829 1525 hec

328 1545 360 1580 se
391 1544 544 1580 habuisse
570 1545 628 1580 vel
656 1545 787 1581 habere
818 1550 1110 1593 recognoverunt
1137 1545 1242 1580 Prior
1272 1550 1307 1579 et
1338 1544 1504 1579 monachi
1534 1544 1727 1593 supradi6fi
1754 1565 1762 1575 ·
1795 1554 1830 1582 et

326 1603 422 1650 quod
442 1603 477 1637 in
498 1600 700 1651 possessione
725 1609 761 1639 et
784 1604 955 1639 exercitio
973 1603 1220 1651 predi6torum
1240 1602 1401 1637 omnium
1421 1603 1661 1639 moravienses
1679 1603 1828 1653 episcopi

326 1659 452 1708 singuli
475 1660 542 1695 suis
563 1661 782 1709 temporibus
808 1662 888 1697 sunt
915 1667 950 1697 et
976 1662 1123 1697 fuerunt
1146 1674 1167 1696 a
1194 1666 1354 1709 tempore
1383 1660 1427 1696 de
1455 1673 1526 1708 quo
1555 1662 1728 1697 memoria
1754 1674 1829 1698 non

327 1718 441 1754 existit
455 1738 463 1746 ·
483 1718 663 1754 Dominus
682 1719 787 1754 etiam
804 1719 1005 1755 Willelmus
1020 1720 1064 1755 de
1080 1719 1292 1767 Longovico
1307 1718 1503 1754 monachus
1519 1718 1703 1754 Remundi
1715 1719 1829 1755 Vallis

327 1774 504 1812 Tullensis
526 1776 713 1824 dyoceseos
737 1777 872 1812 ordinis
889 1777 1004 1813 Vallis
1027 1777 1194 1815 Caulium
1223 1776 1376 1812 nuncius
1403 1782 1438 1811 et
1464 1782 1676 1824 procurator
1700 1777 1829 1826 prioris

327 1835 455 1870 domus
473 1833 586 1870 Vallis
605 1834 773 1870 Caulium
794 1834 1026 1883 Lingonensis
1044 1835 1232 1884 dyoceseos
1250 1840 1291 1870 ut
1310 1834 1379 1882 ipse
1397 1833 1581 1870 dicebatur
1599 1834 1636 1870 in
1654 1835 1829 1883 presentia

326 1892 571 1940 predi6torum
597 1893 875 1928 reverendorum
895 1894 932 1928 in
952 1893 1091 1930 Christo
1111 1898 1253 1942 patrum
1277 1898 1313 1928 et
1335 1892 1404 1928 mei
1422 1892 1553 1927 notarii
1571 1892 1704 1940 publici
1722 1893 1828 1929 infra-

327 1950 444 1998 scripti
458 1956 493 1986 et
508 1949 645 1985 testium
661 1950 932 1999 subscriptorum
952 1951 1184 2000 personaliter
1197 1950 1407 1986 constitutus
1421 1955 1457 1985 et
1472 1950 1711 1998 interrogatus
1725 1950 1827 1999 super

326 2008 482 2043 articulis
509 2008 735 2056 infrascriptis
762 2008 883 2056 sponte
912 2010 1084 2045 consessus
1113 2008 1161 2045 est
1188 2015 1224 2044 et
1253 2007 1464 2056 recognovit
1491 2008 1588 2055 quod
1616 2008 1767 2056 episcopi
1791 2015 1826 2045 et

325 2066 574 2114 archiepiscopi
589 2066 774 2114 dyocesani
789 2072 860 2101 tam
877 2067 912 2101 in
928 2066 1123 2102 Almannia
1137 2080 1243 2114 quam
1262 2067 1298 2101 in
1317 2066 1393 2101 aliis
1411 2065 1569 2113 partibus
1587 2065 1826 2101 transmarinis

324 2124 359 2158 in
379 2137 533 2171 quorum
552 2122 758 2172 dyocyfibus
777 2124 903 2159 domus
922 2125 1057 2159 ordinis
1072 2124 1186 2160 Vallis
1205 2123 1374 2160 Caulium
1392 2121 1452 2158 site
1470 2122 1550 2158 sunt
1572 2122 1744 2158 hactenus
1767 2124 1826 2159 ha-

324 2181 481 2216 buerunt
499 2187 535 2217 et
553 2180 685 2216 habent
703 2179 826 2228 singuli
847 2182 883 2216 in
902 2182 969 2216 suis
989 2180 1183 2230 dyocisibus
1202 2180 1435 2217 visitationem
1454 2186 1490 2216 et
1507 2180 1768 2216 correctionem
1788 2182 1824 2217 in

325 2239 488 2274 domibus
513 2238 721 2287 supradi6lis
745 2258 753 2266 ·
778 2252 818 2274 ac
841 2239 946 2274 ctiam
966 2240 1234 2288 procurationes
1258 2243 1471 2287 receperunt
1497 2244 1531 2273 et
1559 2238 1736 2286 recipiunt
1755 2259 1762 2266 ·
1791 2246 1826 2274 et
