1998 2820
942 179 1023 203 XVII

228 269 302 301 270.
327 266 438 298 Litera
452 265 552 307 Regis
567 276 626 308 pro
642 264 716 295 Ada
731 264 770 295 de
787 264 997 306 Hadyngton.
1033 267 1123 297 1390.
1144 268 1174 306 f.
1196 268 1266 297 105.

226 321 300 351 271.
325 317 494 349 Sententia
514 317 553 347 de
578 316 729 347 Eufamia
749 315 904 346 comitiffa
928 316 967 347 de
989 316 1058 347 Ros
1082 315 1277 347 restituenda
1302 318 1429 356 marito,
1452 325 1484 350 et
1500 320 1640 353 Mal-iota
1660 322 1726 354 filia

227 370 340 411 Athyn
355 368 543 400 amovenda.
579 370 670 399 1389.
690 366 720 404 fi
742 369 812 397 101.

225 422 299 454 272.
323 420 505 451 Conventio
520 419 605 449 inter
618 418 776 449 Comitem
789 418 935 448 Moravie
951 422 983 448 et
995 417 1220 448 Alexandrum
1236 418 1275 448 de
1291 418 1419 451 Infulis.
1453 422 1545 453 1394.
1562 423 1592 460 fi
1613 425 1680 455 108.

225 474 298 502 273.
324 470 507 512 Refignatio
524 470 647 500 Thome
662 469 787 499 Prioris
803 469 841 499 de
857 468 1067 510 Pluscardyn.
1102 471 1194 500 1398.
1214 468 1247 506 f.
1265 471 1317 500 58.

225 525 299 553 274.
325 522 501 553 Decretum
517 520 681 552 electionis
697 520 878 551 Alexandri
894 520 1017 551 Prioris
1033 520 1072 550 de
1088 519 1296 562 Pluscardyn.
1329 523 1422 552 1398.
1445 525 1474 563 f
1492 525 1543 554 58.

225 575 299 606 275.
323 573 514 604 Mandatum
532 573 570 603 de
587 571 741 602 electione
756 571 994 613 proclamanda.
1030 573 1125 602 1398.
1147 572 1176 609 fi
1194 573 1246 601 58.

226 627 299 656 276.
324 624 536 656 Confirmatio
551 623 717 655 electionis
731 623 772 653 ab
790 622 956 665 Episcopo.
993 625 1084 654 1398.
1109 620 1140 658 f.
1157 625 1209 653 59.

554 830 606 873 it·
666 829 884 878 OEatalngi·
905 830 1065 872 tensuit·
1086 828 1303 878 nntttagia·
1327 838 1392 876 eet·

223 984 296 1013 277.
323 980 550 1023 Episcoporum
567 980 818 1012 Moravienfium
836 980 970 1013 nomina
982 993 1055 1013 :—a
1071 981 1203 1014 Simone
1219 983 1258 1014 de
1275 983 1387 1025 Toeny
1402 982 1444 1014 ad
1458 982 1727 1015 consecrationem

223 1033 379 1064 Willelmi
404 1033 443 1064 de
467 1032 591 1075 Spyny,
604 1035 726 1074 fire'pta
741 1044 768 1064 c.
789 1033 871 1065 1397
885 1034 977 1064 ε-αό
992 1034 1073 1065 obitu
1096 1035 1236 1065 Willelmi
1246 1036 1366 1075 scripta
1381 1039 1475 1075 prout
1494 1045 1541 1066 res
1555 1036 1726 1076 poscebant.

213 1087 246 1125 f.
261 1087 314 1116 69.

221 1139 296 1167 278.
321 1136 461 1167 Canonie
489 1141 521 1166 et
547 1135 721 1177 capellanie
749 1134 875 1166 ecclesie
901 1135 1123 1167 Moravienfis.
1151 1138 1271 1178 scripte
1293 1148 1317 1168 c.
1340 1139 1430 1168 1350.
1465 1139 1593 1179 exceptis
1614 1139 1728 1170 duabus

222 1188 398 1228 capellaniis
414 1198 505 1218 manu
521 1190 683 1218 reczntiore
698 1187 824 1218 additis.
846 1190 877 1228 f.
894 1189 946 1219 71.

222 1240 296 1271 279.
321 1238 514 1269 Taxationes
530 1237 759 1269 beneficiorum
775 1237 982 1280 episcopatus.
1014 1250 1041 1269 c.
1062 1241 1155 1270 1350.
1178 1239 1207 1277 fi
1226 1241 1278 1270 68.

223 1292 296 1321 280.
320 1289 568 1320 Procurationcs
584 1289 690 1320 debite
710 1288 874 1331 Episcopo.
905 1301 931 1320 c.
950 1291 1043 1320 1:350.
1067 1288 1097 1326 fi
1115 1291 1166 1321 68.

221 1343 296 1372 281.
322 1341 518 1382 Synodatica
542 1339 750 1382 Episcopatus
777 1352 802 1371 c.
832 1342 923 1370 1350.
949 1342 1078 1381 exceptis
1101 1342 1279 1381 quibasdam
1310 1340 1402 1382 (qnae
1427 1342 1725 1383 numincluduntur)

221 1403 314 1423 mama
329 1394 492 1423 recentz'ote
507 1393 629 1422 additis.
651 1394 680 1432 f
697 1394 748 1423 68.

221 1446 295 1475 282.
321 1444 568 1474 Procurationcs
584 1443 771 1474 recentioris
786 1442 838 1473 evi
853 1453 879 1473 c.
901 1444 993 1473 1400.
1013 1445 1047 1483 f.
1070 1445 1138 1474 100.

223 1498 296 1526 ⁶283.
322 1495 543 1526 collationum
558 1495 597 1525 ad
615 1495 769 1525 fabricam
786 1493 914 1525 ecclefie
929 1494 1147 1525 cathedralem
1163 1494 1338 1536 catalogus.
1368 1506 1393 1526 c.
1415 1496 1507 1526 1350.
1527 1495 1559 1533 ,fi
1572 1496 1622 1528 71.

221 1548 296 1577 284.
324 1546 478 1577 Utensilia
493 1558 512 1576 a
527 1545 717 1577 beneficiato
733 1545 896 1577 successori
911 1545 1113 1577 dimittenda.
1144 1557 1169 1577 c.
1191 1548 1283 1577 1350.
1305 1549 1334 1587 fi
1352 1548 1404 1577 69.

222 1599 295 1629 285.
321 1598 518 1639 Homagium
530 1597 720 1628 aWillelmo
737 1598 775 1627 de
794 1597 918 1628 Fenton
935 1597 974 1628 de
994 1597 1178 1635 Bewfourd,
1193 1596 1348 1640 Episcopo
1363 1597 1495 1629 factum.
1523 1599 1616 1628 1359.
1630 1596 1660 1635 fi
1674 1600 1725 1628 74.

221 1650 295 1680 286.
320 1649 519 1690 Homagium
537 1648 686 1689 Hugonis
703 1648 814 1680 Fraser
830 1648 953 1679 domini
968 1648 1007 1680 de
1023 1649 1159 1680 Loveth.
1195 1651 1286 1680 1367.
1308 1651 1339 1689 s.
1356 1650 1408 1680 74.

221 1702 295 1732 287.
322 1699 575 1730 Instrumentum
591 1699 683 1741 super
699 1700 820 1731 eodem.
858 1702 949 1730 1367.
971 1699 1002 1738 f
1018 1702 1070 1731 80.

221 1752 296 1782 288.
323 1751 519 1792 Homagium
535 1750 715 1781 Alexandri
731 1751 770 1782 de
787 1750 964 1782 Chesolme.
1000 1753 1093 1782 1368.
1110 1749 1140 1787 s]
1160 1753 1209 1784 74.

222 1803 295 1834 289.
319 1803 448 1833 Arresta
464 1801 611 1833 navicule
627 1802 660 1832 in
678 1802 772 1844 Loffy
787 1813 844 1844 per
863 1801 1066 1844 Episcopum.
1101 1804 1192 1834 1383.
1215 1801 1245 1839 fi

223 1855 295 1884 290.
320 1853 373 1884 De
389 1854 510 1884 eadem.
544 1855 637 1884 1383.
658 1853 689 1891 fi
705 1856 757 1884 92.

223 1907 296 1935 291.
322 1905 373 1936 De
389 1905 607 1946 recognitione
623 1905 662 1935 de
678 1904 822 1946 Finross'y
838 1905 872 1935 in
888 1915 1003 1935 manus
1022 1904 1178 1947 Episcopi.
1214 1906 1305 1935 1395.
1327 1905 1357 1944 f.
1379 1906 1449 1935 115.

223 1958 297 1987 292.
324 1956 579 1987 Instrumentum
602 1957 641 1987 de
664 1956 846 1987 obedientia
864 1967 884 1987 a
900 1956 1033 1988 Decano
1055 1956 1141 1987 faeta
1159 1955 1325 1998 Episcopo.
1368 1957 1462 1987 1525.
1497 1956 1600 1998 reqist.
1617 1961 1721 1987 recent.

212 2009 244 2047 f.
264 2010 331 2038 153.

221 2061 294 2090 293.
320 2059 371 2090 De
386 2059 568 2090 obedientia
583 2058 834 2090 canonicorum.
869 2061 961 2090 1526.
991 2060 1094 2099 reyz'st.
1110 2064 1220 2090 recent.
1242 2061 1272 2100 s.
1292 2060 1364 2090 153.

221 2112 296 2141 294.
320 2111 371 2142 De
387 2111 567 2142 obedientia
584 2110 719 2142 Decani.
755 2112 847 2141 1532.
878 2113 981 2152 reqist.
998 2115 1109 2142 recent.
1129 2108 1161 2147 ,fi
1182 2112 1252 2141 154.
