2066 2780
114 1281 160 1317 29

586 137 903 174 REGISTRUM
932 136 1293 174 MORAVIENSE.
1637 145 1682 178 21

193 238 341 275 heredes
357 236 408 272 sui
424 249 490 284 pro
509 235 654 272 decimis
670 235 824 283 preditffi
842 235 921 270 cani
940 254 948 262 ·
968 239 1004 270 et
1020 247 1086 282 pro
1105 235 1267 282 predicta
1283 240 1379 271 terra
1397 237 1440 272 de
1459 251 1527 284 qua
1545 245 1685 275 contro-

193 294 303 332 verfia
316 299 392 330 erat
407 313 415 321 ·
434 293 570 329 solvent
587 292 731 340 singulis
749 293 851 328 annis
868 292 906 327 in
923 297 1136 340 perpetuum
1154 293 1318 340 predicto
1337 293 1497 341 episcopo
1512 301 1547 330 et
1560 296 1686 332 succes-

192 352 325 388 soribus
342 351 410 386 suis
428 351 551 387 decem
570 351 698 386 solidos
716 349 985 397 esterlingorum
1007 349 1177 397 legalium
1205 369 1213 377 ·
1241 350 1469 385 medietatem
1493 351 1621 388 scilicet
1641 354 1686 389 ad

190 408 418 458 pentecosten
430 414 465 444 et
479 409 584 444 aliam
598 408 825 444 medietatem
840 408 886 442 ad
899 406 1023 443 festum
1036 407 1159 443 Samffi
1174 408 1321 444 (Dartini
1339 408 1502 455 proximo
1521 409 1665 456 sequens
1677 430 1684 438 ·

193 466 243 503 Ut
260 471 380 502 autem
398 467 463 502 hec
481 464 688 514 compositio
706 470 784 500 rata
800 472 974 513 perpetuo
992 469 1098 511 atque
1116 464 1319 500 inconcussa
1340 471 1545 512 permaneat
1572 485 1579 493 ·
1607 480 1687 514 pars

188 523 295 572 hujus
318 524 488 572 scripture
510 524 548 559 in
569 524 718 559 modum
741 522 953 571 cyrographi
976 522 1139 557 confefioe
1160 535 1268 570 penes
1288 522 1500 570 Episcopum
1523 528 1557 557 et
1579 523 1687 559 eccle-

187 580 270 617 fiam
290 581 549 617 moraviensem
566 580 720 617 residens
743 578 855 628 figillo
874 579 1027 627 predififi
1046 579 1188 614 Thome
1207 585 1242 614 et
1259 580 1504 627 predi6imrum
1524 579 1687 627 judicum

189 638 434 686 delegatorum
466 638 514 674 est
543 638 681 673 munita
716 657 724 665 ·
760 637 897 684 reliqua
923 649 1009 671 vero
1036 649 1117 684 pars
1146 649 1256 684 penes
1285 636 1422 672 dictum
1449 637 1627 672 Thomam
1654 643 1689 673 et

188 696 335 731 heredes
361 696 440 731 suos
465 695 670 732 remansura
694 693 812 742 figillis
835 694 988 742 predicti
1006 693 1170 741 Episcopi
1192 699 1228 728 et
1250 693 1394 741 capituli
1420 694 1470 728 sui
1497 699 1533 729 et
1560 707 1689 730 eorun-

189 753 270 789 dem
291 753 455 801 judicum
486 752 534 788 est
563 752 732 788 roborata
763 771 771 780 ·
804 751 943 786 Actum
971 764 1066 786 anno
1097 752 1211 798 gratie
1242 756 1477 788 ·co⁰·cc⁰·xxv⁰·
1527 751 1688 787 Testibus

190 809 349 858 Hugone
367 810 617 845 archidiacono
653 829 662 837 ·
693 808 855 857 magistro
876 808 1038 844 Henrico
1056 808 1273 843 thesaurario
1306 827 1314 836 ·
1348 808 1433 843 Ada
1450 808 1648 844 subdecano
1678 828 1686 836 ·

187 867 348 915 magistro
367 868 548 903 Edwardo
572 886 580 895 ·
607 866 769 914 magistro
789 866 972 901 Willelmo
992 865 1163 901 Lambert
1180 866 1385 901 succentore
1408 885 1416 893 ·
1444 871 1479 901 et
1498 867 1658 902 Roberto
1679 886 1686 894 ·

188 925 366 960 canonicis
396 923 674 961 moraviensibus
710 943 719 952 ·
752 923 964 959 Alexandro
995 923 1203 959 vicecomite
1235 924 1279 959 de
1311 923 1431 972 Elgyn
1460 943 1468 951 ·
1505 923 1686 960 Willelmo

188 981 357 1030 Wysman
383 1001 391 1010 ·
419 987 455 1018 et
472 981 548 1018 aliis
565 981 686 1018 multis
699 1001 707 1009 ·

189 1154 248 1190 De
268 1153 529 1189 Ratemorchus
541 1172 550 1181 ·

189 1268 398 1304 Alexander
425 1267 498 1302 Dei
525 1267 639 1314 gratia
663 1267 746 1302 Rex
771 1266 976 1302 Scottorum
1005 1265 1168 1301 omnibus
1195 1266 1315 1314 probis
1341 1267 1544 1302 hominibus
1571 1267 1685 1303 tocius
1743 1290 1746 1294 s
1823 1270 1837 1292 ’Ζ
1866 1261 1889 1295 (3

188 1330 282 1361 terre
300 1325 359 1360 sue
378 1325 512 1360 clericis
530 1330 566 1360 et
583 1324 690 1372 laycis
708 1324 855 1359 salutem
874 1343 883 1351 ·
902 1323 1031 1359 ‘Sciant
1048 1323 1226 1371 presentes
1244 1329 1280 1359 et
1297 1324 1409 1359 futuri
1427 1337 1483 1360 me
1502 1325 1630 1360 dedifl'e
1648 1330 1685 1361 et

187 1381 382 1418 conceffiffe
411 1387 447 1418 et
476 1382 541 1417 hac
572 1387 670 1417 carta
699 1395 778 1417 mea
808 1381 1026 1417 confirmaffe
1057 1381 1140 1416 Deo
1171 1386 1207 1417 et
1237 1380 1377 1417 ecclesie
1406 1381 1619 1418 (Doravienfi
1649 1388 1686 1418 et

186 1440 335 1476 Andree
353 1439 514 1487 episcopo
529 1439 690 1476 (Doravie
709 1444 745 1475 et
762 1438 1008 1474 successoribus
1021 1438 1088 1473 suis
1106 1438 1273 1487 episcopis
1292 1439 1452 1475 (Doravie
1468 1459 1476 1467 ·
1489 1445 1621 1475 terram
1640 1440 1684 1476 de

187 1497 451 1532 Rathmorchus
464 1510 528 1544 per
541 1497 657 1532 rectas
671 1496 794 1532 divisas
807 1496 883 1531 suas
897 1501 933 1532 et
950 1509 1031 1531 cum
1042 1495 1143 1544 justis
1159 1496 1383 1544 pertinentiis
1400 1496 1467 1531 suis
1481 1515 1488 1524 ·
1503 1496 1541 1531 in
1559 1497 1684 1533 escam-

186 1554 284 1589 bium
303 1560 478 1589 terrarum
496 1567 581 1601 quas
600 1554 718 1589 ἀίὸὶῑιε
737 1553 903 1589 Andreas
917 1553 1096 1601 episcopus
1113 1553 1215 1601 petiit
1231 1553 1270 1588 in
1287 1553 1421 1589 forestis
1439 1553 1564 1589 nostris
1589 1574 1597 1582 ·
1624 1554 1684 1590 sci-

186 1611 268 1646 licet
285 1624 393 1646 unam
408 1611 602 1646 dauacham
617 1616 653 1646 et
666 1610 847 1646 dimidiam
862 1611 899 1646 in
912 1610 1038 1646 foresta
1051 1611 1095 1646 de
1110 1610 1327 1646 Inuerculan
1345 1611 1440 1659 apud
1456 1611 1683 1648 Calruneleu’

186 1673 222 1704 et
233 1668 410 1716 Belethyn
425 1687 433 1696 ·
449 1674 485 1704 et
503 1668 684 1703 dimidiam
703 1668 898 1704 dauacham
916 1669 953 1703 in
971 1668 1078 1703 landa
1092 1668 1275 1715 fflorgund
1288 1687 1296 1696 ·
1312 1673 1348 1703 et
1365 1674 1527 1716 quartam
1544 1674 1682 1717 partem

184 1725 291 1761 unius
309 1726 466 1761 dauache
484 1726 521 1761 in
537 1726 754 1774 Pluscardyn
766 1745 774 1754 ·
788 1731 824 1762 et
838 1725 1018 1761 dimidiam
1036 1725 1229 1761 dauacham
1244 1726 1282 1760 in
1296 1725 1495 1775 Terneway
1506 1746 1514 1755 ·
1528 1732 1564 1763 et
1576 1727 1614 1762 in
1626 1740 1681 1763 ea-

186 1783 267 1818 dem
278 1783 403 1818 foresta
415 1783 596 1818 dimidiam
608 1784 801 1819 dauacham
815 1797 858 1819 ex
869 1784 981 1819 altera
990 1788 1090 1831 parte
1102 1796 1191 1830 aque
1204 1783 1247 1819 de
1260 1783 1454 1833 Fyndaryn
1466 1798 1510 1820 ex
1521 1783 1680 1833 opposito

186 1839 326 1876 ecclefie
345 1840 388 1876 de
407 1840 537 1888 Logyn
556 1860 564 1869 ·
585 1846 620 1876 et
639 1845 747 1876 ·xxx'³·
771 1854 868 1876 acras
885 1840 924 1876 in
941 1840 1145 1889 Whyteseld
1164 1841 1259 1889 apud
1278 1841 1376 1877 Rath
1395 1861 1403 1870 ·
1423 1847 1459 1878 et
1476 1843 1679 1890 quindecim

185 1910 282 1933 acras
295 1898 390 1946 apud
404 1898 577 1946 Duldauy
591 1918 601 1926 ·
616 1898 728 1934 Salvis
746 1898 862 1934 eidem
880 1898 1054 1947 Episcopo
1073 1903 1108 1934 et
1125 1898 1371 1934 succefforibus
1389 1899 1464 1948 ejus
1482 1900 1557 1936 aliis
1575 1900 1679 1936 terris

186 1960 221 1990 et
243 1955 389 2003 pasturis
406 1969 470 2003 per
487 1956 604 1991 rectas
623 1956 746 1992 divisas
765 1956 840 1991 suas
858 1969 944 2004 quas
962 1956 1032 2004 ipse
1050 1961 1087 1992 et
1103 1956 1363 2005 predecessores
1386 1957 1436 1993 sui
1453 1957 1546 2006 juste
1569 1958 1678 1994 habu-

185 2018 290 2048 erunt
303 2013 341 2048 in
353 2013 488 2049 forestis
501 2013 626 2049 nostris
639 2018 722 2049 ante
739 2013 837 2049 istam
856 2014 1085 2050 donationem
1100 2033 1109 2042 ·
1125 2014 1336 2050 Tenendam
1349 2015 1512 2063 predicto
1528 2015 1676 2051 Andree

184 2069 344 2118 episcopo
363 2076 399 2106 et
416 2071 663 2107 successoribus
688 2071 763 2119 ejus
786 2072 836 2107 ita
858 2071 968 2108 libere
992 2077 1028 2108 et
1051 2072 1169 2119 quiete
1192 2071 1278 2108 ficut
1301 2072 1360 2107 alii
1384 2073 1534 2121 episcopi
1556 2073 1675 2109 Scocie

183 2132 294 2163 terras
312 2128 388 2164 suas
404 2128 549 2164 liberius
567 2134 603 2164 et
621 2129 774 2176 quietius
796 2134 921 2165 tenent
945 2135 981 2165 et
1003 2128 1179 2178 poffident
1213 2149 1222 2158 ·
1258 2129 1437 2166 Faciendo
1462 2130 1674 2166 forinsecum

183 2184 367 2221 servicium
394 2186 491 2233 quod
518 2186 563 2221 ad
590 2192 722 2222 terram
749 2186 845 2222 illam
872 2187 1028 2235 pertinet
1062 2206 1071 2215 ·
1104 2186 1345 2223 Conceffimus
1375 2188 1481 2223 etiam
1510 2187 1672 2236 predicto

185 2241 332 2280 Andree
356 2243 517 2292 episcopo
541 2249 577 2280 et
600 2244 847 2281 succefforibus
865 2244 933 2281 suis
948 2245 1147 2294 predictam
1165 2250 1297 2281 terram
1315 2245 1360 2281 de
1379 2244 1618 2281 Rathmorcus
1634 2243 1674 2278 in
