1980 2758
602 176 919 213 REGISTRUM
946 175 1309 213 MORAVIENSE.
1679 182 1700 212 5

202 277 458 315 constabulario
482 295 490 304 ·
519 275 702 311 Willelmo
720 275 794 310 filio
818 273 978 310 Freikini
1001 294 1009 302 ·
1038 274 1199 309 Waltero
1223 274 1267 309 de
1291 274 1475 310 Berchelai
1499 294 1506 302 ·
1537 275 1694 311 Ricardo

202 336 331 372 clerico
368 354 375 363 ·
413 333 526 383 Apud
545 333 712 369 Inuernis
731 352 739 361 ·

183 508 259 550 *De
279 507 406 543 Aulon
425 506 590 543 Macbele
610 526 618 534 -

137 629 160 660 4
198 623 266 658 ·W·
294 623 366 658 Dei
393 622 509 671 gratia
538 622 620 657 Rex
649 621 854 657 Scottorum
884 620 1050 656 omnibus
1077 619 1197 668 probis
1222 618 1427 654 hominibus
1454 617 1568 653 tocius
1598 622 1692 652 terre

195 680 342 716 salutem
377 699 386 708 ·
406 680 531 716 Sciatis
554 692 611 715 me
629 679 791 726 quietum
812 678 973 713 clamaffe
998 678 1135 714 Simoni
1158 677 1321 725 episcopo
1339 672 1554 713 (Doravienfi
1570 679 1607 709 et
1623 674 1695 710 suc-

195 738 383 774 cefforibus
400 737 468 773 suis
487 737 612 773 Aulon
632 736 793 773 machele
813 735 857 771 de
875 749 932 771 me
947 741 982 771 et
996 735 1186 771 heredibus
1201 734 1289 770 meis
1313 754 1321 762 ·
1349 733 1513 769 Testibus
1533 731 1693 768 Roberto

196 796 239 831 de
259 795 393 839 Quinci
412 815 420 824 ·
438 795 601 843 Philippo
621 794 665 830 de
684 794 848 830 Valoniis
883 813 891 821 ·
930 793 1042 841 Apud
1062 793 1239 828 Aberdon
1259 812 1267 820 ·

196 968 254 1004 De
273 968 418 1004 decimis
436 973 472 1004 et
490 967 766 1004 rectitudinibus
785 964 1009 1003 ecclefiarum
1030 985 1038 994 ·

134 1089 155 1120 5
194 1083 263 1118 ·W·
290 1083 363 1119 Dei
383 1083 498 1131 gratia
518 1083 598 1119 Rex
619 1082 826 1119 Scottorum
845 1081 1010 1118 omnibus
1027 1081 1147 1130 probis
1166 1080 1369 1117 hominibus
1386 1081 1455 1117 suis
1472 1079 1635 1117 moravie
1660 1084 1695 1114 et

193 1140 356 1176 fidelibus
374 1141 522 1176 salutem
541 1160 550 1168 ·
571 1140 711 1176 Mando
724 1140 826 1176 vobis
840 1145 875 1176 et
890 1140 1040 1176 firmiter
1053 1139 1211 1188 precipio
1225 1139 1392 1187 quatinus
1404 1137 1611 1187 persolvatis
1624 1134 1694 1171 fine

193 1198 291 1233 omni
310 1197 490 1233 occafione
508 1203 544 1233 et
562 1198 848 1234 contradictione
863 1197 947 1233 Deo
965 1202 1002 1233 et
1019 1196 1170 1245 ecclefijs
1187 1196 1308 1233 vestris
1326 1202 1362 1233 et
1380 1194 1603 1233 ecelefiarum
1621 1207 1694 1230 reo-

192 1255 329 1291 toribus
347 1260 383 1291 et
400 1254 565 1291 ministris
579 1268 703 1291 omnes
717 1255 952 1291 rectitudines
969 1253 1209 1290 ecelefiasticas
1228 1274 1236 1282 ·
1257 1260 1292 1290 et
1310 1267 1434 1290 omnes
1452 1253 1606 1289 decimas
1623 1252 1695 1288 ves-

191 1318 263 1348 tras
282 1312 326 1348 de
343 1312 450 1348 blado
469 1317 505 1348 et
522 1313 606 1348 lana
623 1318 659 1348 et
676 1312 751 1348 lino
770 1331 779 1340 ·
799 1312 843 1348 de
860 1312 967 1361 pullis
985 1318 1021 1348 et
1038 1312 1159 1348 vitulis
1175 1332 1183 1339 ·
1204 1312 1248 1347 de
1265 1312 1431 1360 porcellis
1450 1317 1485 1347 et
1502 1310 1603 1358 agnis
1622 1329 1630 1337 ·
1650 1310 1693 1344 de

191 1369 310 1405 butiro
325 1375 361 1406 et
375 1370 471 1406 caseo
488 1390 496 1398 ·
510 1370 554 1406 de
567 1370 720 1419 piscariis
739 1375 775 1406 et
793 1370 837 1406 de
856 1369 1021 1406 omnibus
1038 1370 1115 1405 aliis
1132 1369 1238 1405 rebus
1256 1383 1325 1417 que
1339 1370 1412 1405 Dei
1427 1374 1598 1417 operante
1615 1380 1693 1415 gra-

190 1427 240 1462 tia
257 1427 358 1463 vobis
376 1441 439 1476 per
457 1441 593 1463 annum
610 1428 746 1463 fuerint
762 1428 935 1464 innovata
953 1447 961 1455 ·
987 1432 1023 1463 et
1041 1428 1085 1463 de
1104 1427 1268 1463 omnibus
1286 1427 1363 1462 aliis
1380 1427 1486 1463 rebus
1504 1427 1548 1461 de
1566 1425 1693 1473 quibus

191 1484 324 1520 Sancta
336 1484 491 1521 Ecclefia
502 1485 614 1533 exigit
625 1486 779 1521 decimas
793 1486 870 1521 dari
885 1505 893 1514 ·
910 1485 1088 1521 Prohibeo
1102 1485 1209 1521 etiam
1222 1485 1374 1521 firmiter
1386 1498 1433 1521 ne
1447 1485 1525 1532 quis
1539 1484 1693 1520 decimas

190 1542 267 1577 suas
293 1541 362 1578 five
389 1543 474 1578 alias
500 1543 737 1579 rectitudines
760 1542 1002 1579 eeclefiasticas
1026 1543 1074 1579 eis
1095 1542 1222 1592 injuste
1246 1543 1404 1579 detineat
1423 1562 1431 1570 ·
1450 1542 1553 1588 super
1576 1553 1691 1577 meam

189 1599 383 1647 plenariam
402 1600 665 1636 forisfaeturam
684 1620 692 1629 ·
713 1601 749 1637 Si
767 1601 845 1648 quis
863 1606 983 1637 autem
1002 1600 1156 1637 decimas
1173 1601 1232 1637 vel
1250 1600 1504 1637 reetitudinem
1523 1597 1692 1635 ecclefias-

188 1657 295 1692 ticam
314 1657 474 1694 detinere
492 1658 740 1707 presumpserit
759 1678 766 1686 -
789 1659 947 1707 precipio
964 1663 1006 1694 ut
1024 1658 1260 1708 compellatur
1278 1658 1452 1694 decimam
1469 1657 1527 1694 vel
1545 1657 1692 1693 reetitu-

188 1714 308 1750 dinem
332 1715 429 1750 illam
453 1714 554 1751 fimul
577 1729 660 1752 cum
684 1716 867 1752 forisfacto
886 1717 1037 1752 reddere
1054 1716 1249 1752 secundum
1267 1716 1364 1764 quod
1382 1714 1477 1752 affisa
1493 1715 1560 1751 fuit
1580 1715 1690 1762 Regis

189 1772 309 1808 David
323 1773 381 1809 avi
398 1773 468 1809 mei
484 1793 491 1801 -
508 1778 544 1809 et
556 1772 644 1809 ficut
661 1787 738 1809 mos
751 1774 819 1810 fuit
836 1775 874 1809 in
888 1774 964 1823 ejus
977 1779 1139 1823 tempore
1154 1793 1162 1802 ·
1178 1779 1214 1810 et
1226 1775 1343 1810 adhuc
1357 1773 1406 1810 est
1418 1773 1638 1810 consuetudo
1652 1773 1689 1808 in

188 1829 389 1878 episcopatu
408 1831 532 1867 Sancti
550 1830 700 1867 Andree
728 1851 736 1860 ·
765 1832 907 1868 Scilicet
924 1837 965 1868 ut
982 1830 1007 1867 fi
1024 1832 1177 1868 villanus
1193 1832 1302 1868 fuerit
1319 1832 1381 1880 qui
1399 1832 1573 1868 decimam
1591 1831 1687 1866 suam

187 1887 244 1922 vel
257 1887 363 1923 aliam
377 1889 633 1925 rectitudinem
648 1888 911 1926 ecclesiasticam
930 1890 1014 1926 dare
1033 1890 1193 1926 noluerit
1212 1910 1220 1919 ·
1241 1890 1415 1936 Theynus
1428 1889 1489 1925 sub
1504 1903 1575 1937 quo
1590 1889 1687 1925 rusti-

188 1957 249 1980 cus
266 1945 325 1981 ille
343 1944 384 1981 fit
400 1947 459 1982 vel
477 1947 644 1983 dominus
658 1946 734 1996 ejus
748 1946 772 1982 fi
786 1948 973 1983 dominum
987 1947 1152 1984 habuerit
1171 1968 1179 1976 ·
1200 1947 1384 1996 distringat
1397 1947 1500 1983 illum
1514 1947 1685 1983 decimam

188 2002 282 2038 illam
297 2001 366 2039 five
379 2003 484 2040 aliam
498 2005 755 2041 rectitudinem
774 2004 1036 2042 ecclesiasticam
1050 2005 1192 2042 ecclefie
1210 2006 1361 2042 reddere
1381 2025 1389 2033 ·
1409 2010 1445 2041 et
1463 2005 1563 2041 suum
1581 2006 1625 2041 ab
1643 2019 1685 2041 eo

187 2060 408 2097 forisfactum
422 2062 571 2110 accipiat
590 2082 598 2090 ·
618 2063 748 2099 scilicet
762 2076 871 2099 unam
881 2076 1026 2099 vaccam
1041 2069 1077 2099 et
1089 2077 1200 2100 unam
1211 2077 1316 2100 ovem
1336 2083 1344 2091 -
1364 2063 1501 2100 sivero
1513 2063 1685 2112 Theynus

186 2117 247 2153 sub
268 2131 339 2166 quo
362 2119 511 2155 rusticus
529 2119 590 2156 iste
608 2120 716 2156 fuerit
733 2121 791 2156 vel
813 2121 980 2157 dominus
1003 2121 1079 2170 ejus
1102 2120 1127 2157 fi
1150 2122 1338 2158 dominum
1360 2121 1489 2157 habeat
1512 2121 1614 2157 illum
1640 2121 1685 2156 ad

185 2174 253 2211 hoc
263 2188 338 2211 non
349 2176 566 2213 distrinxerit
578 2197 586 2205 ·
598 2178 656 2213 vel
670 2177 694 2213 fi
707 2179 889 2227 propriam
901 2179 1074 2215 decimam
1088 2179 1145 2216 vel
1156 2179 1262 2216 aliam
1275 2179 1530 2216 rectitudinem
1545 2176 1685 2215 ecclefie

186 2231 379 2269 detinuerit
397 2254 405 2262 ·
425 2234 636 2271 Vicecomes
654 2236 691 2271 in
709 2235 810 2284 cujus
827 2235 958 2273 balliva
970 2237 1038 2273 hoc
1051 2237 1160 2274 fuerit
1173 2237 1364 2286 compellat
1382 2237 1605 2273 detentorem
1625 2236 1683 2271 de-

185 2289 312 2326 cimam
329 2291 387 2327 vel
405 2292 510 2328 aliam
534 2293 788 2330 rectitudinem
806 2294 903 2330 suam
927 2294 1069 2332 ecclefie
1088 2295 1288 2344 persolvere
1313 2315 1321 2323 ·
1345 2300 1380 2330 et
1398 2299 1681 2342 contemptorem
