2060 2660
571 140 888 189 REGISTRUM
914 152 1277 191 MORAVIENSE.
1621 164 1668 199 95

178 312 236 347 De
257 310 346 346 statu
363 309 623 358 prebendarum
637 309 794 345 tenendo
808 309 846 343 in
863 308 953 344 statu
971 321 1042 355 quo
1056 308 1203 344 fuerunt
1221 309 1264 344 de
1284 314 1444 357 tempore
1463 312 1567 360 hujus
1585 327 1666 349 con-

176 367 364 404 stitutionis
383 386 391 395 ·

175 481 354 519 Universis
371 482 492 518 sancte
513 483 635 517 matris
653 480 793 517 ecclefie
811 481 892 516 filiis
909 481 977 516 hoc
995 481 1164 529 scriptum
1182 480 1306 516 visuris
1324 482 1382 517 vel
1400 483 1574 519 audituris
1594 484 1669 520 An·

174 540 275 576 dreas
288 538 511 589 permissione
526 539 646 575 divina
660 539 841 587 episcopus
855 537 1085 575 (Doravienfis
1097 544 1259 574 eternam
1273 538 1309 573 in
1325 539 1486 575 Domino
1502 541 1646 577 salutem
1662 562 1670 569 ·

174 597 267 633 Cum
285 597 325 633 fit
343 598 477 633 bonum
496 602 532 632 et
543 597 744 645 jocundum
762 596 921 631 habitare
940 596 1067 632 fratres
1084 596 1123 630 in
1140 608 1256 631 unum
1275 615 1283 623 ·
1310 596 1458 632 sollicita
1475 597 1672 645 provisione

173 655 340 702 omnique
368 655 554 703 sagacitate
583 660 619 689 et
645 653 759 689 studio
789 654 989 689 curandum
1016 653 1065 689 est
1088 658 1123 688 et
1147 653 1378 701 satagendum
1407 660 1448 690 ut
1476 656 1673 703 extirpetur

173 713 288 748 omnis
302 713 450 748 materia
463 712 708 747 amaritudinis
726 711 763 746 in
782 710 924 746 ecclesia
942 730 950 738 ·
971 711 1085 746 omnis
1100 711 1201 746 causa
1216 711 1369 746 scandali
1385 731 1393 739 ·
1412 713 1527 747 omnis
1541 712 1673 748 occafio

171 770 327 806 fraterne
350 769 557 805 imitationis
578 769 809 817 irrumpende
831 782 899 816 que
923 769 1065 817 possunt
1088 767 1232 804 diversis
1254 767 1386 804 casibus
1411 771 1673 818 emergentibus

172 828 265 863 inter
279 829 438 863 rectores
452 826 675 863 ecclesiarum
687 839 870 874 emergere
883 846 891 854 ·
903 826 1048 862 inimico
1059 826 1213 862 hominis
1230 826 1528 874 superseminante
1542 829 1675 864 zizania

172 886 265 921 inter
292 886 432 921 eosdem
451 905 459 913 -
489 885 689 933 Eapropter
716 885 759 920 de
786 883 929 920 confilio
956 889 992 920 et
1018 884 1188 920 consensu
1218 884 1362 932 capituli
1391 884 1531 921 ecclesie
1557 886 1673 921 nostre

173 943 383 978 cathedralis
407 962 415 970 ·
443 943 539 978 clero
558 941 711 990 dyocesis
728 941 844 977 nostre
862 947 1005 989 gratum
1023 942 1212 990 prebentes
1230 942 1400 977 assensum
1421 962 1429 970 ·
1453 943 1674 979 decrevimus

172 999 394 1036 statuendum
424 1006 530 1047 atque
558 1000 708 1036 firmiter
735 1000 936 1035 inconcusse
962 1005 997 1035 et
1019 999 1274 1035 inviolabiliter
1300 1000 1429 1035 suturis
1455 1001 1674 1049 temporibus

172 1058 210 1092 in
237 1058 436 1106 episcopatu
464 1057 678 1095 (Doravienfi
699 1062 873 1106 perpetuo
900 1057 1160 1093 observandum
1188 1077 1196 1085 ·
1224 1062 1265 1093 ut
1289 1057 1392 1106 super
1418 1058 1563 1094 decimis
1589 1072 1675 1106 quas

173 1114 313 1151 ecclefie
340 1129 361 1151 a
386 1116 623 1163 quadraginta
644 1116 746 1150 annis
766 1115 875 1162 usque
893 1115 938 1150 ad
955 1120 1119 1163 tempora
1136 1114 1300 1150 instantia
1317 1115 1462 1163 pacifice
1481 1121 1517 1151 et
1534 1115 1605 1152 fine
1624 1117 1675 1152 in-

172 1173 420 1221 terpellatione
442 1173 606 1221 bonaque
634 1173 705 1209 fide
733 1177 970 1221 perceperunt
998 1173 1099 1208 nulla
1127 1173 1171 1208 de
1194 1178 1313 1208 cetero
1336 1172 1377 1208 fit
1403 1173 1445 1208 lis
1469 1174 1569 1209 nulla
1592 1187 1675 1210 con-

172 1230 341 1266 troversia
357 1231 458 1266 nulla
475 1231 618 1279 penitus
635 1231 819 1266 contentio
844 1250 852 1258 ·
878 1243 944 1266 nec
962 1230 1087 1277 aliquis
1104 1230 1271 1266 audiatur
1284 1231 1322 1265 in
1334 1230 1473 1278 judicio
1488 1231 1591 1279 super
1609 1232 1675 1267 hiis

171 1288 280 1323 ullam
296 1289 420 1324 volens
435 1301 579 1324 movere
594 1288 812 1336 questionem
832 1307 840 1315 ·
859 1286 928 1324 five
947 1288 991 1324 de
1009 1288 1113 1323 terris
1132 1288 1269 1323 decime
1287 1288 1347 1324 ille
1361 1293 1527 1336 percepte
1541 1289 1675 1324 fuerint

170 1344 239 1381 five
258 1346 302 1381 de
320 1346 473 1394 piscariis
490 1345 559 1382 five
578 1347 622 1382 de
642 1346 808 1382 multuris
840 1365 848 1373 -
880 1346 930 1381 set
954 1344 1095 1381 ecclesie
1113 1359 1182 1393 que
1201 1359 1259 1381 eas
1278 1345 1453 1381 hactenus
1470 1346 1674 1382 habuerunt

171 1409 206 1438 et
233 1409 471 1452 perceperunt
496 1404 650 1439 habeant
676 1409 711 1439 et
736 1403 935 1452 percipiant
958 1403 1096 1439 easdem
1120 1403 1286 1439 omnibus
1307 1403 1437 1438 futuris
1455 1403 1674 1451 temporibus

170 1459 240 1496 fine
259 1461 378 1508 aliqua
396 1461 633 1497 diminutione
653 1481 661 1489 ·
681 1460 890 1497 ceffantibus
904 1459 1085 1496 occasione
1104 1460 1203 1496 omni
1222 1461 1510 1496 contradictione
1528 1461 1674 1508 impedi-

171 1519 299 1554 mentis
324 1517 494 1554 univerfis
520 1524 555 1554 et
581 1519 770 1554 vexatione
796 1518 952 1566 qnalibet
983 1538 991 1546 ·
1023 1531 1090 1554 nec
1115 1517 1295 1554 occasione
1324 1518 1674 1566 perambulationum

170 1576 369 1623 aliquarum
386 1576 444 1612 vel
462 1577 701 1611 mutationum
727 1576 957 1612 dominorum
976 1576 1033 1611 vel
1057 1574 1285 1611 transsatione
1311 1575 1603 1611 molendinorum
1630 1576 1674 1611 de

170 1646 243 1668 uno
257 1633 337 1668 loco
355 1633 400 1669 ad
418 1633 527 1668 alium
541 1634 771 1681 prohibeatur
791 1633 849 1669 vel
871 1633 989 1680 aliquo
1011 1634 1120 1668 modo
1144 1633 1361 1681 impediatur
1387 1632 1505 1680 aliqua
1532 1632 1674 1669 ecclesia

169 1690 227 1726 vel
245 1690 320 1739 ejus
338 1691 460 1726 rector
483 1691 609 1738 aliquis
632 1691 763 1726 habere
782 1710 790 1718 ·
813 1689 985 1739 possidere
1005 1710 1013 1718 ·
1033 1690 1200 1738 consequi
1217 1689 1276 1725 vel
1294 1690 1477 1738 percipere
1495 1690 1674 1738 predifihzs

171 1748 324 1784 decimas
341 1748 522 1783 universas
541 1748 585 1783 de
603 1749 708 1784 terris
723 1768 731 1776 ·
750 1748 904 1796 piscariis
922 1754 958 1783 et
975 1748 1142 1784 multuris
1160 1753 1196 1783 et
1214 1747 1380 1783 omnibus
1398 1747 1475 1782 aliis
1489 1748 1533 1783 de
1547 1748 1674 1795 quibus

116 1818 118 1821 ’
170 1812 330 1854 tempore
347 1805 454 1854 hujus
472 1805 731 1841 constitutionis
750 1806 903 1841 decimas
920 1805 1050 1842 habere
1068 1805 1252 1841 consuevit
1272 1824 1280 1832 ·
1300 1809 1336 1840 et
1353 1818 1418 1853 per
1435 1805 1672 1853 quadraginta

170 1876 281 1899 annos
299 1863 468 1899 continue
486 1868 523 1898 et
539 1864 635 1899 bona
651 1864 722 1899 fide
746 1868 782 1899 et
804 1862 875 1899 fine
892 1863 1055 1912 judiciali
1073 1863 1356 1911 proclamatione
1375 1862 1499 1898 habuit
1527 1883 1535 1891 -
1562 1864 1672 1911 posse-

170 1921 222 1956 dit
250 1940 258 1949 ·
288 1921 476 1957 consecuta
493 1920 541 1956 est
559 1926 595 1957 et
611 1921 771 1970 percepit
797 1941 805 1949 ·
835 1921 887 1957 Ut
905 1926 1024 1957 autem
1041 1921 1108 1956 hec
1126 1920 1245 1956 nostra
1263 1919 1467 1956 constitutio
1484 1925 1562 1956 rata
1578 1919 1618 1956 fit
1636 1927 1672 1957 et

170 1978 272 2014 firma
290 1998 298 2007 ·
318 1979 617 2014 incommutabilis
636 1998 644 2007 ·
663 1984 838 2027 perpetua
859 1998 867 2006 ·
893 1984 929 2014 et
946 1978 1149 2014 inconeuffa
1175 1998 1183 2006 ·
1212 1977 1429 2027 appositione
1455 1976 1557 2026 sigilli
1584 1978 1671 2014 dieti

170 2036 314 2084 capituli
344 2035 453 2072 nostri
484 2041 520 2072 et
550 2036 861 2085 subscriptionibus
882 2036 1037 2085 ejusdem
1057 2049 1201 2072 necnon
1225 2041 1261 2071 et
1287 2035 1596 2083 subscriptionibus
1613 2036 1671 2071 ab·

169 2093 289 2129 batum
308 2099 343 2130 et
360 2095 521 2142 priorum
543 2099 579 2130 et
599 2094 685 2130 cleri
710 2094 819 2129 nostri
846 2107 920 2129 una
945 2107 1027 2129 cum
1053 2092 1166 2142 sigillo
1192 2093 1312 2129 nostro
1336 2093 1477 2141 presens
1502 2093 1669 2141 scriptum

168 2151 375 2187 roboratum
402 2152 450 2188 est
472 2172 480 2180 ·
509 2151 648 2187 Aetum
669 2164 765 2187 anno
789 2151 903 2199 gratie
932 2151 1196 2189 ·<o⁰·cc⁰·xxxii⁰·
1222 2151 1347 2198 quinto
1369 2151 1456 2186 Idus
1474 2150 1643 2186 octobris
1659 2169 1667 2177 -

169 2207 296 2244 Valete
314 2209 351 2244 in
370 2209 531 2245 Domino
550 2207 703 2244 universi
718 2229 726 2236 ·
747 2209 826 2256 Ego
843 2208 1010 2245 Andreas
1024 2207 1254 2246 moraviensis
1273 2208 1454 2256 episcopus
1471 2206 1643 2242 subscribo
1657 2226 1665 2234 ·

171 2264 249 2312 Ego
269 2266 402 2314 Symon
421 2267 575 2303 decanus
594 2265 824 2304 moravienfis
843 2286 851 2295 ·
881 2267 960 2315 Ego
979 2267 1181 2303 VVillelmus
1199 2271 1389 2315 precentor
1408 2263 1636 2301 moraviensis
1656 2283 1663 2291 ·
