1912 2660
285 126 358 162 368
683 125 1001 162 REGISTRUM
1029 125 1393 162 MORAVIENSE.

287 224 507 272 presentibus
528 225 727 260 reverendo
751 230 852 274 patre
879 225 1026 261 domino
1046 225 1189 260 Thoma
1216 225 1259 260 de
1284 223 1449 272 Fyngask
1472 224 1635 272 episcopo
1656 222 1790 258 Katha-

287 281 385 318 nensi
404 302 412 310 ·
432 287 468 318 et
490 282 658 330 magistris
678 282 891 319 Alexandro
912 283 988 318 Bur
1012 288 1048 318 et
1074 283 1267 330 Ingeramo
1287 282 1330 317 de
1352 281 1510 317 Ketenes
1534 279 1790 316 archidiaconis

288 339 501 376 moraviensi
519 346 555 376 et
574 340 821 376 Dunkeldenfi
840 360 848 368 ·
877 339 1040 387 magistro
1066 339 1216 374 Andrea
1238 339 1282 374 de
1306 338 1418 374 Bosco
1439 357 1447 366 ·
1480 343 1516 374 et
1540 338 1686 373 domino
1705 337 1792 373 Wil-

286 397 396 433 lelmo
415 398 459 434 de
479 398 666 446 Lonfordy
681 397 822 434 ecclesie
837 396 1067 434 moraviensis
1086 396 1267 432 canonicis
1286 415 1294 424 ·
1314 400 1350 431 et
1368 395 1490 431 multis
1508 395 1585 431 aliis
1603 395 1738 431 clericis
1755 400 1791 431 et

287 454 386 492 laicis
405 475 414 483 ·

290 627 512 676 Honiagium
533 628 701 676 Hugonis
720 628 764 663 de
783 627 907 663 Fraser
926 626 1062 662 domini
1081 626 1125 661 de
1144 625 1286 662 Loveth
1307 645 1315 654 ·

187 754 260 791 986
289 743 401 780 Anno
420 744 571 780 Domini
591 743 802 781 «οῦ-00001»
825 742 972 790 septimo
992 761 1000 769 ·
1029 741 1243 777 duodecimo
1263 741 1320 777 die
1338 740 1464 777 mensis
1483 741 1699 790 Septembris
1718 761 1726 769 ·
1754 742 1790 777 in

287 802 443 850 capitulo
459 801 599 838 ecclesie
615 799 844 839 moraviensis
859 820 867 828 ·
891 800 1003 848 Hugo
1019 799 1143 835 Fraser
1158 800 1324 835 dominus
1339 800 1382 835 de
1395 799 1537 835 Loveth
1551 800 1791 848 portionarius

287 866 463 896 terrarum
484 861 527 896 de
546 860 579 895 le
595 860 675 895 Ard
693 859 777 894 fecit
794 858 1002 906 homagium
1019 871 1085 906 pro
1100 863 1201 906 parte
1219 858 1278 893 sua
1297 858 1441 893 dimidie
1457 858 1614 893 dauaclie
1632 863 1727 893 terre
1747 858 1790 893 de

289 918 518 966 Kyntallirgy
537 923 572 953 et
597 918 641 952 de
662 917 759 952 Ess'er
786 922 821 951 et
847 929 914 964 pro
941 916 1089 964 piscaria
1113 916 1156 952 de
1176 915 1275 951 Forn
1294 916 1392 951 (1ίὸὶο
1412 916 1559 951 (1οωίηο
1579 915 1790 951 Alexandro

287 976 449 1023 episcopo
468 973 680 1012 moraviensi
701 994 709 1002 ·
737 974 958 1022 presentibus
976 974 1123 1009 domino
1143 974 1327 1010 Willelmo
1351 974 1394 1010 de
1421 974 1519 1010 Keth
1542 974 1654 1010 milite
1678 973 1790 1011 <naris-

285 1033 375 1068 callo
404 1033 521 1069 Scotie
541 1052 549 1060 ·
578 1032 612 1067 T
615 1033 720 1067 homa
746 1032 866 1080 priore
891 1032 935 1067 de
961 1032 1178 1081 Pluscardyn
1199 1051 1206 1060 ·
1236 1031 1387 1067 Andrea
1405 1032 1555 1080 Berclay
1574 1031 1721 1067 domino
1746 1031 1789 1067 de

285 1091 466 1139 Garntoly
489 1110 496 1118 -
525 1090 691 1127 Johanne
716 1090 760 1126 de
785 1090 900 1126 Dolas
919 1109 927 1117 ·
957 1090 1068 1126 thano
1095 1091 1139 1126 de
1162 1090 1336 1126 Cromdol
1356 1109 1364 1118 ·
1394 1090 1515 1126 Adam
1543 1089 1686 1138 Pyngill
1709 1089 1790 1125 bur·

284 1147 379 1197 gensi
398 1150 442 1184 de
462 1148 635 1184 Aberden
654 1153 690 1184 et
708 1148 829 1184 multis
847 1148 925 1184 aliis
944 1167 952 1176 ·

286 1321 565 1358 Instrunientum
586 1321 689 1370 super
706 1322 875 1370 homagio
895 1322 1031 1358 domini
1052 1322 1222 1371 Hugonis
1241 1322 1365 1358 Fraser
1380 1341 1389 1349 ·

285 1437 329 1472 In
348 1438 494 1473 nomine
514 1438 665 1474 Domini
685 1452 789 1474 anien
810 1458 818 1466 ·
847 1439 999 1475 Cunctis
1018 1443 1136 1487 pateat
1155 1438 1341 1474 evidenter
1361 1438 1504 1485 presens
1529 1438 1711 1487 publicum
1738 1439 1789 1474 in-

283 1495 518 1532 strumentum
545 1497 669 1532 visuris
696 1497 792 1544 quod
819 1510 915 1532 anno
943 1497 1099 1546 ejusdem
1125 1495 1306 1534 millesimo
1329 1497 1477 1533 ·ccc⁰·lx·
1502 1497 1650 1546 septimo
1670 1516 1678 1525 ·
1704 1497 1789 1533 duo-

284 1554 423 1589 decimo
449 1555 505 1589 die
529 1554 654 1590 mensis
673 1555 886 1591 Decembris
909 1575 917 1583 ·
945 1555 1146 1591 indicffione
1174 1556 1244 1591 ·v‘⁸·
1272 1555 1501 1604 pontificatus
1526 1553 1726 1591 sanctissimi
1752 1555 1787 1590 in

285 1611 424 1647 Christo
449 1612 557 1660 patris
575 1626 616 1648 ac
635 1613 771 1648 domini
790 1613 926 1649 domini
949 1613 1086 1649 Urbani
1112 1613 1233 1649 divina
1256 1613 1446 1649 clementia
1466 1613 1678 1662 providente
1700 1626 1788 1661 pape

285 1669 351 1705 ·v²¹·
370 1683 465 1704 anno
490 1670 586 1706 sexto
607 1690 614 1699 ·
640 1672 677 1706 in
704 1672 774 1707 mei
802 1672 934 1707 notarii
961 1671 1092 1719 publici
1111 1677 1147 1707 et
1165 1671 1304 1707 testium
1323 1671 1597 1720 subscriptorum
1616 1671 1789 1719 presentia

283 1733 494 1764 vocatorum
514 1734 549 1763 et
567 1735 775 1776 rogatorum
791 1749 799 1757 ·
819 1729 948 1765 nobilis
966 1729 1021 1764 vir
1035 1729 1147 1776 Hugo
1161 1729 1285 1765 Fraser
1304 1729 1471 1764 dominus
1486 1729 1529 1765 de
1543 1728 1691 1765 Loweth
1709 1742 1787 1775 par-

283 1785 456 1820 tionarius
475 1790 651 1822 terrarum
670 1787 713 1822 de
734 1786 815 1822 Ard
834 1788 871 1822 in
890 1787 1046 1836 capitulo
1065 1787 1277 1822 cathedralis
1295 1785 1438 1823 ecclesie
1457 1785 1688 1823 moraviensis
1705 1786 1787 1822 fecit

284 1848 319 1878 ct
337 1842 437 1879 dedit
450 1843 656 1891 lio'inagiuni
672 1844 772 1880 suuni
787 1845 982 1880 venerabili
997 1845 1034 1880 in
1047 1844 1188 1881 Christo
1207 1845 1300 1893 patri
1318 1845 1466 1880 domino
1486 1845 1697 1880 Alexandro
1716 1844 1786 1880 Dei

282 1900 397 1948 gratia
415 1900 576 1949 episcopo
596 1901 808 1938 (Doravienfi
826 1916 891 1951 pro
910 1908 1011 1949 parte
1035 1903 1095 1938 sua
1120 1903 1265 1938 dimidie
1287 1903 1445 1939 dauache
1468 1908 1563 1939 terre
1582 1903 1626 1938 de
1647 1902 1788 1951 Kyltar-

282 1958 399 2006 llyrgy
418 1964 453 1993 ct
472 1959 515 1994 de
534 1958 612 1994 Esse
631 1973 711 1995 cuni
731 1960 875 2007 piscaria
893 1961 1049 1996 fluminis
1068 1961 1112 1997 de
1132 1961 1229 1996 Forn
1247 1961 1293 1996 ad
1317 1960 1467 1997 eandem
1493 1966 1623 1997 terram
1645 1960 1689 1997 de
1707 1960 1785 1996 Effe

283 2017 464 2064 spe&ante
483 2035 492 2044 ·
512 2030 598 2064 quas
616 2017 709 2052 ideni
732 2017 844 2065 Hugo
867 2024 966 2054 tenet
984 2019 1021 2054 in
1039 2019 1146 2054 feodo
1165 2024 1201 2054 et
1219 2019 1416 2054 hereditate
1439 2019 1483 2054 de
1510 2018 1652 2054 ecclelia
1670 2020 1786 2055 (Dora-

283 2072 391 2110 vienfi
409 2092 418 2102 ·
447 2074 561 2122 Super
589 2088 660 2121 quo
689 2075 832 2122 quidem
861 2076 1028 2124 homagio
1051 2075 1095 2112 fic
1113 2077 1209 2112 facto
1229 2082 1265 2112 et
1276 2076 1486 2125 juramento
1505 2077 1588 2112 inde
1613 2076 1708 2112 idem
1727 2076 1786 2111 do-

284 2131 402 2167 minus
417 2131 610 2180 Episcopus
625 2145 688 2180 per
703 2146 760 2168 me
775 2134 954 2168 notarium
970 2134 1153 2182 publicum
1171 2133 1231 2170 fibi
1250 2134 1326 2170 fieri
1345 2135 1526 2183 publicum
1545 2134 1647 2182 petiit
1664 2133 1787 2169 instru-

284 2195 446 2225 mentum
468 2208 477 2218 ·
508 2190 729 2238 presentibus
759 2190 870 2226 nobili
898 2191 975 2226 vii-o
1004 2198 1039 2227 et
1068 2198 1216 2240 potente
1245 2193 1391 2228 domino
1411 2192 1593 2228 Willehno
1618 2192 1663 2227 de
1688 2191 1785 2227 Keth

285 2247 398 2283 milite
424 2247 621 2283 mariscallo
647 2248 769 2284 Scocie
796 2254 832 2284 et
855 2254 940 2285 tunc
959 2250 1080 2286 locum
1098 2255 1245 2287 tenente
1270 2250 1406 2287 domini
1426 2250 1577 2286 Comitis
1596 2250 1757 2286 moravie
1775 2268 1785 2276 ·
