1912 2660
169 194 226 220 319

163 667 220 693 :3:20

160 813 214 839 321

152 1292 208 1318 322

149 1814 206 1841 323

255 98 327 134 394
664 94 982 131 REGISTRUM
1010 94 1376 131 MORAVIENSE.

252 192 337 221 Carta
350 192 511 221 feodifirmae
525 193 559 221 ab
572 192 710 232 Episcopo
726 193 799 222 factu
812 193 937 222 Johanni
953 193 1102 222 McGilleis
1119 192 1249 229 McKaye
1263 196 1292 219 et
1306 190 1472 219 Katherinae
1483 190 1603 218 dominae
1616 191 1755 228 Carrycht

250 240 279 267 in
294 240 374 269 vitali
388 241 498 269 redditu
512 245 540 269 et
555 241 696 269 Duncano
712 241 862 270 M‹·Gilleis
877 241 934 269 filio
948 241 1015 269 dicti
1036 240 1177 269 Johannis
1194 245 1222 268 et
1245 239 1393 266 heredibus
1417 238 1545 265 masculis
1569 237 1701 276 ejusdem,
1722 239 1755 267 de

249 287 331 316 terris
353 288 386 316 de
409 289 598 326 Auchmonye
620 298 685 316 cum
706 289 813 316 brasma
835 288 986 316 earundem
1009 292 1170 325 nuncupata
1193 285 1382 314 Kilmichaell.
1419 285 1571 313 Reddendo
1592 286 1655 314 L.5.
1670 288 1754 315 7.10.

249 345 313 363 cum
327 336 425 364 duobis
440 336 526 364 haedis
540 336 696 364 annuatim.
729 336 879 364 Prestando
895 336 981 363 sectas
995 336 1029 362 ad
1042 335 1096 363 tria
1110 334 1211 372 placita
1221 333 1349 370 capitalia
1359 333 1432 370 apud
1444 333 1539 371 Spyne
1551 338 1579 361 et
1589 333 1618 361 in
1630 334 1754 371 quolibet

249 383 350 412 itinere
368 382 532 422 justiciariae
555 383 709 421 regalitatis
732 388 760 411 et
783 382 909 410 faciendo
932 382 1064 410 consueta
1085 380 1198 409 servitia
1219 380 1249 407 in
1272 380 1399 408 exercitu
1421 380 1508 418 Regis
1536 380 1584 409 sub
1606 381 1753 420 Episcopo.

250 431 380 459 'restibus
403 441 441 459 m.
464 432 596 460 ,Iohanne
619 431 756 459 Gordoun
781 429 885 458 vicario
909 430 943 457 de
968 429 1133 466 Kyncardin
1158 432 1186 456 et
1213 428 1454 462 Rothemurchus,
1479 429 1584 457 Jacobo
1609 429 1695 458 Innes
1719 430 1753 458 de

249 478 375 516 Dmnye,
398 479 513 508 Andr-ea
534 478 689 507 Moncreiff
700 477 825 516 juniore,
850 477 1012 505 Alexandro
1028 476 1114 505 Innes
1128 476 1162 504 de
1178 475 1300 504 Plaiddis
1320 480 1348 504 et
1370 476 1485 504 domino
1499 476 1609 505 Joanne
1624 477 1752 506 Gibsoun

249 526 367 555 notario.
409 527 495 565 Apud
512 527 607 564 Elgin,
622 528 640 554 6
657 525 728 554 Maii
746 526 829 553 1557.

247 669 415 707 Preceptum
430 668 521 697 safinae
535 668 617 707 super
630 672 735 696 cartam
749 666 911 705 predictam.
952 665 1039 704 Apud
1055 664 1150 703 Elgin‚
1166 666 1183 693 6
1200 665 1272 693 Maii
1291 666 1376 693 1557.

245 812 330 841 Carta
349 811 511 840 feodifirmae
525 810 559 838 ab
575 809 712 847 Episcopo
726 808 799 836 facta
814 807 940 845 Georgio
955 807 1062 845 Ogilvy
1077 808 1110 836 de
1126 807 1263 842 Mistoun,
1288 808 1322 836 de
1336 807 1418 837 terris
1433 808 1466 836 de
1482 809 1748 847 Auchquhennany,

242 859 323 888 Litill
340 859 472 896 Cantuly,
495 868 552 886 una
570 867 635 885 cum
649 856 756 884 brafina
769 856 803 884 de
818 855 917 893 Keyth
932 860 961 884 et
975 855 1064 884 crofta
1078 855 1200 894 ejusdem
1215 856 1282 884 alius
1303 861 1402 885 vocata
1425 856 1629 894 Cragdufcroft,
1651 857 1749 896 jacen-

241 907 315 936 tibus
340 907 369 934 in
394 906 507 935 baronia
531 906 564 934 de
586 905 684 942 Keyth
708 908 736 932 et
761 903 961 932 vicecomitatu
988 904 1022 932 de
1047 904 1139 932 Banff.
1192 904 1345 932 Reddendo
1372 904 1518 933 annuatim
1541 904 1625 933 L.27.
1649 906 1677 933 4·-
1704 906 1749 933 11.

241 955 393 984 Prestando
407 954 510 982 sectam
524 953 554 981 in
568 953 658 981 tribus
672 951 757 980 curiis
775 951 940 990 capitalibus
959 952 992 980 de
1009 951 1105 990 Spyne
1121 957 1149 980 et
1163 951 1192 979 in
1207 952 1332 990 quolibet
1352 952 1453 981 itinere
1467 951 1628 991 justiciariae
1648 953 1749 990 regali-

239 1003 314 1036 tatis,
332 1012 396 1031 cum
416 1001 563 1040 privilegio
580 1000 670 1028 unicae
691 999 783 1028 safinae
804 999 946 1038 capiendae
967 1009 1026 1028 non
1045 1000 1172 1028 obstante
1190 1000 1264 1038 quod
1278 1010 1335 1028 non
1349 999 1446 1039 jacent
1460 1000 1583 1028 invicem
1598 1000 1749 1037 contiguae.

239 1050 367 1078 Testibus
390 1059 428 1077 m.
452 1049 578 1077 Henrico
604 1047 769 1076 Lumisdaill
790 1052 899 1076 rectore
919 1048 953 1076 de
974 1047 1112 1085 Kynkell,
1136 1048 1241 1077 Jacobo
1267 1048 1375 1086 Ogiluy
1398 1048 1431 1076 de
1457 1048 1580 1082 Cullard,
1605 1048 1747 1076 Willelmo

238 1097 355 1135 Ogiluy,
372 1097 498 1134 Hugone
513 1097 617 1134 Cragy,
627 1095 774 1124 Willelmo
783 1095 930 1133 Wysman,
946 1095 1057 1124 Joanne
1073 1095 1210 1130 Gibsouu,
1225 1095 1352 1125 notariis.
1379 1096 1466 1134 Apud
1480 1096 1577 1134 Elgin‚
1592 1097 1624 1124 11
1640 1096 1746 1135 Aprilis

239 1145 323 1172 1545.

236 1288 319 1316 Carta
337 1287 498 1316 seodifirmae
512 1288 546 1315 ab
562 1286 700 1326 Episcopo
714 1286 788 1316 facta
801 1287 928 1316 ,Iohanni
943 1287 1002 1316 Ros
1016 1288 1046 1315 in
1062 1287 1201 1316 Ballevait
1215 1292 1243 1316 et
1259 1287 1402 1327 Maljoriae
1417 1288 1538 1316 Dunbar
1552 1288 1612 1327 ejus
1627 1289 1743 1327 sponsae,

234 1336 267 1364 ‹le
282 1335 363 1363 terris
377 1336 410 1364 de
426 1335 565 1363 Bullevait
579 1345 644 1363 cum
659 1335 726 1363 silva
740 1334 862 1373 ejusdem
877 1340 1040 1374 nuncupata
1054 1335 1253 1373 Kyillinglare,
1283 1336 1429 1370 Torlocht‚
1460 1336 1663 1374 Auchingoure
1679 1347 1743 1365 cum

235 1383 365 1420 virgultis
388 1388 416 1411 et
438 1383 552 1421 piscaria
572 1382 695 1421 ejusdem
709 1383 791 1421 super
806 1383 956 1417 Findorne‚
982 1383 1143 1411 Ardclauch
1166 1393 1231 1411 cum
1250 1383 1366 1422 piscaria
1380 1383 1462 1422 super
1478 1383 1618 1412 Findorne
1633 1390 1661 1413 et
1677 1384 1744 1413 silva

235 1436 394 1469 nuncupata
413 1431 655 1469 Daldeuynnyng,
677 1435 705 1459 et
724 1431 886 1459 molendino
909 1436 937 1460 et
960 1431 1066 1459 brasiua
1084 1432 1118 1460 de
1140 1431 1308 1465 Ardclauch,
1334 1432 1432 1460 Crofta
1453 1431 1608 1465 heremitae,
1630 1436 1658 1460 et
1673 1432 1743 1460 Dal-

235 1480 341 1512 ‹lareth‚
361 1478 520 1518 jacentibus
549 1479 623 1507 infra
651 1479 794 1507 baroniam
817 1479 851 1507 de
880 1479 1040 1507 Ardclauch
1068 1484 1097 1508 et
1124 1479 1354 1508 vicecomitatum
1379 1479 1413 1508 de
1438 1479 1544 1508 Narne.
1589 1480 1742 1508 Reddendo

237 1527 319 1555 L.5.>6.
334 1528 362 1554 8.
377 1528 403 1554 8.
418 1526 574 1555 annuatim.
616 1527 641 1555 T
643 1527 745 1555 estibus
760 1527 866 1555 Jacobo
880 1527 966 1556 Innes
981 1528 1014 1556 de
1030 1527 1139 1566 Drany,
1163 1528 1286 1556 Patricio
1303 1528 1469 1566 Hepburne,
1490 1527 1611 1555 dominis
1627 1527 1741 1556 Floren-

236 1575 296 1602 tino
316 1574 430 1608 mee,
455 1575 569 1602 Andr-ea
588 1574 780 1609 Pettindrech,
806 1575 932 1604 Roberto
954 1576 1106 1614 Urquhard
1127 1575 1230 1604 vicario
1253 1576 1286 1604 de
1306 1576 1428 1614 Clynne,
1446 1575 1604 1614 capellanis,
1627 1576 1740 1604 domino

235 1622 366 1651 ,Iohanne
390 1621 533 1650 Gibsoune
552 1622 704 1660 capellano,
727 1623 867 1660 magistris
888 1623 1035 1652 Willelmo
1052 1623 1189 1661 Wysman
1209 1629 1237 1652 et
1261 1623 1372 1652 Davide
1395 1623 1539 1661 Dowglus,
1560 1623 1739 1661 presbyteris.

237 1669 322 1708 Apud
338 1669 433 1706 Elgin‚
448 1670 466 1697 5
482 1669 552 1698 Maii
570 1671 654 1698 1545.

236 1812 320 1841 Curta
334 1812 554 1840 confirmationis
569 1812 601 1839 ub
618 1812 755 1850 Episcopo
770 1814 900 1848 concessa,
923 1819 1005 1843 cartae
1020 1815 1196 1843 alienationis
1210 1825 1226 1842 a
1240 1814 1371 1843 Johanne
1388 1814 1446 1841 Ros
1461 1814 1494 1841 de
1511 1813 1639 1841 Ballevat
1658 1813 1737 1841 factae

233 1860 357 1888 Johanni
374 1859 432 1887 Ros
447 1859 504 1887 filio
519 1858 578 1897 ejus
593 1864 621 1887 et
638 1860 733 1888 heredi
748 1862 901 1899 apparenti,
924 1862 957 1890 de
977 1863 1060 1890 terris
1081 1863 1114 1890 de
1138 1863 1264 1890 Ballevat
1286 1871 1350 1889 cum
1370 1861 1437 1889 {ilva
1458 1865 1619 1898 nuncupata
1634 1860 1737 1889 Killin-

232 1908 318 1945 glaer,
335 1907 481 1940 Torlocht‚
498 1907 685 1944 Auchingour
701 1918 765 1936 cum
780 1909 910 1946 virgultis
925 1915 953 1938 et
967 1910 1082 1948 piscaria
1098 1909 1221 1949 ejusdem
1236 1910 1317 1948 super
1331 1909 1481 1942 Findorne,
1499 1908 1657 1936 Ardclauch
1672 1918 1736 1936 cum

231 1954 346 1994 piscaria
360 1954 441 1992 super
456 1954 595 1982 Findorne
610 1960 638 1983 et
653 1955 720 1983 {ilva
738 1962 898 1994 nuncupata
912 1957 1111 1996 Daldeuening
1125 1962 1153 1986 et
1168 1958 1330 1986 molendino
1349 1962 1377 1985 et
1398 1956 1505 1985 brafina
1518 1956 1551 1984 de
1566 1956 1736 1988 Ardclauch,

233 2003 332 2031 Crosta
346 2002 500 2036 heremitae,
515 2007 543 2030 et
559 2002 740 2031 Daldaraeth.
770 2003 922 2033 Refer-vato
937 2006 1016 2034 vitali
1030 2006 1142 2034 redditu
1157 2005 1300 2044 Marjoriae
1316 2005 1436 2033 Dunbar
1450 2003 1533 2033 matri
1547 2004 1735 2037 concedentis,

233 2056 260 2079 et
281 2050 365 2079 tertia
385 2054 463 2088 parte
479 2050 589 2078 Janetae
606 2050 752 2088 Urquhart
773 2052 883 2088 quando
903 2053 1064 2090 contigerit.
1100 2054 1253 2082 Reddendo
1269 2053 1407 2091 Episcopo
1423 2052 1506 2080 L.26.
1519 2052 1548 2079 8.
1562 2052 1590 2079 8.
1631 2051 1734 2080 Coram

230 2098 346 2128 testibus
370 2098 457 2126 Petro
478 2098 665 2135 Wynchestre
688 2098 722 2126 de
746 2099 872 2133 Artirlie,
895 2100 1005 2129 Joanne
1026 2102 1214 2139 NVynchestre
1237 2100 1298 2139 ejus
1320 2100 1378 2129 filio
1400 2104 1429 2129 et
1450 2099 1552 2128 herede
1574 2104 1734 2137 apparente,

230 2148 340 2176 Joanne
355 2145 460 2183 Young
481 2145 608 2174 ministro
629 2146 662 2174 de
686 2146 792 2180 Nar-ne,
814 2147 924 2176 Jounne
941 2149 1046 2177 Annan
1060 2149 1192 2187 burgensi
1207 2150 1241 2178 de
1256 2148 1342 2186 Elgin
1363 2147 1482 2177 notario.
1523 2147 1609 2185 Apud
1629 2147 1733 2180 Name,

234 2196 267 2223 12
284 2194 349 2223 Oct.
366 2194 451 2222 1566.
493 2193 623 2222 'restibus
638 2193 672 2222 ad
686 2193 928 2224 confirmationem
943 2196 1049 2225 Jacobo
1065 2197 1150 2226 Innes
1165 2197 1198 2226 de
1214 2197 1323 2234 many,
1343 2196 1454 2225 Joanne
1469 2194 1603 2232 Ogiluye,
1622 2194 1733 2223 Andrea
