2060 2660
585 159 902 197 REGISTRUM
931 161 1293 198 MORAVIENSE
1638 172 1684 208 89

190 316 407 364 Compofitio
436 317 529 352 inter
556 316 770 365 Episcopum
800 316 987 352 Andream
1016 321 1051 351 et
1079 315 1296 364 Gylbertum
1324 317 1437 354 filium
1465 319 1613 357 Comitis
1641 323 1685 358 de

188 375 398 423 Stratheryn
417 394 425 402 ·
445 374 548 422 super
567 374 712 410 dimidia
732 374 891 410 dauacha
910 374 954 409 de
975 373 1172 421 Kyncarny
1191 393 1199 400 ·

112 486 160 518 80
187 489 365 526 Omnibus
390 489 459 525 hoc
485 489 653 538 scriptum
671 489 796 525 visuris
813 489 872 525 vel
889 488 1064 524 audituris
1091 508 1099 516 ·
1129 488 1297 524 noverint
1324 502 1447 525 omnes
1474 490 1518 525 de
1544 491 1685 528 confilio

186 552 222 583 et
247 547 416 583 consensu
440 552 476 583 et
496 547 684 583 voluntate
707 547 833 583 decani
851 552 887 582 et
905 546 1050 595 capituli
1069 545 1299 583 moraviensis
1318 546 1459 583 ecclefie
1477 548 1687 585 cathedralis

185 605 385 641 conveniffe
411 605 505 641 inter
524 605 711 641 Andream
731 605 992 642 moraviensem
1014 604 1215 653 episcopum
1245 618 1289 640 ex
1315 611 1415 653 parte
1441 618 1514 640 una
1540 611 1575 641 et
1599 606 1686 655 Gyl-

184 663 326 699 bertum
350 663 464 698 filium
483 663 652 712 Gylberti
670 663 852 711 quondam
870 662 1009 698 comitis
1027 662 1072 698 de
1092 662 1301 698 stratheren
1328 675 1372 698 ex
1398 662 1509 698 altera
1535 663 1596 699 sub
1623 664 1686 700 hac

183 721 299 756 forma
327 740 336 749 ·
365 720 495 757 scilicet
517 721 615 769 quod
641 721 825 769 predictus
844 720 1043 769 Gylbertus
1065 725 1101 756 et
1121 720 1270 756 heredes
1288 720 1339 755 sui
1356 720 1530 756 tenebunt
1549 721 1592 757 de
1609 735 1686 770 pre-

185 779 282 814 dic‘co
302 778 476 827 Episcopo
495 785 531 815 et
549 779 799 814 successoribus
817 779 885 814 suis
902 778 948 814 ad
971 778 1208 814 seodifirmam
1227 778 1409 813 dimidiam
1429 778 1624 814 dauacham
1642 779 1686 815 de

187 835 381 885 Kyncarny
399 850 463 885 per
486 838 603 873 rectas
626 837 751 873 divisas
769 842 805 872 et
823 850 905 872 cum
924 836 1090 872 omnibus
1102 836 1203 885 justis
1220 836 1445 884 pertinentiis
1462 836 1530 871 suis
1553 856 1561 864 ·
1592 837 1687 873 Red-

184 894 303 929 dendo
322 894 406 930 inde
423 893 567 942 singulis
584 895 687 930 annis
704 895 869 943 predicto
889 895 1064 943 Episcopo
1089 899 1124 930 et
1146 893 1397 930 succefforibus
1418 894 1486 929 suis
1504 907 1570 942 pro
1588 895 1686 930 omni

184 951 325 987 servitio
344 958 380 987 et
398 953 586 988 exactione
604 953 650 988 ad
664 953 805 989 eosdem
819 953 1080 1001 pertinentibus
1094 957 1166 988 tres
1180 965 1316 988 marcas
1329 951 1579 999 sterlingorum
1593 952 1687 1000 lega-

184 1009 272 1044 lium
291 1029 299 1037 ·
324 1010 551 1046 medietatem
570 1010 701 1046 scilicet
718 1011 764 1046 ad
783 1010 1016 1047 Pentecosten
1043 1015 1078 1046 et
1104 1010 1209 1046 aliam
1236 1010 1464 1045 medietatem
1491 1010 1537 1045 ad
1563 1009 1686 1045 festum

186 1066 308 1102 Sancti
327 1068 474 1103 martini
491 1068 529 1103 in
547 1068 674 1116 hyeme
697 1069 861 1116 proxime
882 1068 1030 1116 sequens
1058 1088 1066 1096 ·
1093 1068 1257 1104 faciendo
1275 1067 1488 1103 forinsecum
1506 1067 1686 1103 servitium

185 1124 321 1159 domini
341 1125 451 1172 Regis
469 1131 641 1172 quantum
660 1126 705 1160 ad
723 1126 923 1173 predictam
941 1131 1074 1161 terram
1091 1126 1248 1172 pertinet
1279 1145 1287 1152 ·
1333 1125 1369 1160 Si
1387 1130 1507 1161 autem
1525 1125 1688 1173 predicta

184 1187 279 1217 terra
297 1195 361 1230 per
379 1195 547 1230 guerram
565 1182 674 1217 fuerit
691 1182 870 1217 destructa
889 1200 897 1209 ·
916 1181 1111 1216 secundum
1128 1181 1316 1216 arbitrium
1334 1182 1512 1217 bonorum
1526 1183 1686 1218 virorum

184 1240 228 1275 de
246 1240 409 1288 predicta
426 1240 529 1274 firma
546 1239 730 1275 minuetur
755 1258 763 1266 ·
794 1238 906 1274 Salvis
929 1238 1036 1274 etiam
1059 1238 1224 1286 predicto
1244 1238 1419 1287 Episcopo
1438 1244 1474 1274 et
1491 1239 1687 1275 succefl'ori-

183 1297 249 1332 bus
266 1297 334 1332 suis
351 1297 480 1333 nativis
498 1296 702 1332 hominibus
724 1296 820 1332 dicte
838 1301 933 1332 terre
952 1296 1116 1331 omnibus
1134 1301 1170 1331 et
1187 1294 1330 1343 singulis
1357 1315 1365 1323 ·
1394 1296 1430 1331 Si
1456 1301 1576 1332 autem
1603 1310 1686 1333 con-

183 1355 304 1403 tigerit
325 1355 422 1402 quod
442 1354 626 1403 predictus
645 1354 843 1403 Gylbertus
863 1354 922 1390 vel
947 1354 1073 1401 aliquis
1098 1353 1272 1389 heredum
1298 1354 1443 1389 suorum
1465 1359 1591 1390 contra
1608 1368 1686 1403 pre-

183 1413 318 1448 dictam
344 1412 622 1448 conventionem
645 1412 768 1448 venire
790 1411 1038 1460 presumpserit
1066 1430 1074 1439 ·
1104 1411 1201 1447 dabit
1228 1411 1375 1447 nomine
1403 1424 1494 1460 pene
1522 1412 1685 1461 episcopo

183 1469 396 1507 moravienfi
425 1484 470 1506 ·x·
500 1483 635 1506 marcas
662 1469 913 1518 sterlingorum
939 1469 1108 1517 legalium
1136 1488 1145 1497 ·
1175 1474 1343 1505 manente
1370 1469 1623 1505 nichilominus
1649 1476 1686 1506 et

182 1527 333 1564 firmiter
351 1528 569 1564 observanda
586 1527 629 1563 ab
648 1527 778 1563 eisdem
795 1527 959 1576 predicta
981 1527 1222 1563 conventione
1249 1546 1257 1555 ·
1285 1527 1354 1563 hoc
1380 1531 1501 1562 autem
1518 1526 1582 1562 fiet
1598 1540 1685 1574 quo-

181 1586 413 1633 tienscunque
441 1585 575 1621 dictam
603 1586 882 1622 conventionem
906 1585 1024 1621 dictus
1051 1584 1249 1633 Gylbertus
1275 1584 1333 1621 vel
1359 1584 1485 1631 aliquis
1510 1584 1683 1620 heredum

181 1643 325 1678 suorum
340 1643 534 1691 infringere
551 1643 800 1691 presumpserit
824 1662 832 1671 ·
863 1643 908 1678 In
925 1642 1171 1691 premissorum
1190 1647 1311 1678 autem
1329 1642 1472 1677 firmum
1493 1647 1528 1678 et
1545 1642 1684 1678 indubi-

181 1700 288 1735 tabile
312 1700 552 1736 testimonium
570 1700 622 1735 illi
640 1700 733 1748 parti
750 1700 857 1748 hujus
875 1700 1046 1748 scripture
1064 1700 1101 1735 in
1120 1700 1269 1735 modum
1287 1699 1501 1748 cyrographi
1519 1700 1682 1736 confecte

181 1770 249 1805 que
275 1757 480 1793 remansura
506 1757 555 1793 est
580 1758 676 1806 apud
701 1758 905 1806 predictum
933 1757 1150 1806 Gylbertum
1181 1763 1218 1793 et
1247 1757 1396 1793 heredes
1423 1757 1502 1793 suos
1529 1757 1683 1806 appofita

116 1823 119 1825 ’
181 1815 260 1851 sunt
278 1814 388 1863 figilla
405 1815 653 1864 predictorum
668 1815 833 1864 Episcopi
847 1820 882 1852 et
896 1815 1042 1864 capituli
1056 1815 1107 1851 sui
1125 1828 1207 1851 cum
1225 1814 1535 1864 subscriptionibus
1554 1828 1682 1851 eorun-

181 1872 262 1908 dem
281 1891 290 1901 ·
318 1873 420 1909 alteri
437 1886 524 1909 vero
543 1886 611 1920 que
628 1873 832 1909 remansura
849 1873 897 1909 est
914 1873 1008 1921 apud
1027 1873 1229 1921 predictum
1250 1873 1465 1921 Episcopum
1492 1878 1527 1908 et
1554 1873 1681 1909 succes-

180 1930 272 1966 sores
295 1930 374 1967 suos
400 1929 596 1979 appositum
624 1930 672 1966 est
696 1930 848 1978 figillum
867 1930 1034 1979 Gylberti
1058 1944 1141 1966 cum
1165 1929 1263 1979 figno
1288 1930 1443 1979 ejusdem
1468 1930 1650 1966 manifesto
1671 1951 1678 1958 -

181 1987 341 2024 Testibus
359 1989 506 2024 domino
525 1988 572 2024 ·S·
592 1988 728 2024 decano
747 1987 977 2025 moraviensis
995 1987 1137 2025 ecclefie
1151 2008 1159 2016 -
1178 1988 1341 2037 magistro
1354 1988 1423 2024 ·W·
1439 1994 1650 2037 precentore
1669 2008 1676 2016 ·

182 2045 374 2094 Ranulpho
393 2046 643 2082 archidiacono
659 2065 667 2074 ·
688 2046 870 2082 Willelmo
889 2046 1103 2082 cancellario
1118 2065 1127 2074 ·
1156 2046 1334 2095 Gylberto
1353 2046 1397 2082 de
1416 2046 1652 2082 Bradhouche
1668 2065 1675 2073 ·

180 2102 239 2138 ·N·
258 2104 433 2139 monacho
451 2104 553 2139 vallis
570 2103 757 2139 crescentis
776 2124 784 2132 ·
814 2104 921 2140 Petro
941 2109 977 2140 et
994 2104 1161 2141 Johanne
1184 2104 1321 2140 clericis
1338 2103 1464 2139 nostris
1483 2124 1492 2132 ·
1522 2104 1675 2151 Symone

180 2160 224 2196 de
242 2160 384 2209 Orreby
407 2181 415 2189 ·
449 2161 495 2197 R·
521 2162 717 2197 camerario
742 2181 750 2190 ·
779 2162 836 2197 W·
857 2163 901 2198 de
926 2162 1178 2198 Sutherlandia
1196 2182 1204 2190 ·
1234 2162 1291 2197 W·
1311 2162 1385 2197 filio
1404 2161 1456 2197 ·F·
1475 2161 1612 2197 comitis
1631 2160 1674 2195 de

183 2217 257 2254 Ros
275 2238 283 2247 ·
312 2219 451 2255 Aftum
469 2232 564 2255 auno
581 2219 696 2267 gratie
713 2220 966 2257 ‹0⁰-cc⁰·xxxii⁰·
984 2220 1099 2269 pridie
1119 2220 1206 2255 Idus
1225 2219 1439 2268 Septembris
1454 2238 1462 2246 ·

931 2290 960 2313 M
