2060 2660
59 1210 127 1246 129

557 183 873 220 REGISTRUM
902 183 1265 221 MORAVIENSE.
1592 194 1662 226 143

164 284 372 320 tecefl'orum
400 288 435 318 et
463 282 634 318 heredum
665 295 828 318 meorum
857 301 866 309 ·
896 281 978 316 dedi
1001 286 1037 317 et
1059 280 1208 317 concessl
1232 287 1268 317 et
1292 283 1357 318 hac
1383 285 1534 331 presenti
1565 293 1661 323 carta

164 355 242 378 mea
265 340 473 377 confirmavi
497 340 662 388 predieffi
684 339 859 388 Episcopo
884 344 920 374 et
942 337 1084 374 ecelefie
1103 338 1317 375 moravienfi
1334 345 1445 376 totam
1463 344 1661 387 medietam

162 404 292 434 terram
311 398 354 434 de
374 397 672 446 Faynimarthacb
692 417 700 425 ·
725 397 918 432 tenendam
946 402 982 431 et
1004 396 1204 431 habendam
1230 394 1291 431 fibi
1318 402 1353 431 et
1380 397 1520 434 ecclefie
1542 400 1600 436 sue
1624 402 1661 436 in

160 460 372 504 perpetuum
389 474 398 483 ·
417 468 438 490 a
455 455 513 490 via
531 455 631 503 regia
648 468 717 502 que
735 454 784 490 est
801 454 921 490 subtus
938 466 1088 501 magnos
1105 453 1239 501 lapides
1256 452 1385 489 stantes
1399 467 1443 489 ex
1456 461 1556 502 parte
1573 458 1662 493 occi-

161 513 294 549 dentali
321 533 330 541 ·
360 518 396 548 et
413 511 458 548 fic
477 513 723 548 descendendo
741 525 805 560 per
822 512 952 547 vallem
971 511 1030 547 del
1048 511 1172 559 Fayny
1191 511 1328 546 dire&e
1345 511 1454 558 usque
1471 512 1517 547 ad
1535 526 1660 560 aquam

160 570 204 606 de
222 571 312 619 Spee
332 590 341 598 ·
367 576 403 606 et
420 569 465 606 fic
482 570 698 606 transeundo
716 570 835 606 versus
854 570 1076 605 occidentem
1094 569 1202 616 usque
1219 568 1265 604 ad
1282 569 1487 616 proximum
1505 570 1661 606 rivulum

159 633 195 664 et
207 633 354 676 pontem
372 628 554 674 lapideum
574 647 583 656 ·
603 641 684 663 cum
703 628 869 663 omnibus
886 627 954 663 suis
972 626 1248 662 rectitudinibus
1265 645 1273 654 ·
1293 624 1513 674 ayfiamentis
1531 632 1567 662 et
1584 641 1662 674 per-

158 685 316 721 tinentiis
334 686 378 721 ad
398 686 548 721 eandem
568 685 807 733 spectantibus
824 685 881 720 vel
899 685 1058 733 spectare
1075 684 1277 720 valentibus
1299 702 1308 711 ·
1331 683 1369 718 in
1386 696 1513 731 puram
1532 689 1567 719 et
1584 698 1661 733 per-

158 748 300 791 petuam
317 741 542 779 elemofinam
555 762 563 771 ·
579 743 669 778 adeo
688 743 798 778 libere
814 762 822 770 ·
842 742 960 790 quiete
976 762 984 770 ·
1003 742 1163 791 plenarie
1181 746 1217 777 et
1230 741 1427 776 honorifice
1444 740 1531 777 ficut
1545 742 1661 790 aliqua

158 799 346 836 elemosina
364 801 401 836 in
419 813 558 848 rengno
578 800 696 836 Scotie
714 800 757 836 ab
776 800 895 848 aliquo
913 800 1059 835 liberius
1081 819 1090 828 ·
1118 799 1272 847 quietius
1298 818 1306 826 ·
1331 798 1472 844 plenius
1493 804 1529 834 et
1549 799 1661 835 hono-

157 858 351 894 rificentius
368 864 513 894 tenetur
531 863 567 894 et
584 857 778 904 possidetur
801 878 809 886 ·
839 858 884 893 In
906 858 1008 907 cujus
1028 858 1081 894 rei
1101 856 1342 893 testimonium
1360 856 1513 905 presenti
1531 856 1658 905 scripto

156 914 307 963 figillum
327 929 447 952 meum
465 916 609 964 apposui
628 935 637 945 ·
674 915 838 952 Testibus
856 921 922 952 etc·

159 1089 217 1124 De
236 1094 443 1124 tenemento
461 1088 554 1124 infra
570 1089 726 1137 burgum
745 1089 790 1124 de
809 1088 1023 1125 Suthberuic
1042 1108 1051 1117 ·

158 1209 337 1247 Univerfis
361 1211 489 1247 Christi
514 1211 677 1247 fidelibus
702 1212 771 1247 hoc
797 1211 966 1260 scriptum
987 1211 1111 1246 visuris
1132 1211 1190 1247 vel
1214 1211 1389 1247 audituris
1411 1210 1539 1246 Petrus
1562 1211 1656 1246 filius

155 1269 336 1315 quondam
348 1269 371 1306 J
373 1270 523 1304 ohannis
534 1269 598 1304 filii
611 1269 729 1305 Alicie
741 1269 785 1305 de
797 1269 997 1317 Lynlithku
1008 1269 1154 1304 salutem
1167 1269 1204 1304 in
1216 1269 1378 1305 Domino
1389 1268 1638 1316 sempiternam
1646 1288 1653 1296 ·

154 1325 309 1362 Noverit
325 1325 532 1362 universitas
550 1326 664 1362 vestra
680 1340 745 1362 me
756 1325 953 1362 conceffifl'e
977 1346 986 1354 ·
1010 1327 1204 1362 vendidisse
1227 1346 1236 1354 ·
1261 1331 1297 1362 et
1314 1326 1421 1362 titulo
1438 1326 1655 1362 venditionis

153 1389 328 1431 perpetuo
355 1384 534 1420 tradidisse
559 1384 754 1420 venerabili
780 1385 872 1430 patri
899 1384 1046 1419 domino
1071 1383 1301 1420 Archebaldo
1331 1384 1404 1419 Dei
1429 1384 1544 1431 gratia
1570 1384 1655 1430 epis-

153 1454 243 1489 copo
263 1434 640 1478 moravienfinomine
658 1441 799 1478 ecclefie
817 1442 876 1477 sue
893 1440 1123 1478 ffloravienfis
1141 1447 1253 1477 totam
1271 1441 1369 1476 illam
1387 1446 1520 1476 terram
1537 1454 1654 1477 meam

152 1512 257 1546 quam
285 1500 390 1536 habui
418 1501 510 1536 infra
535 1501 656 1536 villam
685 1501 728 1536 de
756 1501 979 1548 Suthbueryc
1004 1513 1085 1535 cum
1111 1500 1275 1536 omnibus
1299 1499 1445 1535 edificiis
1469 1500 1507 1534 in
1528 1500 1652 1535 eadem

152 1557 349 1593 constitutis
367 1564 403 1594 et
420 1557 564 1606 singulis
582 1558 806 1606 pertinentiis
824 1558 892 1593 suis
910 1557 1131 1593 libertatibus
1150 1563 1186 1593 et
1203 1556 1423 1606 ayfiamentis
1443 1555 1515 1592 fine
1532 1556 1651 1604 aliquo

152 1615 390 1651 retinemento
417 1629 490 1651 una
516 1629 598 1651 cum
626 1616 724 1651 omni
746 1615 829 1663 jure
854 1621 891 1650 et
917 1615 1054 1650 clameo
1080 1615 1177 1662 quod
1202 1614 1311 1651 habui
1333 1615 1372 1649 in
1398 1614 1520 1650 eadem
1549 1633 1558 1642 ·
1584 1627 1651 1662 pro

151 1677 295 1708 centum
310 1673 408 1708 libris
421 1673 671 1721 sterlingorum
690 1673 860 1720 legalium
878 1686 964 1720 quas
981 1673 1076 1708 idem
1091 1672 1286 1721 Episcopus
1303 1672 1341 1707 in
1357 1672 1493 1707 summa
1509 1670 1652 1708 necefli-

150 1734 223 1765 tate
241 1743 320 1765 mea
336 1743 400 1778 pre
418 1731 581 1766 manibus
599 1731 704 1779 plene
723 1730 926 1766 numeravit
944 1735 980 1766 et
998 1730 1145 1765 tradidit
1169 1749 1177 1758 ·
1205 1730 1250 1766 de
1268 1743 1338 1777 qua
1354 1743 1411 1765 me
1429 1735 1536 1765 teneo
1559 1730 1650 1766 bene

151 1792 318 1835 pagatum
345 1793 381 1824 et
407 1788 568 1836 quietum
593 1807 602 1816 ·
629 1788 818 1824 attendens
843 1788 880 1823 in
906 1788 975 1823 hoc
1000 1801 1116 1824 meam
1144 1788 1335 1823 utilitatem
1362 1787 1460 1823 fuifl'e
1488 1788 1620 1824 saetam
1641 1808 1648 1815 -

127 1850 129 1853 '
150 1857 217 1891 que
234 1845 377 1892 quidem
394 1851 491 1881 terra
502 1845 599 1894 jacet
617 1846 720 1894 super
739 1846 772 1881 le
787 1846 894 1894 Nyfl'e
913 1846 950 1881 in
968 1845 1117 1894 longum
1138 1865 1147 1874 ·
1166 1850 1202 1881 et
1218 1846 1257 1881 in
1274 1846 1385 1881 latum
1404 1846 1499 1881 inter
1515 1851 1647 1881 terram

152 1901 301 1938 Roberti
320 1903 364 1938 de
384 1903 551 1951 Kingorn
570 1916 615 1939 ex
632 1909 734 1951 parte
752 1903 947 1951 aquilonali
964 1908 1000 1939 et
1017 1909 1150 1940 terram
1169 1902 1253 1939 Ade
1271 1904 1315 1939 de
1334 1903 1461 1951 Seleby
1480 1917 1523 1939 ex
1546 1909 1646 1951 parte

150 1958 288 1995 australi
306 1979 315 1988 ·
333 1974 440 2008 quam
458 1974 546 1996 vero
564 1966 697 1996 terram
715 1961 823 1996 habui
841 1974 886 1996 ex
903 1961 999 1996 dono
1018 1966 1054 1997 et
1071 1961 1262 1997 collatione
1280 1961 1389 2009 patris
1407 1961 1476 1996 mei
1494 1961 1646 2009 predicti

151 2021 185 2051 et
201 2017 246 2052 ad
262 2018 493 2053 vendendum
512 2018 626 2053 obtuli
647 2019 685 2053 in
705 2018 869 2054 tolbotha
886 2019 930 2054 de
949 2018 1171 2067 Suthbervyc
1189 2019 1234 2054 ad
1252 2019 1320 2053 tria
1337 2018 1467 2066 placita
1483 2019 1645 2066 capitalia

149 2072 338 2110 secundum
354 2075 471 2123 legem
490 2081 526 2111 et
543 2074 674 2111 affisam
692 2076 797 2124 burgi
816 2095 825 2104 ·
857 2075 1069 2112 Tenendam
1089 2081 1125 2112 et
1142 2076 1340 2111 habendam
1356 2076 1454 2111 dieto
1470 2076 1642 2124 Episcopo

149 2135 184 2165 et
200 2131 340 2167 ecclefie
358 2132 416 2168 sue
431 2132 646 2169 moraviensi
662 2132 731 2168 five
749 2132 951 2181 affingnatis
970 2133 1037 2169 suis
1055 2134 1092 2168 in
1110 2139 1324 2182 perpetuum
1343 2133 1453 2168 libere
1472 2152 1480 2160 ·
1500 2134 1617 2180 quiete
1633 2153 1641 2161 ·

148 2186 304 2234 plenarie
325 2194 361 2224 et
382 2190 579 2225 honorifice
601 2195 637 2225 et
657 2190 802 2239 pacifice
822 2209 830 2218 ·
860 2190 1061 2226 Reddendo
1088 2191 1172 2226 inde
1198 2189 1342 2238 fingulis
1368 2190 1469 2224 annis
1495 2191 1641 2225 domino

150 2244 241 2291 Regi
257 2258 323 2293 pro
341 2247 438 2282 omni
457 2247 600 2283 servitio
619 2267 627 2275 -
647 2247 902 2283 consuetudine
921 2267 931 2276 ·
952 2248 1140 2283 exafifione
1167 2253 1203 2283 et
1229 2247 1406 2283 demanda
1428 2246 1639 2282 secularibus

147 2302 193 2337 ad
217 2304 400 2340 consuetos
425 2306 597 2341 terminos
620 2306 726 2353 burgi
751 2305 822 2341 ·vii·
846 2306 1010 2341 denarios
1034 2311 1070 2341 et
1094 2305 1240 2340 obolum
1262 2323 1271 2332 ο
1300 2304 1345 2339 In
1363 2303 1463 2352 cujus
1480 2304 1531 2339 rei
1548 2303 1639 2339 testi-

147 2360 306 2396 monium
322 2362 474 2409 presenti
492 2363 620 2411 scripto
637 2362 789 2411 figillum
807 2376 927 2399 meum
946 2363 1091 2411 apposui
1109 2382 1118 2390 ·
1146 2361 1308 2397 Testibus
1325 2366 1391 2396 etc-
