2060 2660
358 168 426 206 178
751 162 1068 200 REGISTRUM
1098 163 1316 200 MORAVI
1325 164 1463 200 ENSE.

355 263 516 311 pradic'ta
535 282 543 291 ·
571 276 615 299 ex
639 270 736 299 certa
760 263 903 299 scientia
928 269 964 299 et
990 263 1163 298 malitioso
1186 261 1364 310 proposito
1393 275 1434 297 ac
1463 261 1584 297 animo
1614 261 1773 299 vindicte
1801 278 1861 300 ne-

354 321 471 369 quiter
489 321 691 357 affumende
711 341 719 349 ·
740 321 855 370 posuit
873 320 1053 356 constituit
1071 334 1111 356 ac
1126 320 1211 368 poni
1230 332 1269 355 ac
1284 318 1448 354 constitui
1463 319 1670 366 procuravit
1688 321 1732 356 ad
1752 321 1859 370 ipsam

355 378 532 415 ecclefiam
558 393 598 415 ac
621 379 740 415 villam
761 380 806 415 de
827 379 1004 426 Inuernys
1028 378 1137 413 laicos
1161 382 1325 425 potentes
1347 389 1501 423 quorum
1527 378 1687 425 potentie
1705 392 1746 414 ac
1769 379 1860 416 fero-

354 427 450 473 citati
475 435 578 472 resisti
602 450 676 472 non
694 437 812 485 potuit
829 435 1083 484 quoquomodo
1103 454 1111 462 ·
1142 440 1182 469 ut
1205 439 1293 481 puta
1316 433 1474 469 nobilem
1493 439 1529 469 et
1547 448 1676 483 magne
1693 438 1859 483 potencie

354 495 471 531 virum
499 495 568 530 ·W·
595 496 638 531 de
662 495 713 531 ·F·
738 495 798 542 qui
827 494 973 529 nomine
998 498 1034 528 et
1062 505 1106 527 ex
1135 497 1235 539 parte
1262 490 1350 526 dieti
1376 490 1527 527 Abbatis
1551 505 1633 528 cum
1662 500 1798 531 armata
1824 502 1859 531 et

353 554 480 601 grandi
505 567 612 589 manu
640 552 811 600 ingressus
837 551 1014 586 violenter
1040 549 1168 597 prefati
1192 548 1315 583 vicarii
1343 548 1469 584 domos
1489 569 1498 577 ·
1525 549 1703 587 clausuras
1721 557 1757 588 et
1774 552 1859 588 ostia

352 612 459 659 fregit
477 617 512 647 et
530 611 645 659 frangi
663 611 745 646 feeit
764 630 772 638 ·
791 608 962 645 victualia
983 613 1019 643 et
1043 620 1099 642 res
1121 606 1206 642 alias
1229 606 1383 642 diversas
1400 607 1531 643 ibidem
1551 614 1709 657 repertas
1727 610 1858 646 destru-

353 669 447 705 endo
474 669 657 718 spoliando
683 681 723 704 ac
749 668 854 703 etiam
880 667 917 701 in
941 665 1074 701 receffu
1092 665 1154 700 suo
1173 664 1289 700 secum
1309 664 1523 713 asportando
1550 686 1558 694 ·
1584 671 1691 714 atque
1710 668 1858 716 persone

352 733 387 762 et
414 727 643 763 familiaribus
670 725 773 775 ipfius
799 724 921 760 vicarii
948 720 1182 759 diverfimode
1209 722 1416 771 injuriando
1436 742 1444 751 ·
1468 736 1534 760 nec
1561 737 1636 760 non
1663 730 1699 761 et
1722 724 1856 773 ipfimet

352 786 485 821 vicario
504 786 540 820 in
558 785 707 834 persona
729 784 773 819 ad
801 788 953 818 mortem
981 780 1236 816 comminando
1260 781 1298 816 in
1322 786 1462 817 tantum
1490 783 1588 830 quod
1612 783 1649 819 in
1675 784 1855 832 propriam

352 843 499 879 domum
529 843 678 878 introire
710 855 785 877 non
818 839 971 876 audebat
999 852 1066 874 nec
1097 838 1227 874 alicubi
1258 839 1295 874 in
1327 839 1412 875 villa
1442 853 1649 887 comparere
1677 841 1735 878 sed
1763 842 1857 878 intra

351 900 527 937 ecclesiam
547 900 828 949 compellebatur
850 898 990 933 latitare
1016 896 1232 932 clandestine
1258 897 1441 945 quousque
1467 898 1634 934 securitas
1657 912 1722 945 per
1748 901 1856 936 maxi-

352 972 425 995 mas
443 958 626 994 instancias
644 963 679 993 et
697 958 892 1004 proborum
912 955 1071 1001 plurium
1090 955 1335 991 interventum
1350 954 1420 992 five
1438 954 1721 993 interceffionem
1740 971 1762 993 a
1779 971 1856 1005 pre-

351 1017 423 1052 fato
441 1017 578 1063 potenti
598 1021 740 1062 recepta
757 1015 873 1050 suerat
891 1027 957 1060 pro
976 1013 1102 1049 eodem
1131 1033 1139 1041 ·
1166 1013 1377 1061 dicebatque
1395 1014 1537 1061 publice
1555 1020 1591 1050 et
1609 1015 1725 1062 palam
1744 1022 1781 1052 et
1799 1030 1856 1053 ex-

349 1075 459 1123 press'e
477 1075 605 1110 nobilis
623 1074 845 1120 supradictus
864 1072 975 1119 ipsum
996 1085 1039 1108 ex
1057 1077 1160 1118 parte
1178 1072 1396 1108 auctoritate
1410 1085 1452 1108 ac
1465 1072 1510 1108 de
1523 1073 1693 1109 consensu
1710 1080 1746 1110 et
1759 1088 1856 1111 man-

349 1133 431 1168 dato
451 1131 553 1178 ipsius
574 1132 723 1167 Abbatis
741 1131 884 1177 penitus
903 1135 938 1165 et
956 1143 1030 1165 non
1050 1130 1153 1165 aliter
1174 1130 1243 1166 hoc
1267 1130 1382 1166 feciffe
1410 1149 1418 1158 ·
1444 1130 1546 1179 cujus
1563 1131 1650 1167 sacti
1667 1133 1853 1169 veritatem

347 1190 537 1238 expressam
566 1195 601 1225 et
629 1189 847 1225 infallibilem
872 1188 992 1236 arguit
1015 1201 1137 1236 ymmo
1161 1188 1290 1234 probat
1313 1188 1470 1235 expreffe
1489 1194 1526 1225 et
1542 1189 1733 1226 efficaciter
1751 1204 1854 1240 expe-

348 1248 474 1283 rientia
498 1253 533 1283 et
560 1248 663 1282 series
689 1247 740 1283 rei
767 1246 860 1295 geste
888 1266 896 1274 ·
924 1259 1007 1282 nam
1033 1246 1168 1281 constat
1190 1246 1288 1294 quod
1319 1259 1394 1282 non
1425 1252 1508 1282 ante
1539 1247 1731 1296 ingressum
1759 1249 1854 1286 illius

346 1306 445 1341 cause
470 1304 538 1341 live
565 1305 636 1340 litis
664 1305 721 1340 sed
744 1304 820 1351 post
845 1310 881 1340 et
908 1310 992 1340 ante
1020 1304 1119 1340 illam
1144 1304 1354 1340 violentiam
1382 1305 1599 1341 commissam
1624 1319 1690 1342 nec
1715 1320 1789 1342 non
1818 1314 1853 1343 et

345 1370 506 1410 tempore
535 1364 628 1399 illius
652 1363 823 1399 violentie
848 1363 1028 1399 commisse
1051 1361 1138 1398 ficut
1159 1368 1196 1398 et
1217 1362 1294 1409 post
1311 1368 1346 1398 et
1365 1363 1471 1398 etiam
1496 1364 1668 1400 continue
1685 1364 1794 1412 usque
1816 1366 1851 1401 in

345 1421 485 1468 presens
512 1427 653 1470 tempus
680 1422 837 1470 prefatus
862 1421 993 1457 nobilis
1011 1426 1048 1457 et
1066 1427 1193 1469 potens
1210 1426 1425 1469 procurator
1443 1419 1546 1468 ipsius
1566 1421 1719 1458 Abbatis
1735 1423 1852 1459 fuerat

344 1479 553 1515 constitutus
582 1486 618 1516 et
648 1480 684 1515 in
713 1478 925 1527 quibussibet
953 1479 1022 1515 suis
1051 1479 1164 1515 literis
1191 1477 1260 1515 five
1290 1479 1547 1528 procuratoriis
1576 1481 1789 1516 nominatim
1817 1488 1851 1517 et

345 1538 539 1584 specialiter
567 1539 841 1585 comprehensus
869 1552 910 1574 ac
938 1537 1282 1574 administrationem
1310 1538 1497 1573 fructuum
1526 1538 1688 1574 omnium
1716 1540 1851 1587 prefate

345 1595 485 1632 ecclesie
505 1597 548 1631 de
566 1597 741 1645 lnuernys
761 1597 900 1632 ratione
918 1596 1013 1632 illius
1031 1596 1133 1632 cause
1151 1596 1244 1631 solus
1266 1601 1302 1632 et
1323 1596 1362 1631 in
1379 1595 1531 1631 solidum
1550 1597 1716 1643 optinens
1735 1603 1770 1634 et
1788 1598 1851 1633 dis-

345 1667 481 1700 ponens
497 1668 560 1702 pro
577 1655 633 1690 suo
652 1655 752 1690 libito
771 1655 966 1690 voluntatis
979 1674 987 1683 ·
1017 1655 1073 1690 Ex
1088 1654 1216 1702 quibus
1234 1654 1329 1690 clare
1343 1653 1511 1690 concludi
1528 1654 1643 1700 potest
1660 1656 1757 1703 quod
1777 1669 1849 1692 non

345 1712 456 1747 solum
486 1712 530 1747 ad
561 1713 859 1748 committendum
888 1713 1097 1749 violentiam
1123 1712 1363 1759 supradictam
1385 1725 1507 1760 ymmo
1528 1713 1574 1748 ad
1601 1714 1850 1761 occupandum

345 1769 551 1805 violentiam
567 1775 602 1805 et
620 1770 879 1806 absorbendum
894 1776 929 1806 et
943 1770 1144 1806 tollendum
1154 1770 1215 1819 jus
1228 1770 1340 1817 partis
1353 1775 1390 1806 et
1403 1770 1584 1807 ordinarie
1591 1770 1851 1819 jurisdictionis

344 1828 454 1874 gratis
472 1841 516 1862 ex
534 1826 711 1876 proposito
730 1828 856 1874 prefati
873 1828 1024 1864 Abbatis
1038 1827 1286 1877 malignissimo
1305 1834 1341 1864 et
1358 1827 1620 1877 proterviffimo
1634 1829 1752 1865 suerat
1767 1843 1851 1866 con-

344 1884 482 1920 stitutus
502 1905 510 1913 ·
531 1899 645 1933 neque
663 1886 724 1921 ista
742 1886 876 1922 malitia
891 1885 960 1922 five
979 1887 1139 1934 nequitia
1156 1886 1204 1922 est
1222 1892 1414 1923 contentus
1431 1886 1493 1934 qui
1511 1887 1617 1923 etiam
1633 1887 1669 1923 in
1684 1888 1850 1924 omnibus

344 1943 411 1978 suis
434 1942 584 1979 ecclesiis
609 1944 666 1979 vel
691 1942 785 1991 quasi
808 1944 989 1981 constituit
1014 1945 1124 1981 laicos
1148 1945 1370 1994 potentiores
1395 1945 1456 1992 qui
1483 1945 1635 1981 vicarios
1660 1945 1740 1981 suos
1765 1959 1846 1994 pau-

343 2014 445 2049 peres
472 2002 515 2037 de
542 2000 766 2050 pensionibus
793 2002 842 2038 eis
869 2002 995 2038 debitis
1021 2003 1079 2039 vel
1107 2003 1285 2051 aliquibus
1312 2003 1497 2052 particulis
1525 2003 1719 2039 earundem
1752 2004 1849 2040 unde

343 2059 462 2095 saltem
482 2060 591 2095 vitam
615 2073 805 2108 pauperem
830 2060 960 2096 ducere
982 2061 1125 2097 valeant
1155 2061 1307 2110 spoliant
1333 2061 1391 2096 vel
1419 2060 1613 2096 detrahunt
1642 2080 1650 2089 ·
1679 2061 1786 2097 etiam
1813 2069 1847 2098 et

342 2117 531 2165 populares
554 2118 762 2166 opprimunt
781 2137 789 2145 ·
809 2116 959 2153 ecclefiis
982 2124 1017 2154 et
1040 2119 1224 2155 animabus
1254 2118 1373 2155 debita
1400 2118 1541 2154 servitia
1567 2118 1780 2154 subtrahunt
1810 2120 1847 2155 in

341 2181 480 2210 tantum
512 2176 609 2223 quod
637 2180 784 2224 propter
815 2175 1010 2224 potentiam
1039 2176 1164 2212 talium
1191 2177 1402 2214 secularium
1429 2189 1496 2212 nec
1527 2176 1701 2212 ordinarii
1731 2176 1847 2214 facere

341 2233 482 2281 pofl'unt
499 2239 540 2269 ut
558 2232 708 2269 ecclesiis
726 2247 852 2269 eorum
871 2234 1102 2282 provideatur
1121 2235 1227 2271 etiam
1247 2236 1292 2271 de
1310 2235 1438 2271 vilibus
1457 2234 1677 2270 ornamentis
1708 2254 1717 2263 ·
1749 2236 1845 2283 quod

340 2291 377 2326 in
395 2290 538 2328 ecclelia
555 2291 758 2340 supradicta
776 2291 820 2327 de
840 2291 1018 2340 Inuernys
1037 2311 1045 2320 ·
1073 2292 1133 2340 qui
1152 2293 1258 2330 etiam
1274 2294 1375 2330 locus
1392 2292 1521 2329 nobilis
1534 2292 1674 2329 validus
1692 2298 1728 2329 et
1746 2291 1846 2342 infig-
