2060 2660
341 165 409 196 118
734 163 1050 200 REGISTRUM
1078 162 1440 199 MORAVIENSE.

340 260 508 298 troversia
525 262 636 309 magis
653 263 860 298 accenditur
877 268 978 298 tanto
1000 262 1150 297 celerius
1172 262 1217 296 ad
1240 259 1451 296 decisionem
1474 259 1545 295 litis
1569 262 1738 297 convenit
1760 276 1841 311 pro-

340 331 464 365 perare
493 339 501 347 ·
543 320 637 356 Cum
668 320 777 367 igitur
803 320 897 356 inter
924 319 1163 355 venerabilem
1190 323 1326 366 patrem
1355 317 1541 352 dominum
1572 317 1840 356 Archebaldum

342 376 413 411 Dei
427 378 542 424 gratia
555 378 813 415 moraviensem
833 377 1033 425 episcopum
1053 390 1097 411 ex
1115 381 1215 423 parte
1233 388 1307 409 una
1321 394 1329 402 -
1345 379 1380 409 et
1395 373 1584 409 Decanum
1600 380 1635 411 et
1650 378 1841 413 canonicos

341 434 581 471 moravienses
599 435 642 471 de
662 435 892 483 dignitatibus
911 439 946 470 et
963 434 1112 468 aliarum
1137 431 1335 467 liberalium
1358 430 1617 479 prebendarum
1638 446 1682 468 ex
1700 434 1812 471 altera
1830 455 1838 463 ·

342 491 443 539 super
469 493 730 541 prebendarum
758 493 898 528 suarum
923 497 957 526 et
981 488 1202 526 ecclefiarum
1227 489 1272 524 ad
1297 488 1433 524 easdem
1455 489 1711 536 pertinentium
1728 491 1840 529 vifita-

342 549 439 585 tione
466 556 502 586 et
528 563 669 586 morum
696 549 949 586 reformatione
976 553 1049 583 tam
1073 546 1198 582 decani
1221 559 1326 593 quam
1349 545 1502 581 aliorum
1524 548 1778 585 canonicorum
1805 556 1841 587 et

342 607 554 643 clericorum
580 613 616 643 et
640 608 747 644 etiam
770 606 1009 642 ministrorum
1035 624 1043 632 ·
1066 604 1281 639 vicariorum
1302 623 1310 631 ·
1336 603 1602 651 capellanorum
1623 625 1631 633 ·
1659 607 1841 654 parochia-

344 678 473 700 norum
492 666 669 701 dictarum
688 665 949 713 prebendarum
974 682 982 690 ·
1010 675 1076 698 nec
1103 674 1177 696 non
1205 666 1240 696 et
1260 660 1510 709 jurisdictione
1537 662 1581 697 ad
1609 663 1745 699 easdem
1764 678 1841 713 pre-

343 722 477 758 bendas
502 729 538 759 et
565 721 722 759 ecclesias
749 722 950 771 pertinente
974 719 1115 755 suborta
1132 718 1247 754 fuiffet
1272 719 1420 754 materia
1443 719 1632 766 questionis
1659 741 1667 749 ·
1696 722 1841 759 tandem

342 781 557 816 auctoritate
579 780 768 828 apostolica
789 779 891 814 nobis
917 779 954 813 in
981 778 1045 812 hac
1072 782 1172 825 parte
1199 771 1536 812 commiffa'vocatis
1562 778 1727 814 omnibus
1753 794 1841 828 quos

342 838 444 873 causa
461 838 576 885 tangit
595 844 629 873 et
648 837 806 886 partibus
824 849 943 871 coram
962 835 1063 870 nobis
1082 833 1279 869 constitutis
1306 854 1314 862 ·
1345 834 1413 870 fuit
1437 847 1482 870 ex
1504 841 1606 883 parte
1624 835 1727 884 ipsius
1745 838 1842 886 Epis-

343 895 422 943 copi
448 896 599 944 petitum
626 895 721 942 quod
745 908 827 930 cum
849 907 893 929 ex
917 892 1101 940 diligentia
1124 891 1305 940 pastoralis
1329 891 1435 927 officii
1459 892 1504 927 ad
1527 893 1594 929 hoc
1612 899 1778 930 teneatur
1796 896 1840 931 de

336 953 420 1001 jure
438 953 619 988 communi
638 953 734 1000 quod
752 950 811 987 fibi
830 951 933 986 liceat
953 963 1076 985 omnes
1094 948 1254 985 ecclesias
1272 955 1308 985 et
1325 949 1523 998 prebendas
1540 954 1613 986 tam
1629 951 1672 987 de
1691 953 1841 1000 dignita-

342 1010 435 1045 tibus
452 1024 557 1058 quam
576 1016 710 1046 ceteras
728 1009 906 1045 universas
920 1007 1058 1044 visitare
1077 1021 1117 1043 ac
1135 1007 1329 1043 secundum
1348 1007 1497 1043 sormam
1511 1008 1604 1056 juris
1618 1023 1687 1057 que
1705 1010 1750 1045 ad
1768 1010 1842 1046 vifi-

342 1068 485 1103 tationis
512 1068 665 1103 officium
694 1067 826 1115 spectat
850 1067 887 1101 in
913 1066 962 1102 eis
986 1065 1181 1113 adimplere
1201 1085 1208 1093 -
1237 1078 1380 1101 necnon
1399 1071 1434 1101 et
1452 1066 1607 1101 excessus
1624 1072 1697 1102 tam
1717 1068 1842 1105 decani

342 1139 447 1172 quam
475 1126 728 1161 canonicorum
756 1124 1003 1160 universorum
1027 1129 1062 1159 et
1084 1122 1303 1171 singulorum
1328 1128 1364 1159 et
1381 1123 1595 1160 clericorum
1615 1125 1659 1160 de
1677 1126 1788 1162 choro
1806 1133 1841 1162 et

343 1183 580 1218 ministrorum
600 1183 793 1218 eorundem
813 1182 1028 1218 vicariorum
1049 1187 1084 1217 et
1103 1181 1368 1230 capellanorum
1388 1186 1424 1217 et
1442 1182 1739 1230 parochianorum
1765 1198 1842 1232 pre-

342 1241 518 1276 dictarum
546 1239 768 1276 ecclesiarum
796 1240 976 1288 corrigere
1001 1259 1008 1267 ·
1035 1253 1076 1275 ac
1099 1252 1223 1275 eorum
1248 1253 1365 1275 mores
1388 1252 1433 1275 ne
1457 1239 1611 1288 ipsorum
1634 1241 1774 1289 sanguis
1798 1243 1842 1278 de

341 1298 502 1333 manibus
521 1299 722 1345 requiratur
740 1298 849 1334 libere
867 1298 984 1334 valeat
1002 1298 1197 1333 reformare
1217 1317 1225 1325 ·
1246 1304 1281 1333 et
1299 1311 1367 1345 que
1385 1298 1430 1333 ad
1442 1297 1730 1346 jurisdictionem
1750 1301 1842 1335 ordi-

342 1357 475 1391 nariam
495 1357 675 1404 pertinent
694 1356 947 1392 inviolabiliter
971 1369 1138 1392 exercere
1158 1375 1165 1383 ·
1194 1355 1272 1391 Nos
1298 1355 1408 1403 igitur
1434 1355 1564 1391 auditis
1588 1361 1624 1391 et
1650 1357 1842 1393 intellectis

341 1415 450 1449 totius
468 1414 568 1450 cause
587 1415 721 1450 meritis
739 1414 846 1450 finem
866 1414 986 1449 litibus
1004 1414 1188 1462 imponere
1207 1413 1369 1449 volentes
1391 1433 1399 1441 ·
1429 1413 1472 1449 de
1490 1413 1676 1449 voluntate
1701 1420 1737 1450 et
1760 1429 1842 1451 con-

342 1472 437 1507 sen'su
460 1472 612 1520 partium
633 1492 641 1500 ·
664 1473 783 1508 habita
807 1472 1064 1508 deliberatione
1089 1471 1251 1519 diligenti
1270 1476 1305 1506 et
1323 1471 1484 1506 virorum
1506 1472 1726 1519 prudentum
1748 1486 1842 1508 eom-

343 1530 522 1564 municato
541 1529 683 1565 consilio
697 1550 705 1558 ·
725 1530 939 1565 auGtoritate
957 1529 1121 1578 predicta
1138 1529 1188 1564 ita
1206 1529 1373 1564 duximus
1388 1529 1626 1564 ordinandum
1643 1549 1650 1557 ·
1666 1536 1707 1566 ut
1725 1530 1842 1567 dictus

343 1586 572 1623 moraviensis
587 1587 779 1636 Episcopus
794 1593 829 1623 et
844 1588 919 1636 ejus
933 1587 1141 1623 successores
1159 1593 1231 1622 tam
1250 1587 1294 1622 ad
1314 1585 1547 1622 visitationem
1563 1587 1688 1622 decani
1702 1593 1738 1624 et
1751 1589 1842 1637 capi-

344 1644 409 1680 tuli
431 1658 536 1691 quam
561 1645 814 1681 canonicorum
842 1665 849 1673 ·
877 1646 1089 1681 clericorum
1109 1645 1208 1680 chori
1227 1658 1267 1680 ac
1286 1644 1524 1679 ministrorum
1546 1664 1554 1672 ·
1573 1645 1788 1681 vicariorum
1807 1652 1842 1682 et

344 1700 564 1737 ecclesiarum
594 1703 861 1750 prebendalium
888 1703 932 1738 de
957 1702 1189 1751 dignitatibus
1208 1708 1243 1738 et
1260 1702 1410 1737 aliarum
1430 1702 1628 1737 liberalium
1648 1703 1843 1751 prebenda-

345 1772 423 1795 rum
444 1779 451 1788 ·
472 1765 507 1795 et
530 1760 574 1795 ad
598 1760 796 1795 excess‘uum
824 1761 1085 1797 correctionem
1114 1760 1380 1809 capellanorum
1409 1765 1445 1795 et
1471 1760 1768 1808 parochianorum
1796 1762 1841 1797 ad

345 1817 521 1865 predictas
540 1817 770 1865 prebendales
789 1817 946 1854 ecclesias
959 1819 1216 1866 pertinentium
1235 1831 1275 1853 ac
1294 1831 1433 1853 morum
1449 1818 1739 1854 reformationem
1758 1819 1841 1855 libe-

345 1875 466 1910 raliter
494 1875 729 1910 admittantur
748 1895 755 1903 ·
784 1876 833 1911 ita
851 1876 979 1912 scilicet
1002 1877 1098 1924 quod
1123 1877 1242 1912 dictus
1261 1875 1454 1924 Episcopus
1477 1881 1513 1911 et
1537 1875 1612 1923 ejus
1636 1876 1842 1912 successores

345 1932 486 1980 lingulis
504 1933 605 1968 annis
624 1946 688 1981 pro
708 1933 881 1969 decanatu
900 1935 1151 1982 procuratione
1170 1934 1276 1970 unica
1294 1932 1360 1969 fint
1378 1933 1538 1969 contenti
1567 1952 1575 1960 ·
1604 1947 1669 1981 pro
1696 1947 1841 1981 precen-

344 1991 435 2025 toria
450 2010 457 2017 ·
473 1990 689 2025 thesauraria
703 2010 710 2018 -
730 1992 1019 2027 archidiaconatu
1035 2012 1042 2020 ·
1059 1997 1094 2027 et
1108 2005 1173 2040 pro
1188 1991 1370 2040 prebenda
1384 1991 1428 2026 de
1443 1991 1564 2039 Spyny
1579 2010 1586 2018 ·
1606 2004 1671 2039 pro
1686 1991 1842 2038 qualibet

344 2061 464 2083 earum
492 2046 635 2095 lingulis
660 2049 762 2084 annis
784 2049 890 2084 unica
907 2048 1063 2085 similiter
1082 2050 1334 2098 procuratione
1353 2047 1419 2084 fint
1437 2049 1597 2084 contenti
1616 2068 1624 2076 ·
1652 2048 1736 2084 alias
1755 2062 1840 2084 vero

343 2105 540 2154 prebendas
566 2111 601 2141 et
628 2106 817 2153 dignitates
844 2113 879 2142 et
906 2120 1029 2142 omnes
1051 2106 1209 2142 ecclesias
1232 2108 1277 2142 ad
1300 2107 1387 2155 ipsas
1405 2106 1625 2155 pertinentes
1643 2112 1750 2153 prout
1769 2108 1842 2142 ani-

345 2176 482 2198 marum
503 2176 588 2198 cura
610 2164 758 2210 requirit
781 2169 815 2198 et
838 2164 1001 2211 quotiens
1026 2178 1114 2212 opus
1137 2165 1244 2200 suerit
1271 2163 1408 2200 visitare
1432 2177 1505 2199 non
1531 2163 1698 2199 omittant
1717 2183 1724 2191 ·
1745 2170 1780 2199 et
1799 2164 1841 2199 ab

345 2222 394 2256 eis
412 2219 498 2256 ficut
516 2221 685 2256 convenit
699 2228 939 2269 procurentur
952 2241 960 2249 ·
975 2235 1040 2269 pro
1055 2221 1251 2258 visitatione
1267 2223 1302 2257 in
1317 2221 1459 2258 ecclesia
1473 2221 1666 2257 cathedrali
1681 2221 1843 2257 facienda

348 2279 551 2326 procuratio
578 2292 599 2314 a
627 2279 783 2327 capitulo
809 2292 880 2314 uon
909 2279 1080 2327 prestetur
1103 2300 1110 2307 -
1142 2280 1342 2316 Reservatis
1368 2286 1488 2316 tamen
1515 2279 1619 2315 dietis
1646 2279 1781 2315 decano
1808 2285 1843 2316 et
