2060 2660
325 163 371 204 76
720 157 1035 196 REGISTRUM
1063 153 1427 192 MORAVIENSE.

330 261 408 307 Ego
430 259 642 308 Radulphus
659 259 780 295 rector
798 257 938 294 ecclefie
957 257 1001 292 de
1020 255 1159 301 Elchyn
1187 272 1195 281 ·
1225 253 1303 300 Ego
1325 251 1508 287 Henricus
1525 251 1675 300 persona
1702 272 1710 280 ·
1744 253 1822 301 Ego

327 317 523 353 Nicholaus
551 317 702 352 vicarius
731 317 775 352 de
804 316 951 363 Rothyn
987 340 994 348 .
1033 312 1111 359 Ego
1136 310 1316 346 Gillemor
1338 309 1491 344 vicarius
1520 309 1564 344 de
1592 309 1793 359 Buchtarry
1814 331 1822 338 ·

332 375 410 422 Ego
442 374 678 410 Donenaldus
712 374 860 422 persona
891 373 934 407 de
966 368 1162 406 Cromdole
1197 387 1205 395 ·
1247 367 1326 414 Ego
1359 366 1567 402 Alexander
1598 368 1748 415 persona
1779 369 1823 404 de

330 432 359 467 F
360 444 526 480 arneway
542 451 550 459 ·
572 431 649 478 Ego
666 431 876 478 Radulphus
894 427 1045 463 vicarius
1065 425 1122 460 del
1141 427 1228 472 moy
1247 444 1255 451 ·
1277 424 1355 472 Ego
1375 424 1588 461 malcolmus
1605 425 1759 461 vicarius
1777 427 1821 462 de

333 489 425 524 Keth
446 508 454 516 ·
477 489 554 536 Ego
574 489 706 535 Symon
725 487 874 522 vicarius
892 486 935 521 de
954 482 1091 530 Dolays
1109 481 1241 518 michel
1261 501 1269 509 ·
1291 482 1370 529 Ego
1388 481 1569 517 Henricus
1587 482 1631 518 de
1648 483 1822 531 Kynedor

330 546 502 581 subscribo
521 566 529 573 ·

330 718 545 767 Compositio
564 718 666 766 super
683 723 778 753 terr'a
796 714 935 752 ecclefie
954 716 997 751 de
1017 713 1223 762 Abirnythy
1239 733 1247 741 ·

330 833 507 868 Noverint
535 845 657 867 omnes
685 832 729 867 ad
758 844 846 879 quos
874 831 1049 879 presentes
1080 830 1182 865 litere
1213 829 1444 877 pervenerint
1474 830 1570 876 quod
1601 829 1822 877 litigantibus

329 891 420 925 inter
434 890 466 925 se
484 889 674 925 venerabili
695 894 792 937 patre
809 888 957 923 Andrea
972 886 1185 924 moraviensi
1205 886 1367 934 episcopo
1386 900 1430 922 ex
1448 892 1548 934 parte
1567 901 1640 923 una
1657 892 1693 923 et
1710 887 1821 922 nobili

329 949 404 983 viro
423 948 558 985 Jacobo
577 948 649 982 filio
668 947 862 994 morgundi
889 960 932 982 ex
959 947 1027 981 alia
1053 966 1060 973 -
1089 946 1191 993 super
1217 945 1424 992 quibusdam
1451 946 1554 980 terris
1580 946 1618 981 in
1643 945 1750 981 feodo
1778 946 1821 980 de

331 1006 532 1054 Abirnythy
560 1006 595 1040 in
624 1006 800 1053 Strathspe
828 1004 1023 1040 constitutis
1051 1024 1058 1031 ·
1088 1004 1217 1039 scilicet
1241 1003 1394 1050 quadam
1419 1004 1584 1051 portione
1610 1009 1705 1039 terre
1726 1003 1821 1051 apud

329 1064 540 1111 Cuneneges
559 1069 593 1098 et
612 1069 704 1098 terre
723 1076 791 1109 que
810 1062 991 1097 dicebatur
1010 1062 1075 1097 effe
1095 1062 1139 1096 de
1160 1061 1377 1109 Abyrnythy
1400 1080 1408 1088 ·
1437 1066 1474 1096 et
1492 1061 1595 1109 super
1614 1061 1759 1096 decimis
1778 1061 1821 1096 de

327 1134 415 1155 cano
442 1121 500 1167 qui
528 1120 611 1155 solvi
641 1120 821 1155 consuevit
847 1119 1005 1167 Regibus
1033 1120 1076 1155 (le
1102 1119 1267 1167 predieffi
1291 1118 1398 1154 feodo
1422 1124 1505 1154 ante
1524 1119 1678 1167 predicti
1696 1119 1821 1155 Jacobi

328 1179 600 1214 infeudationem
614 1198 622 1206 ·
639 1179 681 1213 de
697 1178 838 1213 consilio
854 1184 888 1213 et
902 1178 1070 1213 consensu
1085 1178 1210 1213 decani
1226 1183 1261 1212 et
1275 1176 1421 1225 capituli
1437 1176 1667 1213 moraviensis
1682 1175 1821 1212 ecclefie

326 1236 373 1270 ita
387 1237 553 1271 convenit
567 1236 659 1271 inter
673 1242 789 1283 partes
808 1256 816 1263 ·
837 1236 931 1283 quod
948 1236 1130 1284 predifims
1142 1235 1298 1272 Jacobus
1312 1240 1347 1270 et
1361 1235 1510 1270 heredes
1525 1235 1575 1270 sui
1590 1235 1700 1282 quieti
1715 1241 1822 1271 erunt

326 1293 359 1327 iu
379 1299 587 1340 perpetuum
604 1293 646 1328 ab
662 1294 758 1328 omni
778 1294 965 1329 exaffione
979 1299 1014 1328 et
1028 1292 1267 1329 controversia
1279 1298 1377 1327 mota
1392 1293 1449 1328 seu
1465 1293 1642 1329 movenda
1656 1293 1705 1328 eis
1719 1293 1821 1341 super

326 1350 514 1397 pretaxatis
541 1364 604 1398 per
630 1351 830 1398 predictum
860 1351 1073 1399 Episcopum
1101 1351 1159 1387 vel
1190 1364 1254 1399 per
1281 1351 1434 1398 aliquem
1462 1350 1538 1399 ejus
1564 1351 1791 1386 successorem
1811 1371 1819 1378 ·

325 1407 379 1442 vel
399 1420 460 1455 per
479 1408 672 1455 capitulum
699 1427 706 1435 ·
732 1408 787 1443 vel
807 1422 870 1456 per
889 1409 1042 1456 aliquem
1061 1409 1105 1444 de
1125 1422 1250 1444 eorum
1269 1408 1421 1455 collegio
1440 1408 1478 1443 in
1495 1407 1672 1456 posterum
1693 1409 1821 1444 extitu-

326 1477 403 1499 rum
422 1464 478 1499 vel
501 1478 597 1500 nunc
621 1465 824 1501 existentem
855 1486 862 1494 ·
894 1466 1082 1502 Predi&us
1105 1479 1191 1502 vero
1215 1466 1371 1503 Jacobus
1398 1464 1582 1513 affignabit
1609 1464 1750 1502 ecclefie
1777 1466 1821 1502 de

330 1521 530 1569 Abyrnithy
554 1522 589 1557 in
616 1523 694 1558 loco
722 1524 938 1571 competenti
962 1525 1121 1560 mansum
1145 1525 1328 1572 ydoneum
1351 1529 1387 1559 et
1409 1522 1550 1559 ecclefie
1579 1523 1820 1572 propinquum

328 1591 407 1612 cum
427 1578 540 1613 crofto
558 1581 793 1616 conveniente
812 1582 916 1616 unius
935 1595 1015 1617 acre
1031 1602 1038 1609 ·
1055 1582 1258 1617 habendum
1278 1582 1315 1616 in
1333 1581 1481 1617 liberam
1500 1594 1626 1629 puram
1645 1587 1681 1617 et
1698 1594 1820 1629 perpe-

328 1642 424 1669 tuam
444 1635 664 1671 elemosinam
694 1657 701 1664 ·
730 1651 809 1673 cum
829 1640 1076 1675 communibus
1095 1645 1130 1675 et
1149 1640 1275 1675 debitis
1294 1638 1515 1687 ayfiamentis
1532 1639 1699 1687 parochie
1731 1659 1739 1667 -
1774 1639 1820 1674 Et

332 1693 475 1728 nomine
509 1694 752 1730 transactionis
783 1696 931 1731 firmiter
962 1703 997 1732 et
1027 1698 1283 1746 perpetualiter
1314 1697 1531 1732 observande
1561 1710 1627 1744 pro
1658 1697 1820 1744 predicta

327 1750 446 1796 quieta
471 1750 679 1787 clamatione
704 1752 812 1788 solvet
836 1755 1017 1801 predictus
1034 1755 1190 1791 ,Iacobus
1208 1760 1244 1790 et
1261 1754 1410 1790 heredes
1428 1754 1480 1789 sui
1497 1752 1641 1801 singulis
1658 1754 1760 1789 annis
1782 1755 1818 1789 in

328 1813 537 1854 perpetuum
557 1808 723 1856 episcopis
742 1811 1017 1847 moravienfibus
1035 1826 1143 1848 unam
1167 1825 1320 1848 marcam
1345 1811 1596 1859 sterlingorum
1620 1811 1788 1859 legalium
1809 1832 1817 1839 ·

328 1864 552 1899 medietatem
572 1865 699 1901 scilicet
716 1867 759 1901 ad
782 1867 1008 1904 Pentecosten
1035 1876 1070 1905 et
1096 1871 1201 1906 aliam
1228 1870 1457 1905 medietatem
1484 1870 1529 1904 ad
1552 1868 1676 1904 festum
1696 1869 1818 1905 Sanffi

329 1921 473 1957 martini
493 1922 528 1956 iu
547 1922 670 1969 hyeme
703 1943 710 1950 ·
744 1923 794 1959 Ut
818 1932 934 1960 autem
956 1927 998 1962 (le
1017 1927 1186 1975 premillis
1205 1929 1241 1963 in
1260 1927 1437 1976 posterum
1459 1926 1559 1962 nulla
1582 1927 1715 1975 poterit
1733 1927 1818 1962 oriri

329 1978 501 2013 dubitatio
530 1998 537 2006 ·
562 1980 592 2015 ei
613 1981 701 2027 parti
722 1981 825 2029 hujus
844 1983 1011 2030 scripture
1031 1986 1066 2020 in
1086 1986 1232 2021 modum
1252 1985 1465 2034 cyrographi
1483 1984 1646 2020 confeehz
1664 1997 1733 2031 que
1751 1985 1818 2020 erit

328 2036 421 2083 apud
440 2036 639 2083 predi&um
658 2037 829 2074 Jacobum
850 2046 884 2075 et
903 2041 1050 2077 heredes
1069 2043 1147 2078 suos
1166 2042 1322 2092 apposita
1340 2043 1420 2078 sunt
1437 2041 1548 2089 sigilla
1560 2042 1713 2090 prediefi
1727 2043 1818 2090 capi-

329 2092 393 2127 tuli
420 2106 499 2128 cum
527 2107 649 2129 eorum
678 2095 983 2144 subscriptionibus
1008 2119 1015 2126 ·
1040 2100 1089 2134 illi
1109 2114 1194 2136 vero
1213 2101 1392 2149 partique
1411 2099 1537 2135 refidet
1559 2112 1667 2147 penes
1690 2099 1818 2147 episco-

330 2163 391 2197 pos
409 2151 646 2187 moravienses
664 2154 853 2200 appensum
872 2154 919 2189 est
936 2154 1084 2202 sigillum
1103 2159 1322 2194 autenticum
1343 2158 1498 2206 predicti
1515 2157 1640 2194 Jacobi
1672 2177 1679 2184 ·
1721 2157 1818 2192 Test-

329 2207 404 2242 ibus
422 2207 563 2243 Tlioma
581 2210 698 2257 priore
718 2211 760 2246 de
780 2211 943 2247 Urchard
969 2239 977 2248 .
1008 2214 1168 2251 Henrico
1188 2217 1323 2251 decano
1345 2214 1502 2251 Roffenfi
1529 2234 1537 2242 ·
1567 2215 1721 2263 Symone
1740 2228 1817 2262 per-

329 2265 410 2300 sona
428 2265 470 2300 de
492 2266 692 2315 Roscolpyn
725 2287 732 2296 ·
767 2269 927 2305 Roberto
953 2270 1087 2307 decano
1110 2273 1153 2308 de
1176 2274 1350 2321 Inuernys
1376 2293 1382 2300 ·
1417 2272 1599 2308 Willelmo
1619 2272 1753 2308 decano
1773 2272 1817 2306 de
