2060 2660
522 190 837 228 REGISTRUM
866 190 1228 228 MORAVIENSE.
1555 196 1619 234 271

134 293 294 328 manibus
319 303 614 339 quorumcunque
633 310 641 318 ·
670 295 705 326 et
727 295 915 339 prenotata
939 290 1145 326 conservare
1165 310 1172 319 ·
1201 297 1236 326 et
1259 291 1355 338 quod
1382 304 1444 339 per
1471 291 1625 326 eundem

134 354 398 398 procuratorem
417 347 486 383 five
504 348 735 384 collectorem
753 348 816 383 fiat
834 348 966 395 equalis
990 348 1186 384 distributio
1212 349 1256 384 de
1283 348 1422 384 eiisdem
1445 348 1624 384 canonicis

133 407 359 443 residentibus
378 425 386 434 ·
414 411 450 442 et
478 406 575 453 quod
602 406 708 442 semel
738 407 775 441 in
807 419 902 441 anno
928 406 1085 454 prefatus
1114 411 1327 454 procurator
1355 405 1423 441 five
1451 406 1624 442 οοΙΙθᾶὶοι·

132 465 275 512 plenum
302 469 508 512 compotum
534 464 710 499 calculum
738 469 773 499 et
797 464 971 499 rationem
1001 464 1045 498 de
1073 464 1133 499 sua
1159 463 1460 499 administratione
1484 463 1624 512 premis-

131 522 245 557 sorum
265 521 417 557 dominis
436 521 586 557 Decano
610 527 645 557 et
669 521 825 569 capitulo
844 520 912 557 five
931 521 1110 557 canonicis
1127 521 1172 556 ad
1190 522 1257 557 hoc
1275 534 1339 570 per
1357 521 1496 557 eosdem
1515 522 1623 569 depu-

130 579 245 614 tandis
262 584 298 615 et
316 579 522 614 ordinandis
540 579 678 627 integre
697 579 824 615 reddat
842 592 924 614 cum
942 578 1071 614 effefihi
1091 598 1099 606 ·

131 694 221 730 Item
248 694 430 730 statuimus
457 699 493 730 et
519 694 725 730 ordinamus
749 695 927 742 presentes
950 700 985 730 et
1008 694 1266 730 consentientes
1289 694 1391 742 super
1414 694 1622 741 quibusdam

128 752 237 787 literis
263 753 444 788 communi
472 751 584 800 sigillo
611 753 698 788 dicti
721 752 865 800 capituli
888 752 990 800 super
1013 751 1218 799 quibusdam
1247 752 1489 787 contraffibus
1515 751 1622 788 caufis

128 810 423 845 declarationibus
450 810 606 845 materiis
634 815 696 845 aut
724 810 882 857 negociis
914 810 957 845 de
986 815 1105 845 cetero
1135 808 1326 856 sigillandis
1353 809 1404 844 illi
1431 814 1622 845 teneantur

127 873 209 902 ante
228 868 420 903 earundem
436 866 680 915 sigillationem
696 868 729 903 se
743 867 811 902 suis
825 867 1138 915 subscripcionibus
1152 866 1373 902 manualibus
1387 866 1598 903 subscribere
1612 887 1619 894 ·

128 930 162 960 et
180 925 277 972 quod
295 925 385 960 nulli
404 925 565 960 canonici
583 938 648 973 pro
668 931 754 960 tunc
772 925 929 960 absentes
954 925 1105 960 debeant
1128 925 1161 959 se
1185 924 1395 959 subscribere
1418 924 1456 959 in
1478 924 1619 960 eiisdem

128 980 190 1016 nisi
216 982 276 1029 qui
300 982 476 1029 presentes
500 983 647 1018 fuerunt
673 982 924 1017 consenserunt
950 987 986 1017 et
1012 982 1261 1018 concluserunt
1283 982 1321 1016 in
1343 982 1499 1030 capitulo
1517 982 1620 1030 super

128 1039 269 1075 eiisdem
287 1038 477 1086 sigillandis
496 1059 504 1069 ·
528 1046 563 1075 et
585 1041 680 1087 quod
704 1040 839 1087 semper
865 1039 1065 1088 hujusmodi
1083 1039 1268 1075 consensus
1286 1044 1321 1075 et
1339 1038 1514 1075 conclufio
1533 1039 1620 1075 fiant

130 1109 249 1132 coram
268 1098 408 1132 notario
426 1097 568 1145 publico
588 1103 623 1133 et
641 1097 782 1133 testibus
800 1098 987 1145 fidedignis
1007 1117 1014 1125 ·

130 1211 221 1246 Item
240 1211 422 1246 statuimus
441 1218 476 1247 et
494 1212 699 1247 ordinamus
713 1213 808 1260 quod
823 1213 943 1248 nullus
957 1212 1157 1260 capellanus
1175 1231 1183 1239 ·
1202 1211 1373 1248 stallarius
1390 1218 1452 1248 aut
1469 1212 1618 1248 chorista

127 1269 288 1316 predicte
307 1267 448 1304 ecclesie
466 1268 575 1304 libros
596 1269 822 1317 quoscunque
847 1271 891 1305 de
913 1269 1024 1305 choro
1042 1269 1202 1318 predi&e
1221 1268 1361 1305 ecclesie
1379 1270 1423 1305 ad
1442 1283 1616 1306 cameram

127 1326 222 1361 suam
240 1326 367 1362 habeat
385 1325 452 1362 five
472 1332 590 1374 portat
608 1327 668 1362 sub
686 1341 778 1375 pena
796 1328 901 1363 unius
918 1327 1007 1363 libre
1026 1341 1106 1363 cere
1124 1327 1201 1363 albe
1219 1326 1289 1363 fine
1311 1326 1508 1364 remiffione
1534 1341 1617 1375 qua-

127 1396 267 1431 cunque
286 1384 447 1431 predicte
466 1383 606 1420 ecclefie
625 1385 789 1420 solvende
809 1405 817 1412 ·

128 1498 186 1533 De
204 1499 382 1546 campanis
401 1498 592 1547 majoribus
608 1519 615 1527 ·

127 1613 211 1654 Quo
231 1613 287 1648 die
306 1613 489 1648 decretum
508 1627 571 1661 per
588 1612 820 1661 presidentem
849 1620 884 1650 et
910 1615 1104 1662 capitulum
1129 1619 1226 1650 extat
1243 1615 1339 1662 quod
1358 1614 1507 1663 majores
1525 1628 1615 1651 cam-

125 1683 216 1717 pane
235 1670 279 1705 de
295 1676 413 1706 cetero
429 1671 529 1706 nullo
544 1672 650 1719 pasto
666 1671 847 1719 pulsentur
861 1670 923 1706 nisi
938 1672 1111 1707 duntaxat
1125 1672 1161 1706 in
1175 1672 1520 1708 solemnizationibus
1533 1686 1615 1708 con-

124 1727 228 1762 suetis
250 1726 389 1762 ecclesie
409 1747 417 1755 ·
449 1734 484 1763 et
502 1728 537 1763 in
557 1729 728 1776 obsequiis
752 1734 787 1764 et
812 1729 1079 1765 fundationibus
1105 1729 1259 1777 ejusdem
1286 1743 1351 1777 pro
1378 1729 1554 1765 nobilibus
1581 1736 1615 1765 et

125 1784 199 1819 aliis
226 1785 441 1832 sepulturam
462 1786 554 1821 infra
580 1785 756 1821 ecclesiam
784 1786 995 1834 eligentibus
1023 1787 1080 1822 seu
1103 1787 1354 1822 fundacionem
1379 1787 1423 1822 ad
1451 1787 1614 1835 obsequia

126 1841 352 1877 efferentibus
367 1862 375 1869 ·
396 1848 430 1877 et
450 1843 485 1877 in
503 1848 663 1891 tempore
679 1846 697 1891 [
864 1844 882 1889 ]
897 1843 1047 1892 supremi
1063 1844 1197 1879 domini
1211 1844 1319 1880 nostri
1335 1845 1445 1892 Regis
1459 1864 1467 1872 ·
1487 1845 1614 1893 princi-

125 1899 176 1946 pis
195 1918 203 1926 ·
230 1899 478 1946 gubernatoris
502 1906 564 1936 aut
589 1901 758 1936 ordinarii
778 1921 785 1929 ·
812 1907 847 1937 et
871 1915 945 1936 non
971 1901 1055 1937 alias
1078 1901 1180 1937 aliter
1203 1915 1318 1949 neque
1338 1902 1408 1937 alio
1427 1903 1534 1938 modo
1552 1901 1613 1938 nisi

127 1956 308 1992 decretum
336 1957 481 2005 capituli
509 1959 554 1993 ad
582 1958 649 1994 lioc
676 1959 831 2006 providit
859 1959 895 1994 in
920 1958 1025 1994 miffis
1053 1959 1288 2007 solempnibus
1313 1964 1348 1995 et
1375 1959 1450 1994 aliis
1476 1960 1613 1995 aetibus

125 2013 296 2050 honorem
316 2014 457 2051 ecclesie
476 2016 771 2051 concernentibus
790 2036 798 2043 ·

127 2128 322 2165 Decretum
343 2131 484 2178 insuper
502 2131 599 2178 quod
617 2131 654 2166 in
671 2131 837 2178 gravibus
859 2130 966 2167 causis
987 2131 1098 2166 veluti
1122 2131 1356 2167 locationibus
1380 2137 1554 2167 terrarum
1579 2138 1613 2168 et

126 2185 345 2222 ecclesiarum
362 2189 606 2224 communium
625 2187 764 2224 ecclesie
783 2194 818 2224 et
836 2189 911 2224 aliis
929 2189 966 2223 in
984 2188 1110 2236 quibus
1127 2187 1360 2224 verisimiliter
1377 2189 1612 2238 prejudicium

127 2243 266 2280 ecclesie
290 2246 421 2294 poterit
447 2246 611 2294 generari
638 2247 682 2282 de
709 2252 827 2282 cetero
847 2252 881 2282 et
899 2247 936 2282 in
954 2246 1113 2282 futurum
1133 2247 1250 2282 dietus
1273 2247 1489 2283 reverendus
1514 2253 1614 2296 pater
