2066 2780
578 140 893 177 REGISTRUM
921 140 1284 179 MORAVIENSE.
1629 152 1675 182 25

181 241 331 277 Walteri
346 240 390 275 de
404 239 567 276 moravia
579 239 643 274 filii
656 239 837 286 quondam
853 238 1022 286 Hugonis
1036 239 1079 274 de
1094 240 1257 276 moravia
1275 259 1283 267 ·
1302 240 1353 275 illi
1367 254 1452 277 vero
1466 245 1557 290 parti
1570 258 1676 292 quam

180 298 325 346 recipiet
350 297 533 345 predi&us
558 297 738 332 Walterus
764 296 915 344 appensa
940 296 1020 331 sunt
1045 295 1155 344 figilla
1180 297 1425 344 predictorum
1452 299 1613 349 Episcopi
1641 308 1677 338 et

179 355 323 403 capituli
349 368 430 390 cum
454 354 762 402 subscriptionibus
786 353 1042 390 canonicorum
1067 373 1075 381 ·
1104 353 1266 389 Testibus
1287 354 1468 391 Hei-berto
1490 357 1614 394 abbate
1632 360 1676 395 de

182 412 320 460 Kynlos
343 431 350 440 ·
377 412 520 447 Thoma
543 412 662 460 priore
681 412 725 447 de
744 411 911 447 Urchard
930 411 999 446 -W·
1019 412 1155 447 decano
1174 411 1218 446 de
1238 411 1468 461 Strathbolgy
1486 433 1494 441 ·
1515 414 1676 452 Roberto

179 469 314 505 decano
329 470 373 505 de
393 469 571 517 Inuernys
597 489 605 497 ·
632 469 813 517 Gregorio
832 469 968 504 decano
987 469 1030 504 de
1049 469 1228 517 Strathspe
1253 488 1261 496 ·
1283 469 1475 518 Radulpho
1494 472 1676 519 capellano

178 527 331 575 predicti
350 527 513 575 Episcopi
532 546 540 555 ·
567 527 797 563 Archebaldo
816 527 860 562 de
880 526 1049 574 Dufphus
1067 526 1178 561 milite
1204 545 1212 554 ·
1241 525 1453 562 Alexandro
1470 528 1678 565 vicecomite

179 585 223 620 de
242 584 362 633 Elgyn
386 584 450 619 ·H·
470 585 514 620 de
534 584 674 632 Duglas
691 585 801 620 fratre
821 584 897 633 ejus
934 603 942 612 ·
976 583 1180 631 Augustino
1199 584 1243 619 de
1262 584 1382 632 Elgyn
1417 604 1425 612 ·
1456 585 1616 621 Waltero
1636 587 1679 622 de

180 642 286 690 Ineys
305 662 313 670 ·
335 642 497 677 Roberto
519 642 606 677 Hod
634 662 642 670 ·
669 642 852 678 Willelmo
870 641 1039 690 Wysman
1064 661 1072 669 ·
1101 641 1252 677 Andrea
1269 641 1437 690 VVysman
1464 662 1472 670 ·
1501 642 1679 680 Willelmo

179 699 286 735 fratre
309 699 445 735 domini
473 699 620 735 Ricardi
647 699 798 748 episcopi
829 719 838 727 ·
864 699 1025 735 VValtero
1054 699 1098 734 de
1126 699 1318 735 Salleltoch
1344 719 1352 727 ·
1379 699 1607 736 Archebaldo
1637 702 1680 737 de

181 757 439 805 Inuerlocthyn
470 776 478 785 ·
512 757 667 806 Symone
694 762 730 793 et
754 756 906 792 Andrea
926 757 1062 792 clericis
1082 756 1236 805 predicti
1261 757 1396 792 domini
1419 757 1582 806 Episcopi
1610 778 1617 786 ·
1646 764 1681 794 et

180 815 255 850 aliis
282 834 290 842 ·
320 815 458 850 Aetum
476 827 572 851 anno
590 815 704 863 gratie
724 815 971 852 ·‹o⁰·ec⁰·xxvi⁰·
990 827 1089 850 nono
1108 814 1165 849 die
1184 813 1355 850 Octobris
1374 834 1382 842 ·

183 987 291 1022 Carta
310 987 353 1022 de
373 987 584 1023 Culkefl'och
603 988 686 1023 data
705 987 868 1023 Haraldo
888 987 1050 1035 episcopo
1069 987 1113 1022 de
1133 987 1336 1036 Argaythyl
1351 1007 1359 1015 ·

185 1101 393 1137 Alexander
416 1102 489 1138 Dei
517 1103 632 1150 gratia
660 1104 740 1138 Rex
767 1102 973 1138 Scottorum
1002 1102 1167 1138 omnibus
1192 1102 1312 1150 probis
1337 1102 1541 1138 hominibus
1567 1103 1681 1138 tocius

182 1165 276 1194 terre
295 1159 353 1195 sue
372 1160 507 1195 clericis
525 1165 560 1195 et
577 1160 684 1208 laycis
702 1159 848 1195 salutem
885 1179 893 1187 ·
935 1160 1055 1195 Sciant
1076 1160 1254 1207 presentes
1278 1165 1313 1195 et
1337 1159 1449 1194 futuri
1467 1173 1533 1195 nos
1552 1160 1681 1196 dedifl’e

183 1222 218 1251 et
251 1215 446 1252 concessisse
478 1222 513 1252 et
543 1217 609 1252 hac
644 1217 797 1265 presenti
828 1222 925 1252 carta
959 1217 1076 1252 nostra
1111 1217 1329 1251 confirmasse
1359 1217 1554 1252 venerabili
1587 1218 1681 1265 patri

186 1274 347 1309 Haraldo
367 1275 528 1322 episcopo
543 1275 587 1310 de
603 1274 830 1322 Ayrgaythyl
848 1280 883 1309 et
901 1274 1148 1309 successoribus
1166 1274 1232 1308 suis
1250 1279 1322 1308 tres
1340 1274 1514 1309 dauachas
1533 1275 1576 1309 de
1596 1274 1681 1310 Cul-

183 1331 322 1366 kess'och
340 1332 377 1366 in
395 1345 519 1379 puram
539 1337 575 1367 et
592 1337 800 1380 perpetuam
824 1330 1048 1366 elemosinam
1076 1351 1083 1358 ·
1116 1331 1238 1373 Quare
1255 1331 1421 1366 volumus
1438 1336 1479 1366 ut
1497 1332 1679 1379 predictus

184 1388 376 1437 Episcopus
397 1394 433 1424 et
456 1389 662 1424 successores
681 1389 730 1423 sui
750 1389 787 1423 in
806 1387 947 1424 ecclesia
966 1387 1201 1437 Lysmorienfi
1218 1388 1396 1436 prediGtas
1414 1393 1486 1424 tres
1505 1389 1679 1424 dauachas

183 1446 219 1480 in
237 1459 363 1494 puram
382 1451 418 1481 et
434 1452 642 1494 perpetuam
663 1451 809 1482 teneant
831 1445 1056 1482 elemosinam
1082 1465 1090 1473 ·
1120 1446 1209 1481 adeo
1231 1445 1341 1480 libere
1368 1445 1486 1492 quiete
1512 1446 1617 1493 plene
1644 1452 1679 1481 et

183 1503 378 1538 honorifice
405 1502 490 1538 ficut
514 1504 631 1551 aliqua
653 1502 842 1539 elemosina
864 1504 902 1539 in
925 1508 1003 1539 toto
1030 1516 1142 1550 regno
1166 1502 1285 1538 nostro
1307 1502 1452 1538 liberius
1470 1508 1506 1537 et
1523 1503 1680 1550 quiecius

183 1561 320 1608 plenius
339 1566 374 1596 et
393 1561 690 1597 honorificencius
708 1566 850 1596 tenetur
869 1566 904 1596 et
921 1559 1114 1609 poflidetur
1133 1579 1141 1588 ·
1157 1560 1319 1596 Testibus
1336 1559 1498 1607 magistro
1517 1560 1678 1596 (Dattheo

183 1618 395 1653 cancellario
427 1637 435 1645 ·
469 1618 650 1654 Willelmo
678 1618 821 1666 Cumyn
850 1619 894 1654 de
922 1618 1083 1654 Bucham
1106 1617 1299 1665 justiciario
1329 1617 1446 1652 Scotie
1477 1636 1485 1644 ·
1518 1617 1678 1653 Waltero

183 1674 323 1711 Olifard
341 1674 535 1723 justiciario
554 1675 741 1711 Laodonie
769 1694 777 1703 ·
805 1675 948 1710 Thoma
964 1674 1128 1710 hostiario
1158 1693 1166 1702 ·
1197 1674 1364 1711 Johanne
1382 1674 1427 1709 de
1445 1675 1649 1711 macuswell
1669 1695 1677 1703 ·

110 1779 112 1781 Ι
181 1732 346 1769 Johanne
365 1732 409 1768 de
430 1732 535 1781 Haya
554 1752 562 1760 ·
582 1733 724 1768 Thoma
743 1733 786 1768 de
807 1732 912 1781 Haya
931 1752 939 1760 ·
967 1732 1079 1780 Apud
1098 1731 1287 1780 Stryvelyn
1306 1731 1400 1767 ·xvii·
1421 1732 1478 1767 die
1498 1731 1650 1780 Augusti
1669 1752 1677 1760 ·

107 2087 154 2119 33

185 1789 294 1825 Anno
314 1790 415 1837 regni
433 1790 541 1825 nostri
560 1795 687 1837 quarto
706 1790 844 1825 decimo
864 1809 872 1817 ·

182 1960 398 2010 Compositio
416 1962 510 1997 inter
530 1961 743 2010 Episcopum
762 1966 797 1996 et
817 1960 1015 1996 VValterum
1034 1961 1078 1996 de
1097 1961 1259 1997 moravia
1277 1980 1285 1988 ·

181 2084 360 2120 Noverint
386 2098 509 2120 omnes
534 2084 602 2120 hoc
628 2084 796 2132 scriptum
817 2083 924 2120 visuri
945 2083 1002 2119 vel
1024 2084 1180 2119 audituri
1204 2084 1301 2132 quod
1325 2097 1406 2120 cum
1429 2084 1512 2120 esset
1535 2090 1676 2121 contro-

181 2141 289 2178 versia
313 2143 407 2178 inter
434 2142 621 2177 Andream
648 2142 848 2190 episcopum
876 2142 1136 2178 moraviensem
1165 2155 1209 2177 ex
1232 2147 1333 2189 parte
1363 2155 1436 2177 una
1461 2147 1496 2178 et
1519 2142 1674 2177 nobilem

180 2199 296 2235 virum
314 2200 514 2235 Walterum
533 2200 577 2235 de
595 2199 759 2236 moravia
778 2199 891 2234 filium
912 2199 1092 2247 quondam
1112 2199 1284 2235 Willelmi
1303 2199 1346 2234 de
1365 2200 1527 2236 moravia
1545 2212 1588 2234 ex
1605 2199 1674 2234 alia

179 2256 281 2304 super
293 2258 397 2293 terris
415 2262 451 2293 et
467 2257 614 2306 pasturis
631 2257 724 2292 infra
747 2257 891 2293 feodum
909 2257 1063 2305 predicti
1082 2256 1231 2292 Walteri
1250 2256 1446 2292 constitutis
1465 2276 1472 2284 ·
1492 2256 1673 2304 predictus

907 2326 933 2349 D
