1912 2660
263 140 336 172 334
660 137 978 175 REGISTRUM
1007 137 1300 174 MORAVIEN
1304 138 1372 174 SE.

267 236 455 272 heredibus
473 236 560 272 meis
578 237 615 271 in
634 236 739 272 bosco
758 243 794 273 et
813 237 921 285 plano
941 256 949 265 ·
979 237 1016 272 in
1034 237 1144 285 pratis
1163 242 1198 272 et
1216 236 1351 284 pascuis
1370 255 1379 263 ·
1411 236 1448 270 in
1474 236 1581 273 moris
1602 241 1638 271 et
1656 249 1769 273 mare-

266 292 318 329 fiis
337 313 345 322 ·
374 294 529 342 stangnis
547 300 583 330 et
601 295 701 342 aquis
720 314 728 323 ·
758 295 794 330 in
817 295 1032 330 molendinis
1050 300 1086 330 et
1104 293 1257 342 piscariis
1276 312 1284 320 ·
1304 293 1341 327 in
1359 293 1425 328 viis
1443 298 1479 328 et
1497 293 1626 329 semitis
1650 313 1658 322 ·
1678 294 1769 331 adeo

266 351 375 388 libere
394 371 403 380 ·
422 353 541 400 quiete
560 372 569 381 ·
588 353 747 401 plenarie
766 359 802 389 et
819 353 1017 389 honorifice
1036 351 1122 387 ficut
1140 351 1267 398 aliquis
1284 364 1328 386 ex
1348 351 1444 386 dono
1463 352 1612 400 alicujus
1630 353 1768 389 comitis

265 410 301 445 in
316 423 429 458 regno
448 410 566 446 Scotie
584 411 736 458 aliquam
756 416 888 446 terram
902 410 1048 445 liberius
1071 428 1079 437 ·
1107 409 1260 456 quietius
1287 427 1295 436 ·
1320 408 1460 456 plenius
1478 415 1514 445 et
1532 410 1768 447 honorificen-

265 468 335 503 tius
353 468 459 504 habet
476 474 576 504 tenet
594 475 630 504 et
647 467 797 516 postidet
815 487 824 496 ·
851 467 1054 503 Reddendo
1077 467 1159 501 inde
1185 464 1330 513 singulis
1353 467 1455 502 annis
1474 467 1561 502 mihi
1579 473 1614 504 et
1632 468 1770 504 heredi-

264 525 329 562 bus
347 526 434 562 meis
451 540 517 575 pro
536 527 634 562 omni
659 526 801 561 servitio
824 530 860 561 et
883 524 1060 560 demanda
1077 524 1123 558 ad
1147 536 1213 559 nos
1236 524 1497 571 pertinentibus
1515 538 1623 561 unam
1642 526 1767 562 libram

264 585 394 633 piperis
412 585 456 620 ad
475 584 597 620 festum
618 583 740 619 Sanffl
760 583 906 620 martini
923 602 931 610 ·
957 587 993 617 et
1006 581 1171 617 faciendo
1189 581 1400 617 forinsecum
1421 582 1601 618 servitium
1621 583 1768 620 domino

266 642 359 691 Regi
377 643 474 690 quod
491 643 536 677 ad
555 642 753 690 predi&am
781 646 913 676 terram
937 640 1094 687 pertinet
1112 659 1121 667 ·
1150 639 1313 675 Testibus
1333 639 1484 676 Andrea
1508 641 1670 690 episcopo
1689 644 1769 679 mo-

264 699 411 736 ravienfi
431 720 439 728 ·
459 699 620 748 magistro
640 698 821 734 Willelmo
840 702 1052 746 precentore
1072 717 1080 725 ·
1106 697 1289 733 Willelmo
1315 699 1529 734 cancellario
1551 718 1559 727 ·
1589 699 1740 736 Andrea
1758 720 1765 728 ·

262 758 430 795 Johanne
457 757 636 794 canonicis
651 754 881 793 moraviensis
901 754 1043 791 ecclefie
1062 774 1071 783 ·
1103 755 1287 791 Willelmo
1305 756 1380 792 filio
1399 769 1480 792 meo
1494 762 1529 793 et
1547 757 1679 793 herede
1698 777 1707 786 ·
1732 764 1768 794 et

265 816 446 852 Duncano
460 815 633 851 serviente
648 815 709 850 suo
722 833 730 842 ·
751 812 949 850 Gilmakali
958 813 1081 862 judice
1096 813 1245 850 Catanie
1259 833 1267 842 ·
1287 813 1425 850 Lulach
1438 815 1766 852 maclman'tokell·

265 874 405 910 Colano
424 872 663 921 oecgilcungill
683 892 691 900 ·

265 1047 479 1083 Mandatum
514 1046 718 1082 Innocentii
749 1058 839 1094 pape
875 1046 920 1082 de
953 1045 1220 1093 gravaminibus
1255 1044 1399 1082 ecclesie
1431 1047 1617 1083 Scoticane
1649 1061 1766 1084 emen-

263 1106 386 1141 dandis
405 1123 413 1132 ·

264 1221 496 1256 Innocentius
515 1219 697 1269 episcopus
716 1225 771 1256 etc
787 1239 795 1248 ·
824 1219 1086 1255 venerabilibus
1103 1219 1271 1255 fratribus
1290 1219 1542 1268 Lyncolnienfi
1560 1240 1568 1248 ·
1590 1221 1767 1269 VVygorn·

261 1277 343 1314 ienfi
367 1284 402 1314 et
431 1276 720 1326 Lycchefeldenfi
751 1277 920 1326 episcopis
951 1278 1098 1314 salutem
1131 1282 1167 1313 et
1193 1277 1422 1327 apostolicam
1451 1278 1739 1315 benedietionem
1756 1298 1764 1307 ·

261 1337 402 1373 Clamat
420 1337 458 1371 in
481 1337 627 1372 auribus
653 1335 780 1371 nostris
804 1334 950 1372 ecclesia
977 1336 1165 1372 Scoticana
1193 1342 1228 1372 et
1256 1336 1423 1372 adversus
1450 1350 1510 1372 eos
1537 1337 1597 1384 qui
1623 1337 1764 1373 fidelem

262 1395 384 1430 Scocie
411 1394 582 1430 videntur
610 1407 736 1442 regere
762 1393 936 1442 populum
965 1399 1001 1429 et
1028 1394 1197 1430 heredem
1224 1394 1319 1430 illius
1347 1394 1625 1431 Christianiffimi
1655 1395 1765 1443 Regis

260 1453 375 1488 adhuc
393 1453 614 1501 impuberem
634 1453 798 1501 optinere
816 1452 874 1488 sue
892 1451 1056 1500 potestati
1074 1452 1273 1500 subje&um
1293 1472 1301 1480 ·
1332 1453 1566 1501 multiplicem
1585 1453 1617 1489 se
1636 1453 1765 1489 habere

260 1511 430 1559 proponit
448 1511 632 1547 materiam
652 1510 842 1558 questionis
862 1530 870 1538 ·
900 1511 947 1546 Et
966 1510 1151 1546 caritativa
1168 1511 1313 1558 quidam
1337 1511 1374 1546 in
1399 1511 1479 1547 illos
1502 1512 1657 1560 primum
1682 1525 1765 1559 que-

261 1568 336 1604 rela
359 1569 526 1616 dirigitur
551 1582 617 1617 pro
643 1569 745 1617 Rege
772 1582 885 1618 puero
911 1574 947 1604 et
975 1582 1040 1617 pro
1069 1582 1182 1617 regno
1198 1588 1206 1596 ·
1236 1569 1333 1616 quod
1350 1569 1518 1606 videlicet
1535 1570 1649 1606 eidem
1671 1570 1764 1618 Regi

260 1626 396 1674 pupillo
423 1626 513 1662 bene
541 1640 616 1662 non
644 1627 835 1662 consulunt
860 1627 946 1662 dum
964 1627 1137 1662 thronum
1162 1627 1238 1676 ejus
1262 1627 1348 1663 novi
1375 1627 1481 1663 aulici
1506 1628 1734 1664 ascendentes
1754 1647 1762 1655 ·

261 1684 387 1719 amotis
405 1684 559 1719 sanitatis
579 1683 729 1720 consiliis
747 1685 874 1732 quibus
893 1685 1064 1733 providus
1082 1698 1163 1720 eum
1191 1684 1386 1720 suffulserat
1411 1686 1535 1720 vivens
1561 1686 1676 1721 adhuc
1704 1698 1763 1734 pa-

260 1742 350 1777 trius
367 1741 515 1776 affeetus
534 1761 542 1769 ·
565 1742 701 1790 justitia
719 1748 754 1778 et
766 1743 905 1790 judicio
923 1755 997 1778 non
1017 1743 1244 1778 conformant
1261 1755 1328 1778 nec
1346 1743 1383 1777 in
1402 1742 1461 1777 sua
1479 1756 1631 1790 regnum
1649 1743 1761 1791 ipsum

261 1799 466 1846 integritate
492 1800 702 1835 conservant
721 1820 729 1828 ·
758 1801 843 1836 dum
866 1801 972 1836 iidem
997 1801 1083 1836 novi
1101 1800 1207 1836 aulici
1224 1800 1327 1836 novis
1345 1799 1571 1835 consiliorum
1590 1801 1762 1836 machinis

261 1855 522 1893 ecclesiasticam
550 1857 727 1905 impetunt
750 1858 952 1894 libertatem
972 1878 980 1886 ·
1008 1871 1114 1906 quam
1136 1858 1300 1906 profefflm
1327 1858 1388 1905 qui
1406 1858 1542 1894 violant
1559 1858 1760 1907 principum

261 1914 371 1950 robur
398 1927 468 1962 quo
495 1914 582 1950 fides
604 1915 701 1963 viget
725 1915 900 1952 catholica
926 1922 961 1952 et
987 1916 1087 1964 regia
1113 1916 1280 1964 dirigitur
1306 1914 1475 1951 celfitudo
1506 1916 1759 1965 confringunt·

263 1973 363 2008 Inter
387 1978 506 2007 cetera
533 1985 602 2019 que
631 1973 667 2007 in
696 1973 966 2021 derogationem
994 1973 1218 2010 ecclesiastice
1244 1973 1424 2022 potestatis
1451 1973 1489 2009 in
1517 1975 1676 2022 partibus
1694 1975 1761 2010 illis

260 2029 407 2066 ministri
434 2030 535 2077 regni
563 2034 598 2065 et
625 2030 788 2066 locorum
813 2031 949 2067 domini
974 2031 1050 2080 post
1067 2032 1205 2068 obitum
1224 2031 1318 2067 clare
1342 2032 1514 2068 memorie
1535 2032 1645 2080 Regis
1663 2033 1762 2069 Scot-

260 2095 381 2124 torum
408 2100 514 2135 quem
541 2088 630 2123 fides
657 2093 692 2124 et
717 2088 861 2124 libertas
879 2089 1019 2125 ecclesie
1039 2087 1368 2126 Christiauissimum
1396 2090 1520 2125 habuit
1541 2090 1760 2126 defensorem

259 2145 320 2182 sub
349 2146 451 2193 Rege
479 2151 602 2181 tenere
631 2146 761 2181 indolis
792 2151 1003 2195 attemptare
1034 2148 1204 2184 dicuntur
1235 2147 1371 2183 nemini
1403 2148 1517 2183 videri
1548 2161 1622 2183 non
1657 2148 1761 2184 debet

259 2204 429 2240 absonum
452 2208 487 2239 et
511 2203 699 2240 absurdum
727 2217 768 2240 ac
795 2204 905 2240 divini
925 2210 961 2240 et
979 2205 1125 2241 humani
1137 2205 1265 2254 judicii
1283 2204 1586 2241 animadverfione
1603 2205 1762 2254 plasten-

261 2262 346 2298 dum
373 2261 470 2310 quod
495 2275 577 2298 cum
604 2260 826 2298 ecclesiarum
859 2262 985 2310 prelati
1010 2263 1389 2300 excommunicationis
1414 2263 1472 2299 vel
1493 2263 1676 2300 interdicti
1702 2264 1761 2300 seu
