2060 2660
366 177 437 213 264
761 177 1078 215 REGISTRUM
1104 178 1468 216 MORAVIENSE.

367 276 528 325 predicte
547 276 688 313 ecclesie
708 276 942 313 Moravienfis
960 278 1056 326 apud
1074 278 1224 313 eandem
1243 283 1278 313 et
1296 277 1334 312 in
1355 277 1479 313 eadem
1492 276 1600 325 juxta
1617 283 1653 313 et
1671 277 1869 316 secundum

367 340 531 369 naturam
561 340 596 370 et
624 335 874 371 fundacionem
903 335 1044 371 suarum
1068 335 1330 383 prebendarum
1356 335 1455 369 dicito
1482 334 1629 382 registro
1657 336 1869 385 conscriptas

368 391 523 427 debitam
552 398 588 428 et
616 392 835 441 personalem
865 393 996 428 faciant
1020 398 1056 428 et
1080 392 1228 439 quilibet
1254 405 1381 428 eorum
1407 391 1512 427 saciat
1536 391 1762 429 refidenciam
1779 414 1787 422 ·
1808 395 1868 431 sub

368 462 461 497 pena
478 449 667 486 solucionis
686 456 721 486 et
739 449 928 486 amiffionis
946 449 1091 498 septime
1110 450 1219 497 partis
1237 449 1423 484 fructuum
1441 449 1703 498 prebendarum
1728 451 1869 488 suarum

369 508 414 543 ad
440 509 681 544 communiam
709 508 964 544 canonicorum
995 507 1091 542 dicte
1117 505 1259 542 ecclefie
1283 507 1378 555 apud
1402 508 1553 544 eandem
1580 508 1697 544 debite
1720 508 1870 546 refiden-

369 566 460 601 tium
479 566 687 615 applicande
713 572 748 601 et
770 566 899 601 eisdem
924 565 1063 612 integre
1086 577 1150 612 per
1173 563 1263 612 ipsos
1284 565 1475 601 canonicos
1494 578 1568 602 non
1586 565 1776 603 residentes
1794 581 1870 616 per-

369 624 535 660 solvende
554 623 624 660 fine
642 636 854 672 quacunque
872 621 1072 658 remiflione
1088 641 1096 649 ·

371 741 463 775 Item
481 739 663 775 statuimus
681 745 716 775 et
735 739 940 774 ordinamus
955 737 1053 785 quod
1071 736 1220 784 quilibet
1238 737 1432 773 canonicus
1450 737 1690 786 prebendatus
1708 740 1869 788 predicte

369 796 509 835 ecclesie
531 795 764 833 Moravienfis
783 802 943 844 tempore
968 795 1027 830 sue
1050 793 1241 830 refidencie
1266 795 1361 843 apud
1387 796 1537 831 eandem
1562 797 1655 832 infra
1676 798 1867 846 collegium

368 857 522 905 ejusdem
545 855 719 902 prandeat
738 860 772 889 et
791 853 943 889 dormiat
963 872 971 880 ·
999 866 1039 888 ac
1063 852 1165 888 suum
1193 852 1349 888 officium
1374 853 1543 889 diurnum
1567 855 1700 902 pariter
1726 862 1762 891 et
1786 870 1868 892 noc-

368 921 514 950 turnum
535 913 727 948 secundum
746 912 804 947 sue
822 910 1002 959 prebende
1018 915 1182 946 naturam
1203 916 1238 945 et
1255 910 1507 947 fundacionem
1524 931 1532 939 ·
1551 917 1593 947 ut
1611 912 1707 948 dicte
1726 913 1868 950 ecclefie

368 972 495 1007 statuta
513 970 702 1007 laudabilia
720 970 755 1004 in
774 969 911 1017 prefato
931 967 1078 1016 registro
1097 967 1295 1016 conscripta
1312 968 1415 1017 super
1430 969 1497 1005 hoc
1511 970 1607 1005 edita
1622 984 1642 1005 a
1656 970 1776 1006 sancta
1790 972 1868 1007 sede

368 1029 556 1078 apostolica
573 1029 657 1064 alias
675 1027 885 1064 confirmata
904 1026 1076 1075 [jubent]
1097 1046 1105 1054 ·
1131 1027 1168 1061 in
1192 1026 1315 1062 eadem
1341 1040 1404 1075 per
1428 1027 1461 1062 se
1484 1027 1715 1075 personaliter
1734 1048 1742 1056 ·
1767 1029 1868 1077 legit-

366 1089 453 1124 timo
477 1094 517 1123 ut
541 1087 719 1135 prefertur
745 1085 1002 1133 impedimento
1030 1085 1181 1120 ceffante
1201 1104 1209 1112 -
1237 1090 1403 1120 exerceat
1432 1085 1549 1121 debite
1578 1092 1614 1121 et
1642 1092 1839 1134 exequatur
1858 1107 1866 1116 ·

368 1146 440 1188 Qui
464 1145 566 1194 super
584 1145 652 1179 hoc
670 1143 856 1190 negligens
874 1148 936 1177 aut
954 1142 1113 1178 remiss'ns
1130 1142 1239 1178 fuerit
1261 1149 1423 1191 repertus
1443 1162 1451 1171 ·
1479 1156 1560 1178 cum
1587 1143 1664 1178 aliis
1690 1145 1869 1181 canonicis

367 1204 462 1251 apud
480 1202 630 1239 eandem
648 1200 881 1237 refidentibus
899 1205 935 1236 et
949 1206 1139 1248 prenotata
1157 1200 1404 1248 exercentibus
1423 1206 1459 1236 et
1477 1201 1594 1237 debite
1613 1203 1869 1249 exequentibus

368 1263 402 1297 in
422 1260 626 1297 communia
643 1272 717 1295 non
736 1258 959 1308 participabit
978 1277 987 1286 ο

369 1377 460 1413 Item
479 1375 662 1411 statuimus
681 1380 717 1410 et
735 1374 943 1410 ordinamus
961 1374 1058 1422 quod
1076 1374 1243 1410 leventur
1257 1374 1395 1410 mulcta
1412 1375 1666 1411 canonicorum
1685 1389 1758 1411 non
1773 1390 1867 1413 com-

365 1435 564 1484 parentium
585 1439 620 1469 et
639 1433 872 1482 disponantur
892 1432 927 1467 in
946 1431 1062 1468 ufibus
1080 1432 1124 1468 ad
1143 1432 1211 1468 hoc
1230 1433 1314 1468 alias
1333 1432 1506 1468 ordinatis
1520 1452 1528 1461 ·

368 1552 459 1587 Item
478 1549 660 1585 statuimus
684 1554 720 1584 et
745 1548 952 1584 ordinamus
976 1548 1073 1597 quod
1094 1548 1226 1584 debent
1244 1561 1373 1596 cappas
1391 1547 1515 1584 sericas
1538 1549 1701 1597 predicte
1725 1549 1866 1587 ecclefie

367 1606 584 1645 Moravienfi
605 1607 771 1642 videlicet
793 1606 1014 1643 venerabiles
1037 1607 1104 1643 viri
1131 1606 1267 1642 domini
1294 1611 1330 1642 et
1357 1606 1511 1654 magistri
1530 1606 1695 1642 Gavinus
1713 1607 1867 1644 Dunbar

366 1668 521 1703 decanus
540 1685 547 1693 ·
578 1664 697 1700 Adam
724 1665 904 1700 Gordoun
933 1670 1124 1713 precentor
1143 1684 1152 1692 ·
1179 1664 1363 1702 Johannes
1387 1664 1533 1700 Ireland
1559 1664 1744 1701 succentor
1771 1666 1866 1702 dicte

366 1722 506 1762 ecclesie
528 1721 760 1758 Moravienfis
780 1742 788 1750 ·
813 1723 969 1759 Jacobus
989 1722 1149 1759 Allirdes
1167 1722 1438 1758 archidiaconus
1458 1721 1693 1758 Moravienfis
1711 1743 1720 1751 ·
1746 1723 1865 1759 Adam

366 1782 547 1821 Gordoun
574 1781 616 1815 de
643 1780 772 1828 Pettyn
791 1800 799 1808 ·
832 1780 1021 1816 Lanssotus
1050 1781 1094 1816 de
1121 1780 1254 1816 Botare
1273 1800 1282 1808 ·
1313 1779 1523 1816 Alexander
1550 1780 1645 1816 Cant
1669 1781 1713 1816 de
1741 1781 1866 1818 Inner-

365 1841 501 1888 kethny
521 1858 528 1867 ·
557 1838 712 1875 Jacobus
732 1838 915 1886 Lyndesay
934 1839 977 1875 de
997 1839 1116 1887 Croye
1139 1858 1147 1867 ·
1177 1838 1360 1874 Robertus
1378 1838 1587 1886 Dalloquhy
1605 1838 1649 1874 de
1671 1838 1837 1887 Kynnoir
1856 1860 1863 1867 ·

369 1899 536 1936 Andreas
555 1895 657 1944 Lessy
676 1895 719 1930 de
740 1895 909 1943 Kynguse
929 1915 937 1924 ·
966 1896 1126 1932 Thomas
1150 1895 1253 1945 Lessy
1275 1896 1319 1932 de
1340 1895 1431 1944 Moy
1451 1915 1459 1924 ·
1491 1895 1673 1932 Robertus
1698 1896 1795 1933 Keth
1821 1898 1865 1934 de

367 1956 523 1993 Duffous
542 1973 551 1982 ·
583 1953 792 1989 Alexander
811 1954 1026 1990 Sutherland
1053 1955 1097 1990 de
1123 1954 1299 1990 Abirlour
1317 1973 1326 1982 ·
1355 1954 1517 2002 predicte
1541 1952 1683 1990 ecclesie
1706 1954 1865 1991 Moravi-

368 2013 455 2051 enfis
477 2011 639 2048 canonici
666 2011 874 2059 prebendati
894 2031 902 2040 ·
931 2012 1085 2061 ipsorum
1115 2012 1263 2060 quilibet
1290 2025 1400 2048 unam
1428 2025 1575 2061 cappam
1602 2012 1747 2048 sericam
1775 2013 1864 2049 suffi-

365 2074 518 2109 cientem
536 2069 594 2105 vel
612 2069 688 2117 ejus
705 2069 864 2104 valorem
883 2070 1077 2106 secundum
1099 2070 1317 2106 taxationem
1336 2070 1439 2118 super
1457 2070 1525 2106 hoc
1543 2070 1580 2105 in
1600 2070 1698 2106 die‘co
1717 2071 1863 2118 registro

364 2134 572 2167 annotatam
605 2133 640 2162 et
672 2127 872 2162 ordinatam
904 2128 996 2163 infra
1026 2141 1160 2163 annum
1192 2129 1311 2164 datam
1342 2127 1558 2177 presentium
1589 2127 1792 2164 immediate
1815 2129 1863 2164 se-

364 2193 533 2237 quentem
552 2185 769 2220 thesaurario
789 2185 885 2220 ‹156²oe
904 2184 1045 2220 ecclefie
1061 2184 1294 2221 Moravienfis
1312 2199 1417 2233 quem
1437 2185 1668 2221 collectorem
1688 2186 1864 2233 premisso.

368 2259 448 2282 rum
468 2243 712 2279 ordinavimus
731 2242 980 2290 deputavimus
999 2248 1034 2278 et
1053 2243 1299 2279 constituimus
1312 2263 1319 2271 ·
1336 2243 1433 2279 dabit
1446 2262 1453 2271 ·
1470 2248 1505 2279 et
1518 2242 1614 2291 quod
1629 2243 1673 2278 ad
1689 2243 1755 2279 hoc
1769 2257 1863 2280 com-

365 2303 546 2353 pellantur
563 2313 628 2349 per
645 2300 828 2336 censuram
847 2299 1107 2336 ecclesiasticam
1126 2320 1135 2328 ·
