1980 2758
565 149 882 187 REGISTRUM
911 149 1275 187 MORAVIENSE.
1647 158 1668 194 7

171 252 268 289 Eren
285 251 361 301 post
379 251 554 287 decefl'um
574 250 721 286 Ricardi
739 249 784 285 de
803 247 990 284 Prebenda
1007 248 1125 284 clerici
1143 249 1213 284 mei
1230 247 1388 284 similiter
1407 268 1415 277 ·
1434 263 1516 285 cum
1535 251 1669 299 capella

170 311 214 346 de
233 310 458 345 Inuernaren
473 327 482 336 ·
498 313 534 344 et
551 321 632 344 cum
652 307 787 355 capella
805 307 849 342 de
865 306 983 341 Rathe
1003 325 1011 333 ·
1031 311 1067 341 et
1085 319 1166 341 cum
1185 306 1321 354 capella
1338 306 1382 341 de
1401 308 1569 343 marchus
1587 321 1668 344 cum

170 367 334 403 omnibus
346 365 447 414 justis
465 365 693 414 pertinenciis
711 364 779 400 suis
798 384 806 392 ·
827 363 1019 400 Tenendas
1037 363 1075 398 in
1092 363 1240 398 liberam
1260 369 1296 398 et
1313 369 1521 411 perpetuam
1540 365 1669 400 elemo-

169 423 278 460 finam
295 444 303 452 ·
322 424 372 459 ita
389 424 500 459 libere
518 428 554 459 et
571 423 690 470 quiete
710 442 718 450 ·
737 421 895 471 plenarie
910 426 945 457 et
962 421 1160 456 honorifice
1175 440 1183 448 ·
1199 419 1285 456 ficut
1303 421 1391 456 alios
1408 421 1568 457 redditus
1587 423 1671 470 epis-

169 487 316 530 copatus
328 501 337 510 ·
352 480 498 517 liberius
513 500 521 509 ·
536 481 695 528 quiecius
709 499 718 508 ·
732 479 873 528 plenius
887 484 923 515 et
936 478 1236 514 honorificencius
1246 484 1346 514 tenet
1365 498 1373 507 ·
1394 478 1557 514 Testibus
1567 479 1590 516 J
1593 493 1669 515 oce-

168 539 242 575 lino
266 539 428 587 episcopo
453 535 662 586 Glasguenfi
681 556 689 566 ·
709 537 873 574 mattheo
901 537 1063 585 episcopo
1089 535 1338 572 Aberdonenfi
1365 555 1373 564 ·
1402 536 1568 584 Turpino
1587 537 1670 585 epis-

169 610 259 645 copo
278 595 507 633 Brechinenfi
534 616 542 624 ·
571 596 619 631 A·
639 595 764 631 abbate
789 595 834 631 de
852 594 1119 642 Dunfermelyn
1153 613 1161 621 ·
1190 593 1238 629 G·
1258 594 1384 629 abbate
1409 594 1453 629 de
1475 593 1640 630 Kelchou
1660 614 1668 622 ·

171 654 221 689 H·
249 654 374 690 abbate
393 654 437 690 de
454 653 709 689 Aberbruthoc
734 672 743 680 ·
768 653 826 687 W·
846 652 971 688 abbate
987 652 1030 687 de
1050 651 1182 687 Sancta
1200 664 1306 687 cruce
1331 671 1339 679 ·
1367 651 1530 687 Roberto
1544 651 1669 688 abbate

169 713 213 748 de
238 712 354 748 Scona
381 731 389 739 ·
419 711 613 759 Radulpho
638 710 764 746 abbate
791 710 835 746 de
861 709 983 758 Cupre
1011 729 1019 737 ·
1050 709 1210 757 Hugone
1235 709 1360 745 abbate
1379 709 1423 744 de
1441 709 1641 745 Neubothil
1660 729 1669 737 ·

170 770 329 806 Reinero
347 769 473 804 abbate
491 769 536 804 de
553 769 693 817 Kynlos
712 787 721 796 ·
740 768 871 803 comite
886 767 1067 802 Duncano
1080 766 1275 815 justiciario
1294 786 1303 794 ·
1323 766 1526 803 Gilleberto
1540 767 1671 803 comite

169 828 213 863 de
229 827 437 863 Stradherin
453 846 461 854 ·
477 826 678 862 Gillebride
697 825 827 861 comite
846 825 890 861 de
907 824 1082 873 Henegus
1102 844 1110 852 ·
1132 824 1295 860 Roberto
1309 830 1345 860 et
1356 824 1539 860 &Villelmo
1558 825 1672 873 capel-

169 885 258 920 lanis
275 884 363 920 meis
381 903 390 912 ·
411 884 572 932 Hugone
591 884 635 919 de
653 882 765 931 sigillo
783 896 864 919 meo
879 883 1009 919 clerico
1038 902 1046 911 ·
1074 882 1257 918 Willelmo
1272 883 1316 918 de
1333 882 1439 931 Haya
1466 902 1474 910 ·
1503 882 1670 919 Galfrido

170 943 214 979 de
234 942 408 978 Maleuile
427 961 436 970 ·
456 941 639 978 Willelmo
659 942 703 977 de
723 941 920 977 Moreuilla
947 960 955 970 ·
985 941 1099 990 Apud
1119 940 1299 989 Kyngorn
1318 960 1326 969 ·

170 1116 229 1151 De
249 1115 394 1151 decimis
413 1115 645 1164 Episcopatus
663 1134 672 1143 ·

170 1230 239 1265 ·W-
259 1230 332 1265 Dei
357 1230 472 1278 gratia
499 1230 580 1265 Rex
607 1229 813 1265 Scottorum
840 1229 1008 1278 episcopis
1032 1248 1040 1257 ·
1060 1229 1245 1265 abbatibus
1265 1248 1273 1258 ·
1293 1229 1482 1265 comitibus
1501 1249 1509 1258 ·
1528 1230 1670 1266 baroni-

170 1287 234 1323 bus
248 1307 257 1315 ·
271 1287 419 1336 justiciis
434 1307 442 1315 ·
457 1287 725 1323 vicecomitibus
739 1306 748 1315 ·
762 1285 945 1335 prepositis
960 1306 968 1315 ·
983 1286 1144 1324 ministris
1160 1307 1168 1315 -
1184 1292 1219 1323 et
1238 1287 1403 1323 omnibus
1420 1288 1540 1336 probis
1557 1288 1670 1323 homi-

169 1344 273 1380 nibus
290 1345 406 1380 tocius
424 1350 518 1380 terre
536 1345 595 1380 sue
613 1345 749 1381 clericis
767 1350 804 1380 et
820 1344 918 1380 laicis
936 1344 1082 1380 salutem
1119 1364 1127 1372 ·
1165 1345 1286 1380 Sciant
1308 1345 1487 1393 presentes
1505 1351 1541 1381 et
1558 1346 1670 1381 futuri

170 1415 226 1438 me
241 1402 370 1438 dedisse
385 1408 420 1438 et
434 1401 630 1438 concessifl'e
647 1408 683 1438 et
700 1403 766 1438 hac
784 1407 881 1438 carta
898 1415 977 1438 mea
995 1402 1215 1438 confirmasse
1231 1403 1314 1438 Deo
1329 1408 1365 1439 et
1379 1402 1522 1439 ecclesie
1538 1403 1670 1440 Sancte

170 1459 358 1495 Trinitatis
377 1460 421 1496 de
446 1460 647 1509 episcopatu
665 1460 828 1497 (Doravie
847 1479 855 1488 ·
875 1465 911 1495 et
930 1460 1076 1496 domino
1097 1460 1255 1496 Ricardo
1274 1461 1436 1509 episcopo
1455 1462 1617 1498 moravie
1636 1467 1672 1497 et

169 1518 419 1553 succefforibus
437 1518 504 1553 suis
522 1518 559 1553 in
577 1517 725 1553 liberam
743 1523 779 1553 et
796 1522 1005 1566 perpetuam
1024 1516 1250 1553 elemosinam
1265 1537 1273 1546 ·
1288 1531 1354 1567 pro
1372 1518 1556 1554 animabus
1574 1524 1672 1555 ante-

170 1575 342 1610 cessorum
360 1588 523 1611 meorum
538 1594 547 1603 ·
563 1580 599 1611 et
615 1589 682 1624 pro
696 1575 806 1611 salute
823 1575 942 1611 anime
959 1588 1038 1611 mee
1057 1594 1065 1603 ·
1086 1575 1258 1611 decimam
1277 1589 1393 1611 meam
1412 1576 1456 1612 de
1474 1576 1672 1612 redditibus

170 1632 257 1668 meis
281 1632 324 1668 de
349 1633 513 1669 moravia
531 1651 539 1660 -
559 1638 595 1669 et
621 1633 666 1668 de
688 1633 827 1681 placitis
853 1633 940 1669 meis
965 1646 1030 1681 per
1052 1638 1171 1669 totum
1196 1633 1435 1682 episcopatum
1463 1633 1672 1670 Moravien-

169 1690 239 1725 sem
254 1709 263 1717 ·
279 1690 323 1726 de
337 1690 534 1726 redditibus
551 1690 639 1726 meis
653 1709 661 1718 ·
676 1690 807 1726 scilicet
821 1695 857 1726 et
868 1691 912 1726 de
927 1703 1016 1726 cano
1031 1703 1111 1726 meo
1127 1710 1135 1719 ·
1151 1691 1195 1727 de
1208 1691 1324 1727 vaccis
1337 1696 1373 1727 et
1386 1692 1503 1740 porcis
1518 1711 1526 1719 ·
1542 1692 1586 1728 de
1599 1692 1671 1728 fru-

104 1768 106 1770 ·
171 1752 292 1783 mento
306 1767 314 1775 ·
328 1747 450 1783 braseo
470 1753 505 1783 et
522 1748 704 1796 prebenda
718 1766 726 1776 ·
742 1753 777 1784 et
797 1748 841 1784 de
856 1748 954 1784 caseo
969 1753 1005 1784 et
1018 1748 1062 1784 de
1079 1748 1200 1784 butiro
1215 1768 1224 1777 ·
1239 1749 1336 1796 quod
1353 1750 1587 1786 antecessores
1601 1751 1671 1786 mei

169 1817 243 1839 non
262 1805 442 1841 dederunt
459 1818 526 1841 nec
543 1804 807 1853 assignaverunt
820 1806 866 1841 ad
884 1806 969 1841 alias
983 1804 1142 1842 ecclesias
1169 1826 1178 1834 ·
1207 1807 1330 1849 Quare
1348 1808 1506 1856 precipio
1521 1808 1671 1844 firmiter

169 1861 306 1898 ballivis
324 1862 411 1898 meis
430 1863 474 1899 de
493 1864 657 1900 moravia
671 1883 679 1891 ·
698 1869 739 1899 ut
757 1862 818 1912 ipfi
835 1862 906 1899 fine
924 1863 1178 1901 disturbatione
1195 1864 1327 1901 faciant
1345 1865 1492 1901 domino
1512 1866 1670 1902 Ricardo

171 1919 332 1968 episcopo
356 1925 393 1956 et
416 1920 665 1956 successoribus
686 1921 755 1957 suis
771 1920 915 1969 singulis
933 1922 1035 1957 annis
1051 1922 1211 1970 plenarie
1230 1928 1265 1958 et
1283 1923 1423 1971 integre
1440 1923 1571 1959 habere
1592 1937 1671 1972 pre-

171 1977 302 2013 difstam
321 1978 494 2013 decimam
511 1998 518 2006 ·
533 1977 620 2014 ficut
633 1978 791 2027 superius
809 1979 846 2014 in
865 1985 962 2015 carta
979 1979 1097 2015 nostra
1115 1980 1393 2016 determinatum
1407 1980 1455 2017 est
1479 2001 1487 2009 ·
1508 1981 1670 2017 Testibus

170 2033 334 2070 Jocelino
369 2036 531 2084 episcopo
567 2035 774 2072 Glascuenfi
805 2056 814 2064 ·
846 2037 993 2073 matheo
1028 2038 1191 2086 episcopo
1223 2038 1473 2074 Aberdonenfi
1501 2059 1509 2067 ·
1539 2040 1669 2075 comite

170 2091 371 2128 Dunecano
391 2093 585 2141 justiciario
613 2113 621 2122 ·
649 2095 780 2130 comite
799 2094 930 2130 Gilleb’
955 2095 999 2131 de
1024 2095 1232 2132 Stratheren
1264 2116 1273 2124 ·
1306 2098 1357 2133 (D-
1377 2097 1507 2132 comite
1530 2097 1640 2133 Ethol
1660 2117 1667 2125 ·

169 2149 332 2186 Jocelino
356 2151 607 2187 archidiacono
628 2151 874 2188 Dunkeldenfi
901 2172 910 2180 ·
940 2152 1097 2189 Ricardo
1122 2154 1167 2190 de
1186 2153 1362 2189 Morauill
1383 2154 1640 2190 constabulario
1660 2174 1669 2182 ·

170 2206 330 2243 Walter-o
348 2206 489 2245 Olifard
518 2228 525 2237 ·
556 2209 712 2244 Ricardo
738 2210 781 2245 de
801 2209 1005 2247 Munfichet
1033 2231 1041 2239 ·
1069 2211 1173 2248 Serer
1198 2212 1243 2248 de
1263 2212 1395 2260 Quincj
1426 2231 1434 2240 ·
1463 2212 1571 2248 Malis
1594 2212 1668 2247 filio

170 2265 308 2300 comitis
326 2265 473 2302 Ferteth
501 2287 509 2295 ·
541 2267 697 2302 Ricardo
716 2272 752 2303 et
771 2268 935 2317 Philippo
956 2268 1158 2305 Marscaldo
1187 2290 1194 2297 ·
1224 2269 1337 2318 Apud
1356 2269 1441 2305 Pert
1460 2289 1468 2298 ·
1493 2273 1495 2275 ’
