2060 2660
582 181 687 218 REG
694 182 899 219 ISTRUM
928 182 1292 220 MORAVIENSE.
1611 187 1681 224 163

184 340 372 378 Attestatio
387 360 395 368 ·

85 460 152 492 145
181 455 257 491 Nos
271 454 489 491 Guillelmus
502 454 727 490 miseratione
741 453 863 489 divina
873 452 969 488 tituli
982 452 1114 488 Sancte
1129 452 1244 488 marie
1255 457 1353 487 trans
1368 452 1526 489 Tiberim
1542 455 1678 504 presby-

180 519 233 548 ter
244 512 431 548 cardinalis
443 512 528 548 sacri
540 512 682 560 collegii
694 511 977 547 reverendorum
989 515 1131 558 patrum
1145 510 1375 545 dominorum
1388 510 1507 546 sancte
1516 512 1679 549 Romane

178 568 319 606 ecclefie
337 570 571 605 cardinalium
592 589 775 598 ·······
794 574 922 605 tenore
935 568 1153 617 presentium
1168 568 1455 615 recognoscimus
1473 574 1509 604 et
1526 569 1679 606 fatemur

179 628 274 676 quod
291 628 503 664 venerabilis
520 628 557 663 in
577 627 718 664 Christo
740 633 843 676 pater
862 627 1030 662 dominus
1050 625 1260 661 Alexander
1279 625 1461 674 episcopus
1479 627 1681 663 moravien-

179 685 218 721 fis
235 686 273 721 in
292 686 411 722 Scotia
433 699 498 734 pro
522 692 623 735 parte
646 686 755 734 partis
773 685 824 721 sui
842 684 1042 721 communis
1064 683 1196 719 servitii
1218 683 1255 718 in
1279 696 1351 731 quo
1373 684 1510 732 prefato
1529 684 1680 733 collegio

179 749 321 779 tenetur
342 744 557 792 quingentos
580 743 817 792 quadraginta
844 743 902 778 sex
927 743 1083 778 florenos
1106 741 1185 777 auri
1209 760 1217 769 ·
1247 741 1375 789 viginti
1392 754 1506 777 unum
1524 741 1653 778 solidos
1672 762 1680 770 ·

180 802 263 837 octo
278 801 442 837 denarios
456 807 601 838 monete
615 801 792 837 currentis
804 798 1058 837 Avinionenfis
1074 819 1082 828 ·
1098 805 1134 835 et
1147 812 1214 848 pro
1228 804 1329 848 parte
1343 799 1452 847 partis
1469 799 1680 836 servitorum

179 859 405 895 familiarium
430 860 659 896 dominorum
687 859 920 895 cardinalium
948 858 1195 907 predi&orum
1220 857 1349 905 viginti
1372 857 1504 905 septem
1527 858 1682 894 florenos

179 918 256 952 auri
271 937 278 945 ·
295 918 380 953 octo
394 917 522 953 solidos
537 938 545 946 ·
561 918 652 953 duos
671 917 836 953 denarios
851 917 947 953 dieue
965 922 1110 952 monete
1127 935 1135 944 ·
1156 935 1164 944 ·
1186 935 1194 943 ·
1214 935 1222 943 ·
1243 916 1378 951 domini
1397 915 1540 951 Nicolai
1557 915 1683 952 Jacobi

171 975 299 1010 ·militis
318 975 362 1010 de
381 974 542 1011 Albertis
568 976 605 1011 in
631 975 806 1024 presentia
832 974 1081 1023 magistrorum
1100 973 1273 1010 Willelmi
1300 973 1344 1009 de
1371 973 1546 1010 Grenlaw
1573 974 1684 1010 archi-

181 1032 320 1068 diaconi
349 1033 470 1069 Sancti
502 1034 651 1069 Andree
682 1034 720 1069 in
749 1033 868 1069 Scotia
896 1038 932 1069 et
963 1032 1046 1068 Ade
1074 1033 1118 1068 de
1146 1031 1362 1080 Tynygham
1393 1032 1556 1068 canonici
1587 1032 1683 1068 dicte

179 1089 320 1126 ecclefie
344 1097 380 1126 et
403 1091 440 1126 in
463 1091 536 1139 ipso
564 1091 716 1139 collegio
743 1091 996 1140 recipientibus
1023 1090 1109 1126 solvi
1134 1090 1219 1125 fecit
1238 1109 1246 1117 ·
1270 1090 1314 1125 de
1340 1089 1467 1137 quibus
1492 1089 1537 1126 fic
1563 1089 1684 1126 solutis

179 1148 291 1195 ipsum
310 1149 494 1185 dominum
515 1149 729 1198 Episcopum
754 1168 762 1177 ·
790 1147 970 1185 ecclesiam
995 1148 1092 1184 suam
1118 1167 1126 1176 ·
1156 1147 1364 1183 success'ores
1390 1147 1470 1183 suos
1494 1154 1530 1183 et
1556 1161 1682 1184 eorum

179 1205 273 1241 bona
295 1206 422 1254 prefati
445 1207 587 1255 collegii
609 1207 755 1242 nomine
782 1206 994 1242 absolvimus
1020 1211 1056 1242 et
1082 1206 1277 1253 quittamus
1296 1225 1304 1233 ·
1333 1206 1472 1241 Verum
1499 1206 1683 1242 intellecta

180 1264 274 1299 mole
301 1265 548 1311 gravaminum
578 1278 643 1313 pro
670 1270 770 1313 parte
798 1264 886 1299 die‘ci
913 1264 1049 1299 domini
1072 1263 1235 1311 Episcopi
1258 1276 1377 1299 coram
1405 1263 1507 1298 nobis
1530 1262 1685 1312 expofita

179 1335 247 1368 que
276 1322 387 1370 ipsum
417 1323 462 1357 ad
489 1323 674 1358 solvendas
702 1322 779 1358 illas
806 1322 1039 1370 pecuniarum
1068 1321 1284 1369 quantitates
1315 1341 1323 1349 ·
1355 1334 1441 1368 quas
1469 1321 1608 1357 ratione
1634 1321 1684 1356 sui

179 1380 378 1415 communis
406 1380 537 1415 servitii
566 1394 706 1416 camere
732 1380 921 1428 apostolice
948 1385 984 1415 et
1011 1379 1164 1427 collegio
1185 1379 1369 1415 antediGto
1392 1392 1432 1414 ac
1454 1379 1685 1414 familiaribus

179 1443 214 1472 et
240 1437 418 1473 officiariis
442 1438 578 1473 domini
601 1438 710 1473 nostri
734 1438 828 1487 Pape
855 1443 891 1473 et
918 1438 1148 1473 dominorum
1175 1437 1409 1472 cardinalium
1437 1437 1683 1485 predictorum

178 1495 239 1530 sub
257 1496 362 1530 certis
381 1496 480 1544 penis
498 1502 533 1531 et
553 1496 733 1532 sententiis
753 1509 794 1531 ac
816 1496 971 1531 termino
991 1495 1132 1544 jamdiu
1159 1495 1275 1543 elapso
1301 1495 1437 1530 solvere
1464 1495 1654 1530 tenebatur
1673 1514 1681 1522 ·

179 1553 376 1588 reddebant
394 1559 430 1589 et
447 1554 563 1590 adhuc
582 1554 740 1590 reddunt
757 1553 992 1590 verisimiliter
1009 1553 1245 1602 impotentem
1265 1572 1273 1580 ·
1292 1553 1508 1588 auctoritate
1525 1552 1629 1588 nobis
1646 1553 1683 1587 in

178 1611 242 1646 hac
269 1617 369 1658 parte
396 1612 575 1647 commissa
601 1625 621 1647 a
645 1611 729 1647 festo
753 1612 875 1648 Sanffi
894 1611 1079 1649 michaelis
1097 1611 1141 1647 de
1159 1610 1277 1646 mense
1297 1610 1496 1659 Septembri
1518 1610 1682 1658 proximo

177 1674 331 1704 venturo
351 1669 459 1717 usque
477 1670 522 1705 ad
540 1683 653 1705 unum
672 1683 808 1705 annum
827 1670 1020 1705 terminum
1038 1668 1099 1704 fibi
1117 1669 1283 1705 duximus
1307 1668 1576 1717 prorogandum
1596 1688 1604 1696 ·
1632 1669 1681 1704 ita

177 1733 297 1762 tamen
316 1728 413 1774 quod
430 1726 454 1762 fi
472 1728 510 1763 in
528 1728 627 1763 dicto
644 1727 705 1763 fibi
723 1734 918 1777 prorogato
936 1727 1091 1763 termino
1109 1740 1186 1763 non
1211 1727 1416 1763 satisfecerit
1441 1727 1484 1763 de
1511 1726 1680 1776 premiflis

177 1785 277 1833 penis
301 1790 337 1820 et
363 1784 544 1821 sententiis
568 1786 697 1833 quibus
714 1792 820 1821 antea
838 1785 1027 1821 tenebatur
1044 1784 1085 1821 fit
1102 1785 1264 1821 astrictus
1283 1805 1291 1813 ·
1321 1785 1470 1834 Insuper
1487 1785 1600 1834 ipsum
1619 1786 1680 1822 do-

127 1846 129 1848 ’
178 1843 314 1879 minum
336 1843 549 1892 Episcopum
568 1857 589 1879 a
607 1842 836 1892 suspensionis
855 1863 863 1871 ·
883 1843 1262 1879 excommunicationis
1285 1848 1321 1879 et
1344 1844 1528 1879 interdicti
1545 1844 1682 1880 senten-

177 1901 233 1944 tiis
253 1914 294 1936 ac
312 1906 413 1936 reatu
439 1901 587 1950 perjurii
606 1908 641 1937 et
659 1901 735 1937 aliis
753 1902 853 1949 penis
871 1901 968 1949 quod
983 1907 1018 1937 et
1035 1915 1121 1949 quas
1136 1901 1287 1937 incurrit
1305 1907 1452 1950 propter
1470 1902 1681 1939 solutionem

178 1959 421 2007 premissorum
440 1972 514 1994 non
533 1960 664 1995 factam
686 1959 723 1994 in
745 1960 901 1995 termino
925 1958 984 1995 fibi
1006 1959 1143 2008 prefixo
1165 1960 1380 1995 auctoritate
1405 1973 1475 2008 qua
1497 1960 1682 2009 fungimur

178 2017 214 2051 in
237 2016 302 2052 hac
325 2022 426 2064 parte
450 2017 617 2052 duximus
641 2017 895 2053 absolvendum
915 2037 923 2045 ·
952 2017 1081 2053 Secum
1106 2009 1211 2066 super
1234 2018 1497 2066 irregularitate
1523 2017 1547 2054 fi
1573 2032 1679 2066 quam

179 2074 356 2110 contraxit
382 2075 520 2110 interea
545 2074 590 2111 fic
617 2075 747 2123 ligatus
770 2075 803 2111 se
821 2075 1049 2111 immiscendo
1068 2076 1197 2111 divinis
1214 2076 1273 2112 vel
1291 2076 1393 2112 aliter
1411 2090 1486 2112 non
1505 2083 1625 2113 tamen
1643 2077 1681 2112 in

179 2137 422 2180 contemptum
452 2132 606 2168 clavium
634 2133 758 2169 eadem
788 2134 1003 2170 auctoritate
1032 2134 1306 2170 misericorditer
1333 2134 1568 2183 dispensantes
1592 2155 1600 2163 ·
1634 2135 1678 2170 In

178 2202 329 2236 quorum
357 2190 596 2226 testimonium
621 2191 801 2239 presentes
827 2191 947 2227 literas
973 2192 1121 2228 fecimus
1144 2192 1223 2228 fieri
1244 2198 1280 2228 et
1303 2191 1405 2240 figilli
1422 2193 1528 2228 nostri
1548 2206 1677 2241 appen-

179 2245 272 2283 fione
290 2248 421 2284 muniri
457 2268 465 2276 ·
524 2249 662 2285 Datum
683 2249 845 2285 Avinion
863 2269 872 2278 ·
892 2250 948 2286 die
975 2250 1122 2299 septima
1148 2249 1273 2286 menfis
1297 2250 1512 2298 Septembris
1539 2270 1547 2278 ·
1579 2263 1673 2285 anno

180 2318 200 2339 a
242 2306 425 2342 nativitate
466 2307 617 2343 Domini
660 2306 843 2343 millefimo
879 2311 976 2345 ·ccc⁰·
1012 2307 1223 2357 sexagesimo
1267 2313 1394 2355 quarto
1431 2328 1438 2335 ·
1479 2308 1676 2343 indictione
