2060 2660
560 163 877 199 REGISTRUM
903 163 1022 200 MOR
1030 165 1265 202 AVIENSE.
1589 172 1656 208 129

166 319 419 356 Attestationes
437 319 481 355 de
493 318 577 367 jure
594 325 805 367 patronatus
823 339 832 348 ·

68 436 137 474 117
164 434 417 470 Attestationes
435 434 570 470 domini
588 434 763 471 Johannis
782 435 932 483 VVylgus
950 434 1044 470 fatite
1062 435 1158 483 apud
1174 440 1321 483 pontem
1342 436 1385 472 de
1405 437 1473 484 Spe
1492 456 1500 465 ·
1526 451 1656 484 magno

66 2045 132 2078 118

155 492 363 541 juramento
389 492 650 528 interveniente
679 511 689 521 ·
726 493 764 527 in
789 492 965 540 presentia
992 492 1220 527 dominorum
1244 493 1411 528 videlicet
1437 494 1572 528 domini
1598 494 1657 531 Jo-

160 550 286 585 hannis
304 549 407 597 Gray
436 568 446 578 ·
473 555 509 585 et
532 550 667 585 domini
684 550 860 587 Johannis
879 550 1091 598 VVythewyc
1120 569 1128 577 ·
1153 555 1189 585 et
1215 550 1366 586 aliorum
1394 551 1656 598 fidedignorum

161 607 289 644 scilicet
307 607 449 643 Thome
469 607 640 656 Hunteyr
667 627 677 636 ·
702 607 879 644 Johannis
898 607 962 642 filii
982 607 1174 655 Augustini
1202 626 1210 636 ·
1239 613 1275 643 et
1293 608 1464 643 willelmi
1487 608 1530 643 de
1550 608 1658 644 Fores

161 670 196 701 et
213 665 364 700 aliorum
383 664 602 700 diversorum
618 684 626 693 ·
647 665 748 701 Dicit
762 670 797 700 et
811 665 988 700 fatebatur
1001 665 1038 699 in
1052 664 1227 712 presentia
1245 666 1441 701 eorundem
1461 666 1557 712 quod
1571 665 1660 700 vidit

161 722 338 770 quandam
356 727 489 757 cartam
507 722 600 758 bone
619 723 790 758 memorie
809 722 944 758 domini
965 721 1114 758 Audree
1135 723 1317 769 quondam
1337 723 1487 771 episcopi
1506 723 1660 759 moravi-

161 778 247 816 enfis
265 799 274 808 ·
299 793 381 815 cum
408 780 546 815 duobus
572 778 690 827 figillis
714 780 952 828 pendentibus
973 780 1010 815 in
1029 793 1111 815 cera
1128 780 1233 815 viridi
1257 780 1387 816 scilicet
1410 780 1545 815 domini
1565 780 1660 828 Epis-

161 837 240 885 copi
258 842 294 872 et
311 837 479 885 capituli·
498 838 600 886 super
617 838 828 873 fundatione
848 838 988 873 Domus
1008 837 1079 873 Dei
1098 838 1142 873 de
1162 837 1271 885 Elgin
1290 857 1298 866 -
1317 851 1422 884 quam
1441 838 1605 873 fundavit
1621 838 1659 873 in

162 900 257 931 terra
281 908 302 930 a
327 895 384 930 via
409 895 508 942 regia
531 895 639 942 usque
667 896 713 931 ad
740 895 896 931 rivulum
921 895 965 931 de
988 895 1093 930 Taok
1118 895 1156 930 in
1182 908 1252 943 qua
1280 895 1407 930 domus
1433 893 1558 930 situata
1586 895 1634 931 est
1651 915 1659 923 ·

163 965 243 987 cum
259 958 354 988 terra
367 966 436 999 que
450 958 599 988 vocatur
613 953 796 1001 Spetelflat
806 952 914 1001 juxta
932 953 1057 988 domos
1075 953 1295 1001 leprosorum
1310 953 1354 988 de
1371 952 1477 1000 Elgin
1493 971 1501 981 ο
1517 958 1552 988 et
1565 958 1661 988 terra

163 1010 207 1045 de
237 1010 444 1058 Pettynsayr
470 1010 562 1045 infra
588 1011 786 1046 dominium
813 1010 858 1046 de
887 1010 1080 1046 Lambride
1113 1030 1121 1038 ·
1157 1016 1193 1046 et
1217 1010 1320 1058 super
1343 1010 1409 1045 hiis
1435 1010 1539 1045 terris
1565 1010 1662 1045 dieta

163 1067 304 1102 Domus
323 1067 395 1103 Dei
413 1068 457 1104 de
475 1068 594 1117 Elgyn
611 1081 675 1116 per
694 1068 830 1104 dietum
851 1068 1063 1116 Episcopum
1079 1074 1156 1103 erat
1173 1068 1322 1103 fundata
1337 1087 1345 1096 ·
1374 1067 1433 1103 Ac
1450 1068 1557 1103 etiam
1575 1068 1660 1103 dicit

163 1130 198 1161 et
215 1125 392 1161 fatebatur
410 1125 471 1161 sub
490 1126 616 1161 eodem
628 1125 835 1174 juramento
860 1126 957 1172 quod
980 1126 1124 1173 quando
1150 1125 1218 1160 suit
1241 1138 1466 1161 commorans
1490 1125 1524 1160 in
1552 1125 1659 1161 domo

163 1182 298 1218 domini
315 1183 489 1219 Johannis
508 1183 552 1218 de
572 1183 718 1231 Pylmor
735 1183 887 1231 episcopi
906 1181 1136 1219 moraviensis
1151 1183 1278 1218 ultimo
1298 1183 1458 1218 defuncti
1478 1183 1660 1230 predi6tus

163 1240 355 1289 Episcopus
374 1240 473 1276 dedit
486 1239 678 1276 custodiam
693 1241 788 1276 dieze
801 1240 943 1276 Domus
957 1240 1122 1288 magistro
1136 1241 1283 1288 Rogero
1297 1240 1341 1276 de
1356 1240 1504 1275 Wedale
1522 1241 1638 1287 primo
1650 1260 1659 1268 ·

162 1303 197 1334 et
215 1298 368 1334 secundo
387 1298 504 1334 dhstus
523 1298 716 1347 Episcopus
734 1298 833 1334 dedit
851 1311 972 1333 curam
992 1303 1028 1333 et
1045 1297 1382 1333 administrationem
1402 1297 1498 1333 dicte
1518 1297 1659 1333 Domus

162 1355 307 1391 domino
325 1356 483 1392 Johanni
502 1356 649 1404 Pylmor
667 1356 842 1409 monacho
861 1355 904 1391 de
924 1355 1059 1404 pryr
1076 1355 1255 1391 avunculo
1274 1355 1336 1390 suo
1367 1374 1376 1383 ·
1410 1360 1446 1390 et
1464 1355 1570 1390 tertio
1589 1354 1660 1390 dic-

160 1419 218 1449 tus
237 1413 430 1461 Episcopus
453 1413 551 1449 dedit
572 1426 694 1449 curam
716 1413 812 1449 diete
827 1411 974 1449 Domus
995 1413 1160 1461 magistro
1183 1413 1341 1461 Symony
1363 1412 1407 1448 de
1430 1412 1559 1460 Carayl
1587 1431 1596 1439 ·
1623 1417 1659 1448 et

162 1476 289 1518 quarto
307 1470 489 1519 predffifus
509 1471 702 1520 Episcopus
721 1471 819 1506 dedit
836 1470 1129 1506 ministrationem
1147 1471 1243 1506 diffise
1260 1470 1402 1505 Domus
1420 1468 1584 1516 magistro
1598 1469 1660 1506 Jo-

162 1528 272 1564 hanni
286 1528 329 1564 de
345 1528 517 1576 Kynarde
535 1528 798 1576 consanguineo
816 1528 877 1563 suo
890 1547 901 1556 ·
920 1527 978 1563 Ac
993 1528 1097 1563 etiam
1114 1528 1200 1563 dicit
1213 1527 1310 1575 quod
1324 1527 1542 1562 reverendus
1558 1532 1660 1574 pater

161 1586 198 1621 in
217 1585 356 1622 Christo
375 1586 541 1621 dominus
559 1585 769 1621 Alexander
787 1585 967 1634 episcopus
986 1584 1216 1622 moraviensis
1236 1584 1334 1620 dedit
1351 1583 1544 1620 custodiam
1563 1583 1659 1619 die’te

163 1643 304 1679 Domus
316 1643 388 1679 Dei
402 1643 548 1678 domino
563 1641 646 1679 Ade
661 1643 705 1679 de
720 1643 946 1679 Dundurkus
960 1643 1019 1692 qui
1033 1643 1150 1679 adhuc
1167 1647 1328 1678 remanet
1345 1655 1427 1677 cum
1445 1641 1568 1677 eadem
1585 1660 1593 1669 ·
1615 1640 1660 1676 In

161 1699 262 1749 cujus
285 1700 337 1736 rei
364 1700 603 1736 testimonium
627 1701 710 1748 quia
732 1699 881 1748 figillum
905 1701 1090 1749 proprium
1114 1712 1189 1736 non
1213 1699 1320 1735 habui
1342 1699 1484 1747 presens
1506 1697 1658 1746 sigillum

162 1757 299 1794 discreti
312 1757 380 1794 viri
394 1758 530 1793 domini
549 1758 775 1794 Succentoris
788 1756 1019 1796 moraviensis
1036 1757 1254 1806 presentibus
1267 1756 1457 1805 procuravi
1470 1756 1622 1804 apponi·

164 1930 352 1967 Restitutio
370 1937 406 1966 et
425 1931 661 1966 Renuntiatio
681 1930 881 1967 Alexandri
899 1930 944 1966 de
962 1928 1116 1966 Dunbar
1134 1948 1143 1957 ·

163 2045 206 2081 In
228 2045 373 2081 nomine
391 2045 542 2081 Domini
560 2058 664 2081 amen
683 2064 692 2073 ·
720 2045 900 2081 Noverint
921 2043 1075 2081 univerfi
1097 2044 1193 2092 quod
1214 2057 1310 2080 anno
1329 2043 1480 2080 Domini
1498 2047 1654 2081 ·m⁰·ccc⁰·

161 2101 385 2150 nonagesimo
406 2103 512 2139 tertio
536 2122 544 2130 ·
569 2103 767 2138 indietione
786 2102 832 2137 ·ii-
851 2101 975 2138 mensis
995 2102 1211 2151 Septembris
1232 2102 1289 2138 die
1316 2101 1401 2137 ·xxi·
1428 2101 1654 2150 pontificatus

163 2159 296 2195 domini
315 2160 510 2196 Clementis
530 2160 624 2209 Pape
648 2160 784 2209 septimi
808 2173 903 2196 anno
927 2173 996 2196 ·xv·
1024 2160 1222 2196 reverendo
1246 2159 1283 2195 in
1305 2158 1444 2196 Christo
1471 2164 1570 2208 patre
1593 2158 1654 2193 do-

161 2215 257 2252 mino
276 2217 486 2253 Alexandro
506 2218 578 2253 Dei
600 2218 715 2265 gratia
741 2217 902 2266 episcopo
924 2216 1139 2254 moraviensi
1155 2217 1297 2253 sedente
1315 2230 1381 2265 pro
1399 2215 1566 2252 tribunali
1585 2234 1593 2243 ·
1616 2214 1653 2249 in

161 2274 229 2309 mei
251 2275 380 2310 notarii
397 2275 528 2323 publici
552 2274 761 2323 infrascripti
785 2280 822 2311 et
844 2275 1118 2324 subscriptorum
1142 2274 1281 2311 testium
1304 2274 1349 2309 ad
1372 2274 1439 2309 hoc
1463 2271 1654 2321 specialiter

891 2344 915 2368 R
