2060 2660
531 166 847 205 REGISTRUM
874 167 1233 207 MORAVIENSE.
1550 179 1621 217 275

139 266 319 303 Willelmo
346 271 556 314 precentore
575 286 584 294 ·
611 265 670 301 W·
697 266 909 301 cancellario
928 285 937 294 ·
970 266 1016 301 R·
1044 267 1259 303 thesaurario
1278 287 1286 296 ·
1317 269 1473 305 Waltero
1502 271 1623 307 subde-

137 337 227 359 cano
246 343 254 352 ·
283 323 513 359 Archebaldo
532 342 541 351 ·
569 323 735 360 Johanne
754 341 764 351 ·
791 323 978 358 Bernardo
1005 328 1041 366 et
1066 323 1233 371 magistro
1259 324 1424 361 Johanne
1449 327 1623 376 Berwych

136 381 314 417 canonicis
340 379 618 416 moraviensibus
641 400 650 408 ·
686 380 943 416 Bartholomeo
963 399 971 407 ·
1007 379 1168 416 Waltero
1196 381 1385 429 capellanis
1403 402 1412 410 ·
1443 382 1622 419 Willelmo

136 438 264 474 clerico
283 456 292 465 ·
322 436 378 472 W·
398 438 593 474 camerario
612 443 648 474 et
665 437 742 473 aliis
760 456 769 465 ·
802 437 937 473 Actum
955 449 1051 473 anno
1069 437 1184 485 gratie
1201 437 1380 475 ‹oillefimo
1399 441 1622 477 ·cc⁰·xxxviii·

135 495 252 531 mense
270 497 378 543 (Dayo
397 514 406 522 ·

136 666 207 702 Pro
225 667 410 715 capellano
431 666 551 704 Sancti
570 666 667 702 Petri
685 666 729 701 de
748 665 879 702 Duffus
897 684 907 694 ο

43 781 114 814 213
135 780 313 817 Walterus
331 782 375 817 de
393 781 557 818 moravia
577 780 671 816 filius
691 779 861 828 Hugonis
879 780 923 816 de
941 780 1105 817 moravia
1126 781 1290 816 omnibus
1310 781 1431 816 amicis
1453 786 1490 816 et
1515 781 1624 817 homi-

133 838 236 874 nibus
262 838 330 874 suis
353 839 500 874 salutem
520 857 528 867 ·
557 838 678 874 Sciant
695 838 874 886 presentes
892 842 928 874 et
945 838 1056 873 futuri
1075 851 1132 874 me
1150 838 1280 874 dediffe
1299 843 1335 874 et
1351 839 1417 874 hac
1434 843 1531 874 carta
1547 851 1626 874 mea

133 896 352 932 confirmasse
371 896 480 932 Petro
500 895 684 944 capellano
702 895 897 931 celebranti
914 908 981 943 pro
999 895 1118 931 anima
1134 896 1245 943 patris
1262 896 1332 931 mei
1350 901 1386 932 et
1403 896 1525 931 matris
1547 908 1625 931 mee

133 959 170 989 et
196 959 385 1001 parentum
413 966 577 988 meorum
606 958 642 989 et
669 952 829 988 fidelium
860 952 1115 988 defunetorum
1145 953 1183 989 in
1211 952 1353 989 ecclefia
1379 953 1502 989 Saneti
1529 952 1625 988 Petri

133 1011 228 1059 apud
242 1011 374 1047 Duffus
392 1030 400 1039 ·
420 1016 456 1046 et
473 1010 722 1046 successoribus
740 1010 808 1046 suis
825 1008 1024 1058 presbiteris
1041 1010 1294 1046 constituendis
1311 1010 1356 1046 ad
1374 1010 1626 1047 celebrandum

133 1068 263 1103 ibidem
289 1081 356 1116 pro
379 1068 558 1104 desun6‘cis
577 1087 585 1096 ·
614 1068 660 1103 ad
682 1067 778 1103 suam
800 1067 1087 1103 sustentationem
1106 1087 1114 1096 ·
1142 1068 1179 1103 in
1206 1081 1331 1116 puram
1357 1073 1394 1103 et
1418 1072 1626 1116 perpetuam

134 1124 358 1161 elemosinam
377 1145 386 1153 ·
413 1138 526 1160 unum
553 1125 708 1160 croftum
735 1130 771 1160 et
796 1124 927 1160 toftum
950 1137 1015 1173 per
1037 1125 1115 1160 illas
1138 1125 1265 1161 diuisas
1287 1138 1352 1171 per
1374 1138 1459 1172 quas
1480 1124 1548 1160 feci
1565 1125 1626 1159 illa

133 1182 352 1218 deambulari
370 1187 406 1218 et
424 1182 620 1217 mensurari
634 1195 698 1228 per
711 1181 735 1218 J
737 1182 916 1217 ohannem
930 1181 974 1217 de
988 1181 1125 1229 ogiston
1139 1187 1226 1218 tunc
1239 1182 1465 1218 senescallum
1482 1194 1602 1217 meum
1615 1201 1623 1210 ·

132 1239 294 1285 presente
313 1239 464 1275 Andrea
487 1239 648 1287 episcopo
674 1237 888 1275 moraviensi
913 1243 949 1275 et
975 1239 1051 1274 aliis
1069 1258 1079 1267 ·
1107 1239 1230 1281 Quare
1247 1239 1331 1275 volo
1349 1244 1386 1274 et
1402 1239 1560 1275 concedo
1583 1244 1623 1274 ut

133 1297 315 1344 predictus
334 1297 461 1332 Petrus
478 1295 648 1344 presbiter
665 1301 701 1331 et
718 1295 926 1332 successores
943 1295 1018 1344 ejus
1036 1309 1159 1332 omnes
1173 1302 1209 1332 et
1221 1295 1346 1344 finguli
1360 1296 1405 1331 ad
1419 1295 1623 1344 predictum

133 1353 321 1389 seruicium
340 1354 502 1402 deputati
520 1372 529 1381 ·
548 1366 653 1401 quam
673 1353 735 1389 diu
752 1353 841 1388 illud
858 1353 1090 1401 personaliter
1107 1359 1143 1389 et
1160 1353 1303 1389 honeste
1328 1353 1458 1389 facient
1483 1353 1521 1388 in
1545 1365 1623 1400 pre-

133 1411 231 1446 dieta
260 1410 403 1446 ecclesia
427 1430 435 1439 ·
464 1410 619 1446 habeant
649 1411 685 1445 in
716 1423 842 1458 puram
873 1415 909 1446 et
935 1416 1142 1459 perpetuam
1171 1409 1395 1446 elemosmam
1424 1409 1622 1458 predictam

133 1474 265 1503 terram
283 1473 396 1504 totam
414 1467 485 1504 fine
503 1468 622 1515 aliquo
641 1472 888 1504 retenemento
910 1468 955 1503 ad
976 1468 1071 1504 suam
1089 1467 1375 1503 sustentationem
1394 1487 1402 1495 ·
1430 1479 1511 1503 cum
1528 1479 1623 1503 com-

133 1525 233 1560 muni
250 1524 390 1573 pastura
407 1525 453 1560 ad
471 1538 585 1560 unum
603 1538 734 1572 equum
752 1530 788 1560 et
805 1529 960 1572 quatuor
971 1537 1095 1561 vaccas
1109 1544 1118 1553 ·
1136 1525 1290 1573 predffi‘ci
1304 1525 1410 1561 etiam
1425 1524 1622 1560 sacerdotes

132 1595 256 1618 omnes
273 1588 309 1618 et
327 1581 453 1630 singuli
470 1583 581 1630 quieti
599 1587 705 1618 erunt
723 1582 766 1617 ab
786 1581 883 1617 omni
901 1581 1155 1618 consuetudine
1178 1582 1366 1618 exaffione
1388 1586 1425 1618 et
1445 1581 1621 1617 demanda

131 1639 177 1674 ad
207 1652 263 1675 me
293 1640 351 1675 vel
380 1640 529 1675 heredes
559 1652 657 1675 meos
687 1639 826 1675 ratione
856 1639 1017 1687 predicte
1046 1644 1141 1675 terre
1168 1639 1370 1688 pertinente
1401 1659 1410 1667 ·
1459 1637 1620 1674 Testibus

132 1696 279 1731 domino
299 1696 450 1732 Andrea
473 1696 635 1744 episcopo
654 1694 867 1733 moraviensi
886 1715 894 1724 ·
923 1696 1177 1732 Bartholomeo
1196 1701 1232 1732 et
1250 1696 1446 1732 Eduuardo
1471 1696 1620 1744 capella-

132 1753 187 1788 nis
214 1753 301 1788 meis
330 1772 339 1780 ·
379 1753 463 1788 Ada
491 1753 674 1802 capellano
704 1753 846 1789 rectore
876 1752 921 1788 de
948 1753 1116 1789 carnedal
1139 1773 1147 1781 ·
1179 1753 1409 1789 Archebaldo
1436 1753 1618 1802 capellano

131 1810 297 1858 ,Episcopi
327 1810 557 1847 moraviensis
583 1830 592 1839 ·
629 1810 801 1858 Magistro
829 1810 989 1845 waltero
1020 1811 1064 1846 de
1093 1810 1298 1846 Crawforde
1331 1830 1339 1838 ·
1374 1811 1540 1847 Johanne
1574 1811 1618 1846 de

132 1867 295 1915 Oguston
322 1887 330 1895 ·
366 1868 524 1904 martino
554 1868 789 1916 dispensatore
815 1887 824 1895 ·
857 1867 1013 1903 Ricardo
1036 1868 1080 1903 de
1098 1867 1231 1904 Welles
1258 1887 1267 1895 ·
1296 1874 1332 1904 et
1360 1867 1436 1903 aliis
1467 1887 1475 1895 ·
1521 1867 1618 1903 Αὲὶε,

132 1938 226 1961 anno
244 1925 358 1973 gratie
375 1924 554 1963 millesimo
574 1945 582 1953 -
601 1925 717 1961 cc⁰xl⁰-
736 1925 796 1974 xiij
815 1924 984 1961 kalendas
1002 1924 1173 1962 Octobris
1190 1945 1198 1953 ·
