2060 2660
562 172 878 209 REGISTRUM
906 173 1267 212 MORAVIENSE.
1593 183 1662 218 119

172 273 350 310 canonicis
366 271 565 307 liberalium
580 271 842 319 prebendarum
861 271 1068 306 omnimoda
1079 272 1328 319 jurisdictione
1345 274 1405 309 sua
1421 288 1526 321 quam
1543 278 1662 313 haete-

171 344 238 366 nus
262 331 300 366 in
325 329 514 378 prebendis
540 329 607 364 suis
629 329 761 364 habere
787 328 1048 364 consueverunt
1072 348 1080 356 ·
1109 328 1172 363 nifi
1192 330 1229 364 in
1250 330 1316 364 hiis
1334 330 1464 366 casibus
1481 333 1518 367 in
1536 335 1662 380 quibus

170 388 270 423 cause
288 387 480 423 secundum
499 399 654 422 canones
672 400 693 422 a
710 386 854 434 prelatis
872 385 1099 421 inferioribus
1116 386 1162 421 ad
1179 386 1374 434 superiores
1399 388 1637 426 devolvuntur
1653 411 1661 418 ·

170 444 336 481 Excessus
349 457 435 480 vero
452 444 707 479 canonicorum
722 442 933 479 cathedralis
947 442 1088 478 ecclesie
1102 443 1163 490 qui
1180 444 1441 480 consueverunt
1458 447 1585 494 corrigi
1600 461 1662 495 per

168 502 342 538 decanum
361 507 396 537 et
414 501 609 550 capitulum
627 514 691 549 per
707 501 797 549 ipsos
815 500 921 549 juxta
941 500 1097 548 ejusdem
1115 499 1256 536 ecclefie
1275 501 1566 538 consuetudinem
1584 505 1663 540 hac-

166 566 270 595 tenus
287 559 431 608 pacifice
450 559 670 594 observatam
688 564 724 594 et
744 557 1062 594 commonitionem
1086 562 1122 593 et
1138 556 1328 606 juffionem
1348 559 1510 607 Episcopi
1534 565 1570 595 et
1590 561 1662 596 suc-

166 617 338 653 cefl'orum
364 617 507 652 suorum
534 616 627 651 infra
648 620 911 664 competentem
938 616 1133 650 terminum
1161 616 1211 651 eis
1238 615 1282 651 ab
1309 616 1482 664 Episcopo
1506 618 1563 652 vel
1587 619 1661 666 ejus

166 674 413 710 succefforibus
430 674 679 722 prefigendum
698 673 926 721 corrigantur
945 692 953 700 ·
983 672 1158 720 Alioquin
1178 673 1371 721 Episcopus
1389 679 1425 709 et
1443 674 1517 721 ejus
1535 675 1662 711 succes-

166 732 258 767 sores
277 732 398 768 Deum
425 745 489 780 pre
516 731 822 777 oculissshabentes
845 735 886 765 ut
907 730 1108 766 animarum
1130 743 1216 766 cura
1233 731 1382 778 requirit
1399 744 1463 778 per
1480 732 1661 768 censuram

166 788 425 825 ecclesiasticam
444 790 624 837 corrigere
643 802 718 824 non
737 788 904 824 omittant
923 807 931 815 ·
962 787 1007 823 In
1023 787 1130 836 hujus
1152 788 1205 823 rei
1226 787 1466 823 testimonium
1483 790 1529 824 ad
1546 790 1662 838 supra-

166 847 262 882 dieta
287 847 408 882 omnia
433 847 583 882 firmiter
609 851 645 882 et
669 845 922 882 inviolabiliter
940 850 976 881 et
993 845 1249 893 perpetualiter
1267 845 1484 881 observanda
1501 847 1552 881 illi
1570 850 1661 895 parti

165 904 269 952 hujus
282 905 452 953 scripture
470 905 507 939 in
525 904 673 940 modum
691 903 904 952 cyrographi
922 903 1086 939 confecte
1104 916 1172 950 que
1190 916 1299 951 penes
1317 903 1503 939 dominum
1522 904 1662 953 Episco-

164 975 249 1009 pum
269 967 304 998 et
321 962 400 998 suos
416 962 624 998 successores
647 966 809 998 remanet
825 974 899 996 una
916 974 997 996 cum
1015 960 1133 1009 sigillis
1150 960 1277 996 nostris
1294 959 1490 1009 appositum
1509 961 1557 997 est
1573 961 1661 1010 figil-

164 1019 239 1055 lum
258 1020 402 1068 capituli
419 1018 649 1057 moravienfis
666 1033 749 1055 cum
767 1019 1076 1067 subscriptionibus
1097 1018 1356 1054 canonicorum
1379 1038 1387 1046 ·
1415 1019 1551 1066 relique
1574 1033 1660 1055 vero

164 1077 256 1125 parti
273 1091 341 1125 que
359 1090 467 1125 penes
484 1078 666 1126 predictos
684 1077 874 1113 Decanum
893 1082 929 1112 et
946 1076 1137 1112 canonicos
1160 1081 1323 1112 remanet
1347 1089 1422 1111 una
1447 1090 1527 1112 cum
1550 1076 1660 1125 figillo

164 1134 251 1170 dic'ci
271 1135 434 1184 Episcopi
450 1134 561 1183 figilla
578 1134 696 1171 nostra
720 1135 868 1171 fecimus
895 1135 1028 1183 apponi
1047 1154 1055 1163 ·
1084 1134 1223 1170 Actum
1250 1134 1345 1183 apud
1369 1136 1521 1171 munros
1548 1135 1661 1183 pridie

166 1192 347 1229 Kalendas
365 1193 452 1231 maii
471 1212 480 1221 ·
498 1206 594 1229 anno
614 1193 766 1229 Domini
785 1192 988 1230 ·‹o⁰·cc⁰·lx⁰·

472 1493 599 1517 FINITO
617 1493 729 1518 LIBRO
747 1494 804 1518 SIT
822 1494 918 1518 LAUS
936 1495 982 1518 ΕΤ
1002 1493 1140 1518 GLORIA
1161 1494 1320 1518 CHRISTO
1339 1502 1347 1511 ·

691 1609 796 1633 AMEN
815 1610 955 1633 DICANT
975 1610 1097 1633 OMNIA
1119 1618 1126 1626 ·
