1912 2660
87 1922 158 1963 273

586 155 900 193 REGISTRUM
929 155 1289 195 MORAVIENSE.
1606 166 1679 200 855

193 257 280 305 Fyfe
299 256 342 292 de
359 255 461 291 terris
475 253 566 290 ·xx'¹·
581 267 780 290 marcarum
794 267 880 300 quas
892 254 1016 289 habuit
1028 254 1240 290 malcolmus
1257 256 1290 291 le
1305 256 1423 292 Grant
1439 258 1485 293 ad
1499 258 1677 296 Comitem

193 314 353 352 moravie
370 312 547 361 pertinere
566 331 574 340 ·
606 312 654 347 Et
670 311 738 347 hoc
757 310 952 346 deliberato
969 311 1064 346 idem
1084 311 1291 347 Alexander
1316 314 1466 361 recipiet·
1486 315 1678 353 secundum

191 372 372 418 antiquam
389 369 607 405 taxationem
625 388 634 397 ·
657 381 744 416 quas
761 368 946 415 octoginta
962 373 1134 403 marcatas
1151 381 1223 404 una
1240 381 1322 404 cum
1338 370 1486 406 baronia
1503 373 1546 407 de
1565 373 1679 409 Aber-

191 428 290 464 tarffe
309 446 317 455 ·
345 432 381 463 et
402 441 447 462 ·x·
470 432 642 462 marcatas
659 431 754 462 terre
772 439 858 473 quas
875 425 981 461 habet
999 426 1043 461 de
1062 425 1243 462 Willelmo
1262 426 1306 462 de
1324 427 1550 475 Fodrygham
1568 430 1676 466 libere

190 484 331 521 habebit
344 497 425 520 cum
444 484 608 519 omnibus
622 482 934 519 commoditatibus
952 483 1058 518 curiis
1076 488 1111 518 et
1130 483 1280 519 exitibus
1291 485 1460 531 quamdiu
1474 485 1570 521 dieta
1584 492 1677 522 terra

187 542 225 577 in
243 541 398 578 custodia
416 541 552 577 domini
567 541 767 577 Alexandri
781 541 889 576 fuerit
903 559 911 568 ·
940 540 988 576 Et
1005 540 1100 576 idem
1119 541 1284 576 dominus
1303 541 1432 577 Comes
1449 542 1549 578 stabit
1566 550 1601 578 et
1618 544 1678 579 ad-

187 599 324 635 herebit
337 599 452 635 eidem
468 598 679 635 Alexandro
694 598 731 634 in
744 598 812 633 suis
825 598 971 646 agendis
984 603 1110 633 contra
1126 598 1352 646 quoscunque
1368 618 1376 627 ·
1396 599 1541 635 domino
1559 600 1676 636 nostro

188 656 290 704 Rege
309 676 317 684 ·
338 656 479 692 Comite
498 656 542 692 de
561 656 659 704 Fyffe
674 675 682 684 ·
702 655 896 693 malcolmo
915 655 959 691 de
979 655 1191 691 Dromonde
1209 656 1355 691 domino
1374 657 1418 692 de
1436 659 1516 694 <Dar
1535 677 1543 685 ·
1568 657 1678 694 Alex-

185 713 298 749 andro
317 713 361 750 de
376 713 478 762 Lessy
491 714 622 750 herede
638 712 757 749 Roffie
771 713 927 761 exceptis
941 732 949 740 ·
968 726 1035 748 nec
1049 725 1142 748 unus
1156 725 1280 748 eorum
1294 714 1440 762 recipiet
1452 714 1613 750 homines
1631 715 1679 751 al·

185 771 295 807 terius
312 784 524 819 quoeunque
542 771 651 806 modo
666 790 674 799 ·
703 771 751 806 Et
768 769 793 805 fi
811 770 995 818 contingat
1009 771 1105 817 quod
1118 769 1203 805 abfit
1216 771 1312 817 quod
1330 771 1450 807 veniet
1467 771 1582 819 aliqua
1595 785 1677 808 eon-

184 827 352 864 troverfia
366 829 444 864 casu
458 829 606 864 fortuito
621 828 714 864 inter
728 828 889 863 homines
902 827 1057 875 ipsorum
1070 847 1078 855 ·
1093 828 1346 863 remediabitur
1360 829 1453 864 inter
1470 829 1560 876 ipsos
1572 829 1676 877 juxta

184 884 366 921 confilium
385 886 540 934 ipsorum
559 905 567 913 ·
601 886 649 921 Et
666 884 690 920 s1
707 898 770 933 per
788 885 1009 920 inimicitiam
1028 890 1089 919 aut
1106 885 1274 920 feloniam
1292 891 1517 933 perpetretur
1534 886 1678 934 aliquod

184 943 396 979 maleficium
420 943 479 978 seu
502 943 734 978 homicidium
755 942 849 977 inter
870 942 1032 977 homines
1053 941 1206 989 ipsorum
1230 961 1238 970 ·
1263 942 1430 978 facientes
1454 943 1649 979 exulabunt
1668 964 1675 972 ·

185 1000 358 1036 Termino
382 1000 550 1035 introitus
572 1000 657 1035 dicti
678 999 878 1034 Alexandri
896 999 940 1034 ad
957 998 1081 1034 festum
1100 999 1221 1034 Sancti
1239 1000 1386 1036 martini
1403 1001 1566 1048 proximo
1585 1001 1678 1037 sutu-

184 1070 264 1092 rum
285 1076 292 1085 ·
325 1057 417 1093 Item
436 1057 531 1093 idem
549 1056 758 1092 Alexander
776 1069 850 1091 non
868 1056 1050 1104 permittet
1067 1057 1319 1103 quoquomodo
1336 1057 1498 1093 homines
1515 1058 1593 1094 suos
1611 1072 1677 1095 nec

184 1114 271 1149 alios
285 1114 478 1150 kethranos
491 1128 556 1162 pro
570 1114 663 1162 pofl'e
677 1113 739 1149 suo
753 1113 990 1162 cujuscunque
1003 1113 1110 1148 status
1122 1113 1255 1149 fuerint
1269 1115 1470 1151 mendicare
1487 1128 1551 1163 per
1564 1121 1676 1152 terras

185 1172 347 1209 moravie
366 1191 374 1199 ·
402 1185 468 1207 nec
493 1185 550 1207 eas
568 1171 755 1207 comedere
773 1171 832 1206 seu
850 1170 1027 1206 destruere
1052 1190 1061 1198 ·
1089 1171 1207 1207 Etiam
1225 1171 1481 1208 concordatum
1508 1172 1556 1208 est
1578 1174 1675 1220 quod

184 1229 222 1264 in
246 1229 317 1264 fine
337 1229 516 1264 dicitorum
535 1229 666 1277 septem
684 1241 860 1264 annorum
880 1227 1037 1263 restituet
1063 1228 1176 1263 dietas
1201 1233 1312 1264 terras
1337 1228 1376 1264 in
1400 1230 1562 1265 manibus
1588 1231 1676 1267 dicti

185 1286 321 1321 domini
341 1286 492 1322 Comitis
510 1285 535 1322 fi
551 1286 701 1322 ulterius
718 1299 793 1322 non
811 1286 951 1334 poss'unt
969 1285 1186 1321 concordare
1204 1284 1274 1322 fine
1292 1285 1509 1334 displicentia
1532 1287 1675 1335 aliquali

184 1344 295 1391 magis
313 1356 418 1391 quam
436 1357 501 1392 pro
520 1349 680 1392 tempore
698 1343 945 1380 conventionis
963 1342 1129 1378 existebat
1143 1362 1151 1370 ·
1182 1343 1252 1378 Pro
1271 1356 1340 1391 qua
1357 1343 1500 1391 quidem
1518 1357 1673 1381 conven-

184 1400 282 1437 tione
308 1402 399 1437 bene
425 1407 461 1437 et
486 1401 639 1437 fideliter
662 1402 819 1438 tenenda
841 1406 991 1448 utraque
1014 1413 1094 1448 pars
1111 1400 1218 1436 fidem
1236 1401 1334 1436 dedit
1352 1401 1571 1449 corporalem
1591 1421 1600 1430 ·
1629 1401 1675 1438 In

184 1470 338 1506 quorum
356 1458 595 1495 testimonium
618 1458 768 1507 figillum
792 1458 928 1494 domini
947 1458 1097 1494 Comitis
1123 1458 1215 1506 parti
1242 1458 1440 1494 remanenti
1466 1472 1548 1495 cum
1576 1459 1674 1495 dieto

190 1515 401 1552 Alexandro
420 1516 467 1552 est
484 1516 629 1552 affixum
648 1536 657 1545 -
676 1522 713 1553 et
730 1530 749 1553 e
767 1516 935 1552 converso
953 1514 1102 1563 sigillum
1122 1515 1208 1551 dieti
1227 1514 1426 1551 Alexandri
1449 1516 1541 1563 parti
1565 1529 1677 1552 rema-

185 1574 285 1608 nenti
304 1586 383 1609 cum
404 1574 501 1609 dicto
521 1574 667 1610 domino
686 1574 828 1611 Comite
845 1573 953 1609 modo
972 1571 1142 1608 consimili
1159 1572 1207 1608 est
1223 1572 1367 1608 affixum
1382 1592 1391 1601 ·
1419 1573 1556 1609 Datum
1580 1586 1674 1610 anno

185 1629 242 1665 die
261 1636 297 1666 et
314 1631 395 1666 loco
413 1631 623 1680 supradictis
641 1651 649 1660 ·

185 1802 425 1838 Renunciatio
442 1802 621 1850 prioratus
638 1802 682 1838 de
701 1802 916 1851 Pluscardyn
935 1821 944 1830 ·

185 1916 400 1953 Reverendo
417 1917 455 1952 in
475 1917 613 1953 Christo
631 1917 723 1965 patri
742 1917 887 1953 domino
905 1916 1086 1952 W⁷illelmo
1105 1916 1176 1952 Dei
1202 1916 1317 1964 gratia
1337 1916 1498 1965 episcopo
1517 1918 1670 1955 moravi-

184 1973 254 2011 enfi
276 1975 357 2010 suus
382 1974 524 2010 humilis
550 1979 586 2010 et
612 1975 762 2011 devotus
780 1974 938 2010 Thomas
955 1974 1053 2022 prior
1070 1974 1247 2022 prioratus
1264 1974 1365 2010 vallis
1383 1975 1502 2010 Sancti
1522 1975 1669 2012 Andree

183 2032 227 2068 de
239 2032 454 2080 Pluscardyn
469 2032 603 2067 ordinis
614 2032 738 2068 Wallis
750 2032 917 2068 Caulium
931 2032 1171 2068 reverenciam
1186 2032 1223 2066 in
1238 2031 1401 2067 omnibus
1420 2037 1456 2067 et
1472 2033 1645 2068 honorem
1658 2052 1667 2061 ·

183 2088 286 2125 Licet
302 2090 438 2125 dictum
461 2090 658 2138 prioratum
679 2090 800 2125 multis
817 2089 918 2125 annis
935 2094 971 2125 et
989 2088 1086 2125 duris
1111 2089 1329 2137 temporibus
1353 2094 1394 2125 ut
1417 2090 1542 2125 melius
1567 2090 1668 2138 potui

182 2146 454 2194 gubernaverim
473 2166 481 2174 ·
504 2147 581 2195 jam
607 2152 728 2183 tamen
753 2147 855 2195 gravi
882 2147 1083 2195 egritudine
1109 2146 1272 2182 laborans
1298 2151 1333 2182 et
1356 2147 1555 2183 confractus
1573 2147 1666 2182 senio

182 2203 398 2252 sentiensque
416 2217 473 2240 me
491 2204 759 2241 insufficientem
777 2204 878 2241 oneri
895 2204 1076 2252 regiminis
1093 2203 1196 2252 ipfius
1219 2204 1396 2252 prioratus
1414 2224 1422 2232 ·
1449 2217 1523 2240 non
1549 2204 1583 2239 vi
1609 2217 1666 2239 co-
