1912 2660
42 1775 43 1782 ¹
97 1771 168 1803 ⁶282

587 180 902 218 REGISTRUM
931 181 1291 221 MORAVIENSE.
1610 189 1682 226 365

200 278 364 315 Vicarius
382 278 426 314 de
444 277 678 314 Aberkerdor
828 282 875 314 ·ii·
895 280 918 314 Γ·
970 280 1073 315 Prior
1092 281 1135 316 de
1154 281 1318 317 Urchard
1335 296 1400 331 pro
1418 284 1569 321 Dalcors
1593 289 1640 322 ·ii·
1660 287 1683 322 Γ·

200 337 363 372 Vicarius
381 335 424 371 de
444 335 649 384 Rothymay
826 338 874 371 ·ii·
894 336 916 371 s·
968 336 1132 372 Vicarius
1151 338 1194 373 de
1213 339 1359 375 Deueth
1596 346 1642 379 -ii·
1662 344 1685 378 s·

200 393 353 429 Persona
370 393 413 428 de
432 392 538 428 Glase
825 395 873 429 ·ii·
892 393 916 428 s·
967 393 1130 429 Vicarius
1149 395 1192 430 de
1211 395 1379 445 Dullersy
1595 403 1642 435 ·ii·
1661 401 1684 435 s·

198 450 362 486 Vicarius
380 450 424 485 de
443 450 658 499 Botrwchyn
826 452 874 485 ·ii·
894 450 917 485 Γ·
971 450 1109 486 Βθὸὶοι·
1127 452 1171 487 de
1187 452 1284 500 Croy
1595 458 1642 491 ·ii·
1661 457 1684 491 s·

198 508 361 543 Vicarius
379 507 422 543 (16
441 507 625 543 Aberlour
825 510 873 543 -ii·
892 507 915 542 s·
968 507 1131 544 Vicarius
1150 509 1193 544 (16
1213 509 1348 557 Petyne
1366 515 1402 545 et
1420 511 1463 546 de

197 565 362 601 Vicarius
380 565 424 600 de
443 564 636 612 Artyldole
825 567 873 601 ·ii·
892 564 916 599 Γ·
1018 565 1192 614 Brachely
1569 569 1644 616 ·iiij·
1664 570 1686 604 s·

197 622 362 659 Vicarius
380 622 424 658 de
443 622 662 657 Dumbanan
790 624 862 658 ·xii·
882 622 916 657 d·
970 622 1155 670 [Vicarius
1174 624 1217 659 de
1236 623 1351 660 Ewan
1575 627 1622 660 ·ii·
1642 626 1686 671 s·]

196 679 383 728 [Vicarius
401 680 444 715 de
463 679 644 727 Grantuly
825 681 872 715 ·ii-
892 680 915 714 Γ·

197 743 233 773 et
250 736 478 785 Drumdalgy
803 738 851 772 ·ii·
871 736 917 782 s·]
971 737 1117 774 Summa
1141 740 1249 773 ·xxxi·
1269 738 1291 772 s·

197 852 343 888 Summa
364 852 472 901 ·xxiij·
492 852 516 887 Γ·

1086 910 1292 946 Decanatus
1310 910 1355 946 de
1373 910 1547 958 Stratspee
1564 930 1572 939 ·

311 1023 519 1060 Decanatus
537 1025 581 1060 de
601 1024 777 1073 Inuernys
793 1045 801 1052 ·
969 1024 1134 1060 Vicarius
1153 1024 1197 1059 de
1216 1024 1435 1073 Logycheny
1599 1028 1646 1062 ·ii-
1666 1027 1688 1061 Γ·

968 1082 1132 1117 Vicarius
1151 1082 1194 1117 de
1216 1082 1395 1131 Kyngucy
1412 1095 1494 1118 cum

197 1138 362 1174 Vicarius
380 1140 424 1175 de
444 1140 620 1187 Inuernys
827 1142 875 1175 ·ii·
894 1139 916 1174 s·
1019 1138 1157 1174 ecclefia
1178 1140 1221 1175 de
1239 1139 1272 1175 16
1292 1139 1402 1175 Inche
1570 1141 1645 1189 diij·
1665 1142 1688 1176 s·

198 1196 232 1231 V
234 1196 362 1232 icarius
380 1197 423 1233 de
442 1197 615 1233 Vardlaw
827 1199 874 1232 ·ii-
893 1197 917 1231 s·
970 1197 1155 1245 [vicarius
1173 1197 1217 1232 de
1233 1196 1397 1233 Alwetht
1597 1200 1646 1234 ·ii·
1665 1199 1688 1233 Γ·

197 1254 359 1302 Conway
828 1257 875 1290 -ii·
894 1254 917 1289 Γ·
971 1254 1190 1302 Kyneardyn
1209 1259 1245 1290 et
1264 1253 1509 1290 Rathmurkus
1598 1258 1646 1291 ·ii·
1665 1256 1688 1290 s·

197 1311 390 1359 Farneway
829 1313 876 1346 -ii·
895 1311 918 1346 s·
971 1311 1183 1359 Abernethy
1200 1317 1235 1346 et
1255 1311 1492 1360 Inneralyane
1598 1314 1645 1347 ·ii·
1665 1313 1688 1347 s·

199 1368 451 1417 Aberbreachy
827 1370 874 1403 -ii·
894 1368 916 1404 s·
970 1368 1164 1404 Cromdole
1183 1374 1218 1404 et
1237 1369 1358 1417 Adwy
1572 1369 1647 1417 diij·
1665 1370 1689 1404 s·

198 1426 428 1474 Kyntallirgy
828 1428 875 1462 -ii·
895 1426 917 1461 s·
970 1426 1130 1461 Dethole
1598 1428 1645 1462 ·ii·
1665 1426 1688 1461 s·

196 1482 410 1532 Lundechty
826 1485 874 1518 ·ii·
892 1483 915 1518 s·
971 1483 1167 1518 Innerown
1181 1502 1189 1511 ·
1210 1483 1359 1531 Lekeny
1372 1502 1380 1511 ·
1399 1489 1435 1519 et
1447 1482 1562 1519 Aber-

198 1540 384 1576 Abertarff
397 1546 433 1576 et
451 1539 644 1588 Bulleikyn
814 1543 874 1575 ·iii·
894 1540 916 1575 s·
1017 1540 1189 1588 brandely
1210 1541 1447 1576 communiter
1548 1540 1623 1588 diij·
1641 1539 1688 1585 s·]

198 1597 339 1646 Durrys
826 1599 874 1633 ·ii·
893 1597 916 1632 s·

517 1770 792 1806 Procurationes
810 1769 1048 1806 moravienses
1065 1769 1272 1806 recentioris
1290 1769 1367 1806 evi·

196 1885 471 1921 Procurationes
493 1885 685 1921 decanatus
707 1885 751 1921 de
769 1884 888 1933 Elgyn
907 1903 915 1912 ·
968 1883 1122 1920 Ecclefia
1140 1884 1184 1919 de
1203 1883 1340 1932 Aluays
1583 1883 1642 1918 ·xl·
1662 1883 1686 1918 s·

968 1940 1123 1977 Ecclefia
1140 1941 1184 1977 de
1203 1941 1362 1977 Duffhus
1583 1940 1642 1976 ·xl·
1661 1940 1684 1974 s·

194 1999 348 2036 Ecclefia
366 2001 410 2036 de
429 2000 619 2048 Aldheryn
813 1999 873 2035 ·xl·
891 1999 915 2034 s·
967 1997 1121 2035 Ecclefie
1139 1999 1183 2035 de
1202 1999 1322 2047 Elgyn
1339 2017 1348 2026 ·
1374 1998 1484 2046 Spyni
1501 2003 1537 2034 et

193 2057 281 2106 Dyk
299 2077 307 2086 ·
327 2060 415 2106 moy
432 2063 468 2093 et
487 2057 593 2093 Altre
611 2069 759 2093 concur·
1017 2056 1179 2092 Bruneth
1197 2061 1449 2092 concurrentes
1583 2056 1641 2091 ·xl·
1660 2056 1683 2090 s-

242 2120 362 2151 rentes
811 2114 871 2150 ·xl·
890 2113 914 2149 s·
965 2112 1120 2150 Ecclefia
1137 2113 1182 2149 de
1200 2113 1367 2150 Urchard
1383 2125 1502 2151 <oona-

195 2171 348 2208 Ecclefia
365 2172 409 2208 de
424 2172 534 2208 Fores
810 2171 869 2206 ·xl·
888 2171 911 2206 s·
1013 2171 1162 2207 chorum
1581 2170 1639 2205 .xl·
1658 2171 1681 2204 s·

195 2228 349 2265 Ecclefia
366 2230 410 2265 de
430 2230 565 2265 Rathat
810 2228 869 2264 ·xl·
888 2228 911 2264 Γ·
964 2227 1119 2264 Ecclefia
1136 2229 1180 2264 de
1199 2228 1293 2276 Effyl
1524 2229 1615 2276 [·xx-
1634 2227 1680 2272 s·]

195 2286 347 2323 Ecclefia
365 2288 408 2323 de
426 2287 554 2323 Doless
572 2286 725 2324 michael
811 2286 870 2322 ·xl·
890 2285 913 2320 s·
966 2284 1120 2322 Ecclefia
1137 2286 1181 2322 de
1200 2285 1420 2322 Dundurcus
1578 2284 1636 2320 ·xl·
1655 2285 1677 2319 s·
