1912 2660
203 926 260 953 427

199 1304 256 1332 428

193 1684 250 1712 429

186 2163 243 2190 430

301 115 373 147 414«
701 111 1019 149 REGISTRUM
1048 108 1411 147 MORAVIENSE.

299 219 363 237 cum
383 210 517 238 consensu
532 210 656 239 Isabellae
672 210 776 239 Forbes
791 210 851 249 ejus
865 210 972 248 sponsoe
985 210 1057 238 datm
1072 208 1197 238 Johanni
1213 207 1337 235 Annand
1356 204 1495 243 prepofito
1516 204 1597 241 burgi
1616 204 1650 232 de
1666 203 1752 241 Elgin
1773 209 1802 233 et

297 257 432 285 Jonnetae
444 258 570 295 Cuming
581 258 640 297 ejus
652 258 766 297 sponsae,
778 263 917 287 tet-mrum
928 258 962 285 de
973 256 1155 284 Mur-mstoun
1167 265 1229 292 quae
1238 253 1335 292 jacent
1346 253 1422 281 inter
1432 257 1520 280 terras
1531 252 1565 280 de
1575 252 1686 280 Uchter
1696 251 1802 290 Spynie

297 314 373 332 nunc
389 310 500 334 vocatas
517 306 648 335 Scherefe
665 306 748 344 Myln
763 306 796 333 ab
811 305 955 333 occidente
970 309 998 332 et
1018 309 1105 332 terras
1123 303 1156 330 de
1172 301 1354 330 Francoklaw
1368 301 1401 328 ab
1416 300 1524 328 oriente
1543 310 1579 328 ex
1600 299 1704 328 boreali
1723 304 1801 338 parte

297 353 330 380 de
346 352 450 387 Loffin,
472 354 500 381 in
521 354 635 382 baronia
649 354 682 382 de
699 354 813 392 Spynie,
838 363 902 380 cum
925 352 1002 390 pecia
1024 356 1107 379 terrae
1125 354 1224 378 vocata
1241 347 1466 385 Burrowbriggis
1483 357 1519 376 ex
1538 348 1649 376 australi
1668 352 1747 386 parte
1767 348 1801 376 de

296 400 401 429 Loffin.
443 401 622 440 (Reservand
636 407 666 430 to
681 411 726 429 me
740 401 793 429 and
808 410 856 437 my
868 400 922 427 aits
936 409 972 436 ye
986 398 1053 426 haill
1068 398 1120 425 hill
1134 397 1210 425 callit
1224 397 1274 425 the
1289 396 1341 424 hill
1354 395 1387 424 of
1397 395 1579 424 Mur-mstoun
1594 405 1623 423 as
1638 405 1673 433 ye
1688 395 1801 423 merche

294 448 378 477 stanis
394 449 465 477 salbe
480 449 534 478 sett
549 450 577 477 in
593 454 621 478 at
635 460 670 487 ye
685 449 739 477 end
753 448 786 476 of
795 448 844 476 the
859 447 924 483 lang
938 446 1026 483 riggis
1040 445 1207 473 discendnnd
1224 444 1298 472 Nort
1313 444 1366 472 and
1383 443 1470 477 Sowt,
1492 448 1593 481 except
1610 443 1659 471 the
1681 443 1800 481 quumll

294 496 402 524 thairof
416 498 471 525 and
493 497 576 525 stanis
598 502 628 526 to
650 498 683 525 be
705 496 760 524 win
778 495 867 533 yairin
890 494 989 532 quhilk
1012 494 1024 521 Ι
1044 493 1101 521 will
1120 497 1150 521 to
1172 493 1250 520 stand
1268 492 1296 520 in
1317 491 1509 520 commountie
1526 496 1556 519 to
1574 501 1610 529 ye
1631 491 1687 519 said
1703 491 1799 520 Jhone

294 545 418 572 Annund
444 545 498 572 and
520 545 564 573 his
589 545 669 584 nirs.)
711 543 865 572 Reddendo
883 541 1030 569 annuatim
1053 540 1192 578 Episcopo
1214 541 1250 568 16
1268 540 1377 573 solidos,
1399 544 1427 567 et
1451 539 1513 567 LA.
1535 539 1610 567 dieto
1633 539 1798 567 Alexandro

292 591 388 620 Innes.
430 593 533 621 Coram
554 592 670 621 testibus
690 592 796 620 ,Iacobo
815 589 956 619 Johnston
975 588 1103 616 ministro
1122 588 1156 616 de
1175 588 1284 622 Birnet,
1304 587 1416 616 Thomu
1435 587 1630 615 Robertsoune
1644 587 1797 625 capellano,

292 644 319 667 et
330 639 464 668 ,Iohanne
480 640 623 668 Davidson
638 640 795 668 brafiatore.
834 637 921 676 Apud
934 636 1030 674 Elgin,
1049 638 1084 664 10
1101 636 1274 674 Septembris
1292 636 1377 664 1569.
1416 634 1545 663 Testibus
1559 635 1592 663 ad
1607 635 1796 664 confirmatio-

291 697 365 720 nem,
386 687 501 716 domino
519 688 651 716 ,Iohanne
669 687 776 716 Gibson
791 690 899 714 rectore
914 686 947 713 de
963 684 1112 719 Unthank,
1134 684 1249 712 domino
1263 684 1369 713 Jacobo
1385 683 1498 712 Sibauld
1513 683 1665 721 capellano,
1685 684 1796 713 Adamo

290 735 430 773 Hepburn
452 736 509 763 filio
535 735 648 764 Patricii
675 735 813 773 Hepburn
837 734 871 761 de
896 733 1087 767 Wauchtoun‚
1110 737 1139 761 et
1164 732 1276 761 Davide
1302 731 1427 770 Cuming
1447 731 1628 760 servitoribus
1654 731 1794 771 Episcopi.

290 783 376 821 Apud
391 783 531 812 Palatium
546 783 580 811 de
596 783 711 821 Spynie,
727 783 762 810 21
781 781 880 810 Mm-tii
898 782 981 808 1570.

288 924 373 953 Carta
392 925 554 953 feodifirmae
572 925 605 952 ab
622 924 759 963 Episcopo
773 933 838 952 cum
853 923 989 951 consensu
1004 923 1119 961 capituli
1133 923 1257 951 concessu
1269 923 1376 951 Jacobo
1391 922 1476 950 Innes
1496 922 1529 950 de
1546 922 1645 960 Dmny
1660 927 1688 951 et
1703 923 1791 952 Kate-

285 972 353 1000 rinae
364 972 517 1000 Gordonne
529 972 589 1011 ejus
604 972 718 1010 sponsae,
733 977 873 1000 terrarum
888 971 921 999 de
937 971 1081 999 Newtoun
1097 980 1161 999 cum
1176 970 1290 1009 piscaria
1304 975 1403 999 vocata
1416 970 1460 998 the
1474 970 1613 998 Newloun
1626 970 1713 999 havin
1724 971 1790 1000 alias

283 1019 328 1047 the
341 1019 464 1048 Ernhill
481 1020 510 1047 in
531 1019 644 1047 baronia
665 1020 698 1047 de
720 1018 904 1057 Kynneddoir
924 1023 953 1047 et
974 1018 1028 1047 vic:
1050 1019 1083 1047 de
1106 1018 1191 1056 Elgin
1213 1023 1241 1047 et
1259 1018 1354 1046 Fores.
1397 1018 1550 1046 Reddendo
1564 1017 1629 1046 inde
1644 1019 1790 1047 annuatim

284 1066 349 1094 L.9.
373 1067 400 1094 9.
428 1066 472 1105 Ιὲ.
522 1067 651 1095 Testibus
677 1067 807 1104 magistro
832 1066 979 1094 Willelmo
1005 1066 1162 1104 Hepburne
1186 1067 1291 1094 decano
1317 1065 1495 1098 Cathanenfi,
1525 1065 1656 1103 magistro
1678 1066 1789 1095 Joanne

285 1114 412 1151 Rattmy‚
438 1115 551 1143 Andrea
570 1114 727 1149 Monerefe,
746 1114 861 1143 Valtero
877 1113 998 1152 Ramsay
1013 1113 1133 1143 notario.
1176 1114 1261 1152 Apud
1281 1113 1366 1151 Elgin
1387 1118 1415 1142 et
1437 1113 1566 1148 Sconam,
1587 1114 1605 1141 8
1621 1119 1648 1142 et
1667 1115 1702 1142 18
1718 1115 1787 1143 Maii

284 1162 369 1188 1561.

281 1303 504 1332 Instrumentum
520 1304 614 1332 safinae
628 1305 790 1339 eorundem,
810 1305 893 1343 super
906 1309 1071 1343 preceptum
1085 1304 1114 1332 in
1130 1304 1317 1332 instrumento
1332 1303 1474 1342 copiatum
1488 1304 1585 1332 datum
1600 1304 1702 1332 eisdem
1718 1306 1785 1333 locis

280 1356 309 1380 et
331 1352 427 1380 diebus
453 1352 500 1390 qui
524 1352 553 1379 in
579 1357 663 1381 carta.
704 1352 820 1381 Ballivis
846 1353 991 1381 Willelmo
1018 1353 1130 1380 Wauch
1155 1356 1183 1381 et
1209 1352 1373 1380 Alexandro
1399 1351 1570 1380 sutherland
1593 1352 1627 1380 de
1653 1352 1785 1382 Duffous.

280 1399 409 1428 Testibus
425 1400 535 1428 Thomu
551 1400 635 1428 Innes
650 1400 684 1428 de
700 1400 773 1429 Etlis
793 1411 824 1428 ac
840 1400 967 1429 Elizabet
983 1401 1063 1439 Nox-y
1082 1400 1143 1439 ejus
1163 1400 1269 1438 sponsa,
1292 1399 1418 1437 Georgio
1437 1400 1523 1428 Innes
1543 1399 1629 1428 fratre
1649 1410 1783 1438 germano

278 1447 343 1475 dicti
358 1448 455 1476 Jacobi
471 1448 556 1476 Innes
570 1448 603 1476 de
620 1448 746 1486 Dranye,
763 1448 926 1477 Alexandro
941 1448 1077 1486 Wysman
1092 1448 1200 1476 seniore
1214 1448 1243 1475 in
1261 1448 1425 1485 Kynnedor‚
1447 1447 1559 1476 Thema
1577 1448 1663 1477 Innes
1677 1448 1783 1478 famulo

278 1495 345 1523 dicti
359 1495 455 1523 Jucobi
471 1495 564 1529 1nnes,
582 1495 746 1524 Alexandro
763 1496 871 1534 Kempe
886 1496 915 1523 in
931 1496 1064 1530 Duffous,
1074 1496 1207 1524 ,Iohanne
1222 1495 1300 1523 Blair
1314 1495 1419 1523 famulo
1434 1495 1501 1524 dicti
1514 1496 1633 1524 Thomae
1648 1497 1733 1526 Innes
1748 1498 1781 1525 de

280 1542 361 1576 Etlis,
379 1543 541 1571 Alexandro
556 1543 670 1572 Twedie
685 1548 713 1572 et
728 1544 860 1572 Johanne
875 1544 990 1572 Twedie
1005 1544 1197 1583 piscatoribus.
1241 1544 1275 1571 19
1291 1543 1362 1572 Maii
1380 1544 1466 1571 1561.

278 1684 459 1713 Affedatioun
475 1685 507 1713 of
517 1686 565 1714 the
580 1687 667 1723 teynd
680 1686 787 1715 schavis
805 1686 837 1715 of
856 1687 960 1716 Mekill
979 1687 1091 1715 Pennik
1113 1687 1213 1716 within
1234 1687 1283 1716 the
1304 1687 1410 1724 barony
1432 1686 1465 1714 of
1487 1686 1637 1724 Fan-ayne,
1658 1688 1778 1726 regality

277 1732 309 1760 os
322 1733 465 1770 Urquhart
480 1734 532 1761 and
547 1734 704 1762 {heriffdom
719 1734 751 1762 of
764 1735 862 1769 Nairn,
886 1735 927 1764 set
948 1736 981 1764 be
1001 1735 1119 1764 Maister
1134 1735 1298 1764 Alexander
1312 1735 1432 1763 Dunbar
1445 1734 1516 1763 dene
1530 1733 1563 1762 of
1573 1734 1691 1772 Murray
1707 1736 1776 1764 with

276 1780 391 1808 consent
410 1780 443 1808 of
460 1781 508 1809 the
524 1781 644 1820 Bischop
658 1783 711 1810 and
727 1783 882 1821 Cheptour,
902 1788 933 1812 to
950 1783 1102 1811 Archibald
1118 1783 1238 1811 Dunbur
1251 1782 1284 1811 of
1294 1782 1439 1816 Penwick,
1461 1781 1504 1810 sor
1524 1787 1666 1820 nyneteen
1687 1793 1777 1820 years.

277 1828 390 1865 Payand
405 1828 532 1857 thairfoir
546 1829 662 1857 threttie
684 1835 738 1858 twa
752 1831 833 1859 bollis
848 1831 881 1858 of
891 1831 1015 1865 victuull,
1030 1831 1093 1859 half
1103 1831 1180 1859 meill
1194 1831 1256 1859 hals
1267 1830 1335 1864 beir,
1349 1830 1478 1867 togidder
1491 1830 1561 1858 with
1576 1830 1639 1858 four
1652 1831 1776 1860 wedders

274 1876 382 1913 yeirlie.
423 1876 535 1905 Witnes
552 1878 713 1906 Alexander
729 1878 848 1907 Dunbar
866 1879 899 1907 of
915 1880 1020 1913 Conze,
1041 1879 1138 1908 James
1153 1879 1273 1907 Dunbar
1286 1878 1320 1907 of
1330 1878 1457 1912 Tarbatt,
1480 1877 1598 1907 Maister
1613 1878 1775 1909 Alexander

274 1923 403 1960 Douglas
425 1924 581 1952 commiffar
602 1924 633 1952 of
654 1926 781 1963 Murmy,
804 1927 928 1954 Androw
950 1927 1111 1961 Monereiff,
1136 1926 1230 1955 David
1252 1926 1415 1964 Cumming,
1440 1926 1485 1955 Sir
1504 1926 1601 1954 James
1624 1927 1773 1960 Sandeson,

274 1971 424 1999 servitours
438 1976 468 1999 to
483 1972 531 2000 the
548 1972 679 2011 Bischop‚
702 1973 747 2002 Sir
759 1974 837 2002 John
853 1974 960 2003 Gibson
980 1975 1078 2014 person
1096 1975 1129 2003 of
1143 1975 1292 2004 Unthank.
1334 1975 1375 2003 At
1389 1974 1439 2003 the
1453 1974 1540 2013 palice
1555 1974 1587 2002 of
1605 1974 1699 2012 Spyne
1719 1976 1772 2003 and

274 2018 369 2056 Elgin,
384 2019 402 2047 2
416 2019 470 2047 and
485 2020 503 2047 8
517 2019 587 2058 Julij
607 2021 690 2048 1571.

273 2162 358 2190 Carta
376 2161 536 2189 feodifirmoe
550 2162 584 2190 ab
600 2162 737 2201 Episcopo
751 2173 815 2191 cum
830 2164 963 2192 consensu
981 2165 1095 2203 capituli
1114 2165 1237 2194 concessa
1250 2165 1375 2195 Johanni
1391 2165 1544 2193 Gordoune
1559 2165 1593 2193 de
1609 2165 1722 2202 Longar
1742 2171 1770 2194 et

271 2209 418 2237 heredibus
441 2209 569 2237 masculis
591 2210 624 2238 de
646 2220 760 2249 corpore
780 2211 922 2248 legitimis,
946 2223 971 2250 q.
982 2213 1008 2240 d.
1030 2213 1174 2241 Willelmo
1197 2214 1334 2242 Gordoun
1356 2218 1384 2241 et
1404 2212 1529 2250 Georgio
1549 2213 1684 2241 Gordoun
1706 2213 1768 2242 filiis

270 2257 442 2287 naturalibus
456 2257 531 2287 inter
544 2257 635 2297 ipsum
649 2263 678 2287 et
691 2258 825 2288 Jonetam
842 2259 981 2289 Maitland
995 2261 1145 2299 procreatis
1160 2266 1189 2290 et
1203 2271 1300 2290 eorum
1316 2261 1374 2290 her:
1389 2260 1471 2289 masc:
1486 2260 1519 2289 de
1534 2270 1648 2299 corpore
1662 2260 1767 2299 respec-
