2066 2780
351 142 399 173 54,
745 133 1061 172 REGISTRUM
1090 133 1453 171 MORAVIENSE.

352 235 549 271 elevatione
566 234 675 270 hostie
700 239 735 270 et
757 235 802 270 ad
825 235 935 271 altare
962 234 995 270 se
1021 238 1227 269 reverenter
1253 231 1426 266 inclinent
1453 249 1461 257 ·
1489 234 1525 265 et
1550 228 1627 277 post
1647 229 1847 266 orationem

352 292 582 327 Dominicam
605 292 742 327 finitam
768 292 876 339 usque
900 292 945 327 ad
971 292 1117 338 sequens
1135 290 1214 324 Per
1233 289 1360 324 omnia
1382 287 1524 335 pofl'unt
1547 286 1667 322 sedere
1686 306 1694 315 ·
1713 293 1848 335 preter-

351 362 456 397 quam
483 350 520 385 in
547 356 707 398 tempore
734 349 976 397 prostrationis
1003 367 1011 376 ·
1041 347 1150 389 Quod
1177 351 1296 380 autem
1323 344 1454 379 dicitur
1477 343 1521 378 de
1543 343 1681 380 alterna
1703 343 1847 381 seffione

351 406 388 442 in
406 407 589 442 matutinis
608 413 643 442 et
660 407 706 442 ad
725 406 880 441 Primam
899 406 967 440 hoc
985 405 1080 439 idem
1099 401 1212 451 potest
1230 402 1267 436 in
1287 400 1461 436 debilibus
1480 405 1516 436 et
1533 400 1671 437 senibus
1689 402 1749 449 qui
1767 402 1847 438 sunt

352 464 389 499 in
414 464 519 499 stallis
545 470 581 499 et
604 464 648 499 ad
673 476 796 499 omnes
813 463 917 497 horas
936 460 1111 497 observari
1135 459 1268 506 pariter
1293 457 1476 505 postquam
1494 457 1636 506 ingreffi
1653 459 1733 495 sunt
1750 459 1848 495 stalla

351 522 411 556 sua
428 521 485 556 vel
503 521 581 556 loca
598 527 639 556 ut
657 521 752 556 horis
770 518 929 555 intersint
947 537 955 546 ·
976 518 1076 553 Dum
1095 516 1210 551 oratio
1229 515 1360 550 dicitur
1379 515 1616 551 Dominicalis
1639 529 1708 564 que
1726 530 1848 564 quam-

352 579 437 615 libet
465 579 588 614 horam
616 578 806 627 precedere
828 576 933 612 debet
959 574 1047 610 stare
1074 573 1205 609 debent
1228 573 1274 607 ad
1295 572 1406 608 altare
1430 572 1589 609 conversi
1615 593 1624 601 ·
1649 579 1685 609 et
1703 575 1847 621 quando

352 637 480 672 dicitur
497 636 607 672 Deus
628 637 667 670 in
686 635 916 681 adjutorium
936 632 1041 679 usque
1065 631 1110 665 ad
1134 629 1375 677 inceptionem
1401 630 1597 678 antiphone
1621 644 1690 678 que
1716 632 1754 667 in
1776 632 1848 668 ves-

351 694 443 742 peris
462 699 497 729 et
515 692 745 741 completerio
763 692 882 727 locum
904 690 1010 725 habet
1037 708 1045 716 ·
1071 687 1128 723 sed
1142 687 1187 722 ad
1205 687 1290 722 alias
1308 687 1413 723 horas
1432 687 1502 723 diei
1519 687 1564 723 fic
1581 688 1672 724 stent
1689 689 1847 725 conversi

350 751 457 798 usque
475 751 519 786 ad
538 750 774 798 inceptionem
793 748 915 796 ympni
959 766 967 774 ·
1010 746 1054 781 In
1073 744 1257 780 matutinis
1275 745 1419 791 quidem
1437 746 1625 781 conversos
1642 746 1676 781 se
1694 746 1847 783 habeant

351 809 395 844 ad
410 808 520 843 altare
533 808 640 855 usque
658 807 702 842 ad
721 806 959 853 inceptionem
973 803 1096 852 ympni
1111 801 1187 850 post
1204 802 1346 838 Venite
1364 822 1372 830 ·
1392 801 1455 838 nifi
1473 803 1559 838 dum
1578 803 1709 840 chorus
1727 810 1847 840 cantat

351 865 595 900 invitatorium
624 884 632 892 ·
664 864 711 899 Et
728 863 776 899 est
793 862 990 897 notandum
1010 860 1106 907 quod
1125 860 1255 895 chorus
1273 859 1410 908 semper
1429 860 1534 896 debet
1551 860 1639 897 stare
1658 861 1847 897 conversus

351 923 395 958 ad
417 922 527 958 altare
546 923 582 957 in
600 921 800 969 inceptione
819 918 999 967 cujussibet
1017 917 1140 966 ympni
1159 923 1194 953 et
1213 917 1298 952 dum
1316 917 1465 953 ultimus
1483 918 1606 966 ympni
1624 919 1743 954 versus
1768 932 1848 955 can-

351 986 447 1015 tatur
474 986 509 1015 et
535 980 579 1014 ad
606 992 711 1014 omne
739 978 869 1013 Gloria
888 977 1005 1011 Patri
1031 981 1066 1011 et
1089 975 1173 1010 dum
1200 975 1315 1010 oratio
1343 975 1581 1011 Dominicalis
1607 976 1738 1012 dicitur
1763 982 1847 1012 ante

351 1037 522 1073 lectiones
549 1042 584 1072 et
609 1037 646 1071 in
672 1035 872 1083 inceptione
900 1033 954 1069 Te
972 1033 1103 1068 Deum
1130 1037 1166 1068 et
1191 1032 1229 1067 in
1256 1032 1327 1068 fine
1349 1032 1425 1081 ejus
1452 1033 1535 1068 dum
1562 1033 1710 1069 ultimus
1727 1034 1848 1070 versus

351 1101 514 1130 cantatur
540 1100 575 1129 et
603 1094 638 1128 in
668 1093 831 1128 omnibus
856 1090 1033 1127 verfieulis
1062 1090 1226 1138 capitulis
1254 1096 1290 1125 et
1318 1090 1479 1126 collectis
1508 1110 1516 1118 ·
1546 1090 1607 1126 Ad
1630 1091 1763 1127 miss'am
1786 1104 1848 1127 au-

351 1159 421 1187 tem
440 1151 554 1199 gestus
572 1151 767 1186 attenditur
785 1154 1003 1184 memoratus
1022 1148 1107 1183 dum
1131 1148 1266 1183 Gloria
1290 1149 1333 1183 in
1358 1148 1512 1184 excelsis
1535 1154 1699 1184 cantatur
1723 1150 1848 1197 quous-

350 1223 418 1257 que
440 1210 568 1245 chorus
594 1214 713 1244 cantat
741 1227 748 1235 ·
777 1213 812 1242 et
836 1207 872 1241 in
895 1206 1020 1242 eodem
1040 1219 1175 1254 ympno
1195 1206 1281 1241 dum
1299 1206 1364 1242 hec
1382 1206 1491 1242 verba
1509 1206 1679 1242 dicuntur
1697 1207 1848 1243 Adora-

349 1279 431 1302 mu-s·
451 1272 484 1302 te
503 1286 510 1294 ·
531 1266 652 1314 capitis
674 1264 903 1300 inclinatione
922 1283 930 1291 ·
951 1269 986 1299 et
1004 1264 1062 1299 hic
1084 1264 1245 1311 Suscipe
1264 1265 1563 1311 deprecationem
1582 1270 1752 1300 nostram
1774 1284 1782 1293 ·
1812 1271 1848 1301 et

349 1324 384 1359 in
399 1324 469 1359 fine
484 1323 637 1372 ejusdem
653 1335 731 1358 cum
748 1322 878 1357 dicitur
888 1321 984 1358 Jesu
1000 1321 1149 1357 Christe
1163 1322 1271 1369 usque
1290 1322 1334 1357 ad
1352 1322 1593 1370 inceptionem
1611 1322 1776 1358 lectionis
1790 1323 1847 1359 vel

349 1380 489 1429 epistole
518 1400 526 1408 ·
554 1381 638 1416 item
665 1380 702 1415 in
728 1380 799 1415 fine
823 1379 977 1427 gradalis
1001 1379 1058 1415 vel
1076 1378 1251 1415 Alleluia
1274 1379 1332 1415 vel
1350 1380 1487 1415 traetus
1514 1399 1523 1408 ·
1549 1385 1585 1415 et
1611 1380 1697 1415 dum
1716 1380 1848 1428 legitur

349 1438 570 1486 evangelium
590 1438 634 1473 ad
652 1437 762 1473 altare
782 1456 790 1465 ·
809 1437 893 1485 quia
910 1437 996 1472 dum
1014 1436 1147 1484 legitur
1165 1437 1202 1472 in
1220 1437 1359 1485 pulpito
1378 1437 1484 1473 debet
1502 1437 1632 1473 chorus
1649 1437 1683 1473 se
1701 1451 1849 1474 conver-

349 1504 423 1532 tere
437 1497 481 1532 ad
496 1497 667 1532 lectorem
683 1495 859 1543 evangelii
878 1495 993 1530 donec
1011 1495 1238 1542 evangelium
1256 1495 1462 1543 perlegatur
1477 1514 1485 1523 ·
1500 1495 1569 1531 hoc
1582 1501 1732 1544 excepto
1751 1496 1848 1543 quod

349 1567 429 1590 cum
451 1554 637 1602 respondet
659 1554 791 1589 Gloria
812 1553 882 1588 tibi
894 1552 1064 1588 Domine
1082 1552 1187 1588 debet
1206 1553 1239 1588 se
1257 1553 1302 1588 ad
1320 1553 1431 1588 altare
1450 1558 1661 1588 convertere
1680 1559 1716 1588 et
1734 1554 1849 1589 crucis

348 1611 524 1659 fignaeulo
542 1611 764 1647 communire
779 1630 787 1638 ·
805 1611 852 1646 Et
869 1611 935 1646 hec
953 1610 1069 1646 crucis
1087 1609 1306 1658 consignatio
1324 1610 1365 1646 fit
1382 1610 1439 1646 hic
1458 1616 1494 1646 et
1511 1610 1548 1645 in
1565 1610 1637 1646 fine
1658 1611 1791 1646 Gloria
1806 1612 1849 1646 in

349 1669 500 1705 excelsis
527 1682 607 1705 eum
635 1669 766 1704 dicitur
784 1668 834 1704 In
850 1668 979 1715 gloria
998 1667 1079 1703 Dei
1097 1668 1232 1703 Patris
1260 1687 1268 1696 ·
1296 1673 1332 1704 et
1358 1668 1395 1703 in
1419 1668 1491 1703 fine
1517 1668 1636 1704 Credo
1661 1669 1704 1703 in
1728 1680 1849 1704 unum

349 1741 429 1762 eum
456 1727 584 1762 dicitur
609 1727 666 1762 Et
694 1727 811 1762 vitam
828 1726 969 1773 futuri
997 1726 1115 1761 seculi
1141 1745 1149 1754 ·
1177 1731 1213 1762 et
1241 1726 1279 1761 in
1309 1726 1379 1761 fine
1411 1727 1577 1761 Sanctus
1607 1739 1690 1761 cum
1719 1726 1849 1762 dicitur

350 1785 581 1821 Benedictus
600 1785 666 1832 qui
683 1784 786 1820 venit
805 1784 847 1818 in
866 1784 1019 1819 nomine
1036 1783 1202 1819 Domini
1220 1802 1228 1811 ·
1255 1783 1308 1819 Ut
1325 1789 1446 1819 autem
1464 1783 1619 1819 excess'us
1636 1782 1849 1819 clericorum

352 1849 386 1877 et
410 1842 507 1878 chori
533 1841 557 1877 fi
582 1842 642 1889 qui
666 1839 809 1876 forsitan
835 1840 969 1876 fuerint
993 1841 1255 1889 competentius
1279 1841 1507 1889 corrigantur
1526 1859 1534 1868 ·
1553 1840 1715 1875 unanimi
1732 1841 1851 1889 provi-

352 1898 443 1934 sione
469 1899 634 1935 statutum
659 1898 707 1935 est
727 1904 768 1934 ut
790 1897 949 1946 quolibet
970 1897 1111 1934 sabbato
1134 1899 1196 1934 fiat
1213 1898 1314 1934 chori
1332 1897 1564 1946 congregatio
1587 1903 1623 1933 et
1643 1897 1692 1933 ibi
1710 1897 1850 1946 publice

352 1956 519 1992 recitetur
537 1957 597 1992 illa
614 1956 694 1992 libri
713 1955 1015 1992 consuetudinarii
1033 1956 1208 2004 particula
1225 1970 1294 2004 que
1312 1956 1493 1992 servitium
1512 1955 1694 2003 distinguit
1706 1955 1850 2003 sequen-

352 2014 396 2049 tis
419 2013 607 2061 septimane
636 2033 644 2042 ·
672 2019 708 2049 et
731 2020 818 2049 tunc
841 2012 1022 2048 servitium
1049 2013 1204 2062 ejusdem
1223 2014 1415 2062 septimane
1433 2013 1619 2049 evidenter
1636 2013 1825 2049 ordinetur
1840 2032 1848 2041 ·

352 2076 389 2107 et
411 2069 434 2106 fi
457 2070 540 2118 quid
564 2071 731 2108 acciderit
751 2072 789 2107 in
813 2070 1012 2107 ebdomada
1032 2072 1204 2119 preterita
1225 2071 1479 2119 corrigendum
1496 2076 1605 2119 prout
1622 2070 1724 2106 decet
1741 2070 1850 2106 corri-

352 2134 456 2176 gatur
470 2147 479 2156 ·
