1912 2660
309 129 382 166 364
720 129 1039 167 REGISTRUM
1070 129 1437 169 MORAVIENSE.

311 229 586 267 Procurationes
614 230 807 266 decanatus
835 230 880 266 de
909 230 1036 267 Inuer-
1088 230 1369 266 Procuraciones
1404 231 1597 268 decanatus
1628 232 1672 268 de
1703 231 1812 269 Strat-

625 301 691 337 nyS
706 306 714 315 ·
1396 288 1476 336 spee
1495 308 1503 316 .

310 402 465 440 Ecclefia
483 403 527 439 de
547 403 725 452 Inuernys
931 402 991 438 ·xl·
1011 402 1034 437 s·
1087 401 1289 449 Logykeny
1710 406 1768 441 .xl.
1788 407 1810 441 s.

309 460 465 497 Ecclefia
482 462 527 498 de
546 461 689 510 Durrys
932 460 991 494 ·xl·
1011 459 1034 494 Γ·
1090 458 1263 507 Kyngusy
1281 463 1317 494 et
1336 458 1448 495 Inehe
1710 463 1769 498 .Xl.
1788 464 1811 499 s.

309 518 464 555 Ecclefia
482 519 526 555 de
545 519 759 567 Londechty
930 515 989 552 ·xl·
1009 516 1032 551 s·
1086 515 1226 551 Alueth
1711 520 1770 556 ‚XL
1788 521 1810 556 s.

310 576 465 613 Ecclefia
484 577 527 613 de
546 576 736 624 Abyrtarff
932 573 990 609 ·xl·
1010 573 1033 608 s·
1088 572 1333 609 Ratmurchus
1699 590 1769 613 .XX.
1789 579 1811 613 Γ.

310 634 464 670 Ecclefia
482 634 525 670 de
546 634 697 669 Dalcres
931 630 990 667 ·xl·
1010 630 1033 665 s·
1089 630 1312 679 Kyncardyn
1699 647 1769 671 χχ.
1788 636 1811 670 Γ.

308 691 465 728 Ecclefia
483 692 527 727 de
548 692 646 739 Croy
931 688 990 724 ·xl·
1010 687 1033 723 s·
1086 687 1240 724 Detholl
1711 692 1769 727 ,ΧΓ
1789 693 1812 728 Γ.

310 748 464 786 Ecclefia
482 750 526 786 de
543 748 710 785 Urchard
729 767 737 775 ·
757 747 893 784 cancel·
1088 745 1307 794 Inneralyan
1326 746 1370 782 de
1389 747 1570 783 communi
1588 767 1596 776 ·
1710 750 1768 786 qd.
1789 751 1811 786 Γ.

406 807 486 843 larii
506 827 514 835 ·
931 803 990 839 ·xl·
1011 803 1033 838 s·
1089 802 1306 852 Abyrnethy
1710 807 1769 843 .xl.
1788 809 1811 844 s.

308 864 465 901 Ecclefia
483 865 526 901 de
546 864 729 911 Coneway
928 861 988 897 ·xl·
1008 861 1031 896 s·
1087 861 1276 897 Cromdoll
1294 866 1330 897 et
1349 861 1472 911 Adwy
1710 866 1769 901 qd.
1788 867 1811 901 s.

308 923 338 959 F
339 936 506 970 erneway
524 927 559 958 et
579 920 813 969 Aberbryach
931 919 991 956 ·xl·
1011 919 1034 954 s·

308 981 444 1030 Petyne
463 986 498 1016 et
517 979 693 1027 Braehely
930 977 990 1013 ·xl·
1009 977 1032 1012 s·
1086 976 1234 1013 Summa
1253 996 1408 1006 ······

308 1038 539 1086 Kyntallirgy
557 1043 593 1073 et
611 1036 795 1072 Wardlaw
928 1035 988 1071 ·xl·
1009 1034 1031 1070 s·
1086 1034 1233 1071 Summa
1251 1035 1371 1072 totalis
1388 1037 1689 1085 procuracionum
1710 1059 1718 1067 ·
1739 1059 1746 1067 ·
1768 1060 1775 1067 ·

306 1096 463 1132 Deweth
483 1101 518 1131 et
537 1094 749 1142 Dolerwesy
929 1092 989 1129 ·xl·
1009 1093 1032 1128 s·
1137 1112 1291 1121 ······

307 1152 460 1190 Ecclefia
478 1153 522 1189 de
541 1153 658 1189 Ewan
931 1151 990 1186 ·xl·
1010 1151 1033 1186 s·

306 1270 452 1305 Summa
471 1281 567 1305 ·xxv·
587 1267 689 1303 libre·

695 1441 912 1490 Synodatica
930 1440 1150 1490 episcopatus
1168 1439 1399 1478 moravienfis
1414 1460 1423 1469 ·

458 1557 665 1594 Decanatus
683 1557 727 1593 (16
742 1556 861 1605 Elgyn
874 1576 882 1584 ·
1086 1556 1252 1592 vicarius
1270 1556 1315 1592 de
1334 1556 1526 1605 Vrynneth
1724 1561 1771 1596 -ii·
1790 1561 1812 1595 s·

1087 1614 1254 1651 Vicarius
1273 1614 1317 1650 (16
1336 1614 1456 1663 Elgyn
1724 1618 1770 1653 .ii.
1790 1618 1812 1652 s.

309 1673 475 1709 Vicarius
494 1673 537 1708 de
552 1673 640 1721 Dyk
944 1675 992 1709 ·ii·
1011 1672 1035 1708 s·

307 1731 473 1767 Vicarius
491 1731 535 1766 de
554 1733 641 1779 (Doy
906 1733 980 1767 ·xii·
1000 1730 1034 1766 d·
1089 1730 1236 1766 Summa
1254 1730 1379 1778 ·xxiiij·
1399 1731 1422 1765 s·

308 1789 474 1825 Vicarius
493 1789 536 1824 (16
555 1788 687 1824 Duffus
943 1791 992 1825 ·ii·
1011 1788 1035 1823 s·
1166 1778 1181 1795 ⁶

307 1847 473 1883 Vicarius
491 1847 535 1881 de
556 1846 662 1881 Altre
942 1849 991 1883 ·ii·
1011 1846 1034 1882 s·

308 1904 464 1941 Persona
483 1904 526 1939 de
543 1903 742 1952 Fothyrves
942 1907 991 1940 ·ii·
1010 1904 1034 1939 s·
1176 1903 1385 1940 Decanatus
1404 1904 1448 1940 de
1467 1904 1698 1954 Strathbolgy
1713 1926 1721 1933 ·

309 1962 464 1998 Persona
482 1961 525 1997 de
544 1961 659 1996 Dolas
944 1964 992 1998 ·ii·
1011 1961 1035 1997 s·

308 2020 475 2058 vicarius
495 2019 538 2054 de
557 2018 719 2067 Ogyston
908 2021 980 2055 ·xii-
1001 2020 1035 2055 d·
1089 2019 1256 2055 Viearius
1274 2019 1319 2055 de
1338 2019 1447 2068 Ryny
1723 2022 1770 2057 ·ii·
1788 2021 1812 2056 Γ·

311 2078 416 2115 Prior
434 2078 477 2113 (16
497 2076 686 2112 Ureharde
945 2079 993 2113 ·ii·
1012 2077 1035 2113 s·
1090 2077 1246 2113 Persona
1263 2077 1307 2113 de
1326 2077 1409 2126 Effy
1723 2081 1770 2115 ·ii·
1789 2079 1812 2114 s·

311 2135 477 2172 vicarius
495 2134 539 2170 de
558 2134 782 2170 Dundurcus
945 2137 992 2171 ·ii·
1012 2135 1036 2170 s·
1088 2135 1255 2170 Vicarius
1273 2135 1317 2171 de
1337 2134 1587 2184 Innerkethny
1722 2139 1770 2172 ·ii·
1789 2136 1812 2172 s·

313 2193 468 2230 Persona
486 2192 529 2228 de
550 2191 688 2227 Rothes
944 2205 993 2227 011·
1012 2192 1035 2227 Γ·
1089 2192 1256 2229 Vicarius
1274 2193 1318 2229 de
1338 2192 1510 2241 Bottarry
1723 2195 1773 2230 ·ii·
1789 2194 1812 2229 s·

312 2251 477 2288 vicarius
496 2250 540 2286 (16
559 2249 673 2297 Elchy
944 2252 992 2285 ·ii·
1012 2249 1035 2285 s·
1088 2250 1255 2286 Vicarius
1273 2251 1316 2287 de
1337 2250 1492 2298 Kynnor
1723 2252 1770 2286 ·ii·
1789 2251 1811 2286 s·
