1912 2660
282 138 329 172 35
333 139 355 171 Q
674 137 992 176 REGISTRUM
1019 137 1385 176 MORAVIENSE.

285 241 321 270 et
339 235 558 283 suggestione
576 236 712 272 domini
731 237 811 274 Ade
826 238 870 273 de
887 238 1111 286 Hadyngton
1129 238 1320 286 presentati
1338 237 1383 272 ad
1401 237 1598 285 prioratum
1615 238 1659 274 de
1673 239 1788 276 Urch-

285 293 350 329 ard
369 288 612 331 devoluntate
626 295 740 331 vestra
754 296 872 331 minus
881 296 974 344 juste
988 295 1130 331 sustinet
1144 295 1306 342 angarias
1318 300 1354 329 et
1367 294 1515 342 injurias
1529 295 1765 333 multiformes
1777 317 1786 326 ·

285 364 325 387 ac
337 351 574 400 supplantatio
586 353 741 401 ejusdem
755 354 838 389 Ade
853 354 890 388 in
904 353 1015 401 ipsum
1028 353 1227 401 prioratum
1243 352 1342 387 (116ὶο
1355 352 1502 388 domino
1515 352 1696 390 W'illelmo
1710 368 1788 403 pre·

278 409 456 457 judicium
474 417 623 458 generat
641 416 746 459 atque
766 411 962 459 dampnum
981 423 1055 445 non
1073 410 1255 445 modicum
1275 414 1311 444 et
1328 422 1522 457 gravamen
1541 430 1551 439 ·
1573 412 1669 447 unde
1687 413 1788 448 vobis

284 468 321 502 in
336 467 406 504 fide
421 474 457 504 et
470 468 642 505 fidelitate
655 469 783 516 quibus
796 468 898 503 nobis
912 467 1085 503 tenemini
1102 466 1318 514 precipimus
1336 472 1373 503 et
1390 468 1600 504 mandamus
1615 489 1623 497 ·
1639 478 1675 505 et
1687 471 1787 506 vobis

283 539 406 574 preces
423 527 638 575 porrigimus
656 526 820 575 speciales
839 545 848 554 ·
867 530 1044 573 quatenus
1070 524 1265 560 amoveatis
1292 524 1431 561 dietum
1456 526 1643 563 dominum
1667 527 1787 564 Adam

283 597 304 619 a
322 584 420 619 dicto
439 585 600 632 prioratu
619 590 654 620 et
673 584 771 619 omni
790 596 891 618 mora
908 583 945 617 in
965 583 1112 618 domum
1130 581 1235 630 ipsius
1252 582 1431 630 prioratus
1449 584 1493 620 de
1512 584 1678 621 Urchard
1703 599 1787 622 con-

283 641 457 677 trahenda
469 661 478 670 ·
493 642 641 678 citantes
653 642 765 690 ipsum
777 640 854 677 vifis
868 639 1088 689 presentibus
1101 639 1251 676 indilate
1265 653 1328 688 per
1343 641 1587 678 omnimodam
1602 643 1786 680 censuram

283 698 544 735 ecclefiasticam
564 720 573 728 ·
592 700 688 747 quod
706 699 798 734 infra
816 698 989 734 diocesem
1009 697 1158 733 vestram
1176 697 1314 733 nullam
1332 699 1483 747 amplius
1502 701 1690 737 contrahat
1707 701 1786 738 refi-

283 757 445 793 denciam
465 777 473 786 ·
498 758 694 793 dummodo
722 757 885 805 primitus
911 756 1020 791 suerit
1044 756 1090 791 ad
1114 755 1366 792 monasterium
1392 757 1436 793 de
1460 757 1705 807 Dunfermlyn
1730 773 1786 795 co-

281 828 358 850 ram
376 816 570 852 venerabili
584 821 684 863 patre
702 815 869 851 Johanne
883 813 1009 849 abbate
1023 813 1084 849 suo
1099 813 1254 861 ejusdem
1267 814 1312 850 ad
1326 814 1523 851 faciendam
1542 814 1602 852 fibi
1621 816 1786 853 obedien-

281 873 370 908 ciam
387 893 395 901 ·
416 879 451 909 et
468 874 513 909 ad
531 873 776 921 recipiendum
795 872 839 908 ab
857 872 985 908 eodem
1004 877 1040 908 et
1058 872 1297 908 confratribus
1316 873 1384 908 suis
1402 873 1439 909 in
1458 874 1614 922 capitulo
1630 875 1785 923 ejusdem

280 930 483 966 monasterii
505 931 549 966 de
568 930 812 978 Dunfermlyn
830 930 973 978 plenam
993 930 1330 966 determinationem
1355 936 1391 966 et
1409 931 1595 968 decretum
1619 933 1663 968 de
1686 934 1784 969 omni

275 988 358 1035 jure
372 989 468 1035 quod
485 987 545 1023 fibi
563 988 728 1024 vendicat
747 992 951 1036 competere
969 988 1007 1022 in
1025 988 1187 1036 prioratu
1206 988 1250 1024 de
1269 988 1436 1024 Urchard
1460 1009 1468 1017 ·
1497 990 1632 1025 dictum
1649 990 1784 1027 Willel-

279 1060 377 1081 mum
397 1047 552 1094 priorem
571 1046 607 1081 in
629 1044 733 1094 ipfius
751 1046 914 1094 prioratu
933 1046 1105 1081 canonice
1130 1046 1329 1082 defendatis
1348 1066 1356 1074 ·
1383 1047 1565 1083 neminem
1591 1047 1650 1082 fibi
1670 1047 1707 1083 in
1725 1049 1784 1084 sua

278 1102 481 1151 poss'essione
503 1103 659 1152 ejusdem
682 1103 860 1151 prioratus
879 1103 1042 1152 injuriari
1066 1104 1314 1152 permittentes
1342 1110 1519 1151 quatenus
1545 1106 1591 1140 ad
1618 1119 1682 1141 vos
1705 1120 1783 1154 per-

277 1162 367 1196 tinet
385 1160 453 1196 five
468 1161 602 1209 spectat
621 1181 628 1189 ·
656 1162 695 1196 in
712 1175 784 1209 quo
803 1161 906 1197 nobis
924 1161 1059 1197 facietis
1077 1162 1373 1210 complacentiam
1399 1162 1585 1210 specialem
1605 1183 1613 1191 ·
1643 1163 1781 1199 Datum

276 1219 337 1254 sub
354 1218 466 1266 sigillo
486 1218 604 1254 nostro
623 1219 757 1255 secreto
781 1220 878 1268 apud
894 1219 1119 1268 Edynburgh
1139 1220 1249 1255 ·xxiii·
1273 1220 1330 1256 die
1354 1219 1479 1256 mensis
1496 1220 1660 1257 ,Ianuarii
1684 1235 1780 1258 anno

277 1277 379 1325 regni
397 1276 505 1312 nostri
523 1277 639 1325 primo
656 1297 664 1305 ·

277 1452 468 1488 Contraria
494 1451 597 1487 litera
624 1457 751 1488 contra
776 1451 917 1488 literam
938 1452 1049 1499 Regis
1075 1452 1235 1500 superius
1257 1452 1420 1500 scriptam
1439 1471 1449 1480 ·
1472 1451 1582 1501 juxta
1604 1465 1781 1489 canonem

281 1511 327 1546 Se·
341 1529 349 1538 ·
376 1510 436 1545 DE
455 1521 661 1546 PREBENDIS
677 1530 686 1538 ·

279 1625 460 1660 Robertus
479 1626 549 1661 Dei
568 1627 683 1673 gratia
702 1626 785 1662 Rex
803 1626 994 1662 Scotorum
1013 1626 1228 1663 Vicecomiti
1252 1626 1297 1662 de
1321 1626 1441 1674 Elgyn
1465 1630 1501 1662 et
1525 1625 1687 1663 ministris
1712 1626 1780 1661 suis

277 1683 444 1718 salutem·
474 1684 570 1725 Quia
596 1684 714 1719 sumus
741 1684 925 1720 informati
948 1698 1012 1733 per
1041 1685 1178 1720 clerum
1205 1683 1364 1719 nostrum
1391 1684 1429 1719 in
1454 1683 1779 1731 istovparliamento

276 1746 532 1788 congregatum
555 1742 651 1788 quod
675 1742 785 1778 frater
805 1742 925 1778 Adam
945 1743 990 1778 de
1017 1742 1243 1790 Hadyngton
1267 1742 1311 1777 de
1331 1741 1415 1790 jure
1442 1741 1547 1777 debet
1573 1740 1706 1777 restitui
1732 1742 1778 1776 ad

276 1798 474 1847 prioratum
496 1798 596 1833 suum
617 1800 659 1834 dc
680 1799 845 1835 Urchard
868 1801 905 1835 in
924 1801 1088 1837 moravia
1107 1819 1115 1828 ·
1135 1805 1170 1835 et
1188 1799 1297 1835 frater
1316 1799 1518 1835 W'illelmus
1536 1799 1580 1834 de
1599 1797 1716 1847 Buss›y
1733 1799 1778 1834 ab

276 1870 318 1892 eo
346 1856 523 1892 removeri
549 1876 557 1884 ·
586 1858 780 1893 venerabili
807 1859 900 1907 patri
924 1858 1099 1907 Episcopo
1118 1855 1333 1895 moraviensi
1350 1857 1513 1892 dedimus
1538 1857 1576 1892 in
1602 1857 1777 1892 mandatis

276 1914 371 1961 quod
390 1914 460 1962 ipse
476 1914 661 1949 dominum
680 1916 825 1951 fratrem
846 1916 967 1952 Adam
986 1916 1146 1952 restituat
1164 1921 1199 1951 et
1212 1915 1389 1964 prefatum
1409 1914 1630 1951 lVillelmum
1644 1928 1777 1951 ammo-

274 1977 356 2008 veat
374 1972 417 2006 ab
435 1972 560 2007 eodem
582 1991 590 1999 ·
620 1972 726 2008 Unde
745 1973 845 2009 vobis
863 1980 899 2010 et
916 1974 1070 2010 vestrum
1096 1973 1242 2009 cuilibet
1259 1974 1297 2008 in
1314 1973 1385 2008 fide
1403 1978 1439 2008 et
1456 1972 1627 2008 fidelitate
1649 1972 1776 2020 quibus

274 2029 377 2065 nobis
394 2029 566 2065 tenemini
589 2035 625 2065 et
651 2030 712 2065 sub
739 2044 832 2078 pena
856 2045 925 2079 que
952 2032 1123 2080 competit·
1145 2031 1359 2080 precipimus
1377 2036 1413 2067 et
1430 2031 1640 2066 mandamus
1657 2036 1777 2078 quate-

274 2100 342 2123 nus
354 2107 363 2115 ·
382 2100 597 2135 quocunque
616 2088 785 2123 mandato
803 2089 923 2125 nostro
937 2090 1038 2126 vobis
1056 2090 1195 2126 directo
1214 2090 1252 2125 in
1269 2089 1489 2125 contrarium
1507 2088 1753 2125 nonobstante
1765 2108 1774 2117 ·

274 2145 413 2181 dictum
431 2145 576 2181 fratrem
594 2145 714 2181 Adam
734 2146 934 2182 restitutum
948 2147 986 2182 in
1003 2146 1208 2196 pofl'effione
1226 2147 1373 2194 pacifica
1391 2147 1479 2182 dicti
1496 2147 1675 2195 prioratus
1692 2159 1775 2183 con-

273 2210 329 2239 tra
354 2203 491 2239 dictum
522 2203 668 2240 fratrem
684 2204 906 2240 lVillelmum
934 2211 970 2241 et
997 2206 1225 2253 quoscunque
1243 2205 1331 2242 alios
1349 2205 1496 2241 clericos
1519 2204 1701 2253 religiosos
1717 2204 1774 2241 vel
