2066 2780
266 1173 310 1208 19

259 1920 306 1950 ΩΟ

352 171 396 202 14
737 163 1053 202 REGISTRUM
1081 160 1444 200 MORAVIENSE.

351 260 499 300 conceffi
526 263 570 299 de
595 263 816 300 incremento
851 262 1064 311 episcopatui
1105 257 1316 298 moravienfi
1344 263 1380 294 et
1408 257 1572 306 predi&o
1600 257 1654 294 ·B·
1677 259 1839 308 episcopo

349 318 562 357 moraviensi
587 325 622 356 et
645 319 893 356 suceefforibus
918 319 985 355 suis
1011 318 1178 366 episcopis
1200 336 1208 345 ·
1227 328 1292 364 pro
1319 315 1429 350 salute
1446 314 1564 350 anime
1584 327 1664 351 mee
1686 321 1722 352 et
1743 323 1840 353 ante-

349 376 520 414 cefforum
544 389 707 413 meorum
734 396 743 406 ·
767 375 944 413 ecclefiam
966 375 1009 411 de
1032 375 1148 422 Elgyn
1177 386 1258 409 cum
1287 371 1429 419 capellis
1447 376 1483 407 et
1507 372 1612 408 terris
1633 377 1669 408 et
1695 373 1840 410 decimis

350 439 386 470 et
412 433 686 471 obventionibus
709 439 745 470 et
770 432 934 469 omnibus
960 432 1036 467 aliis
1055 431 1156 480 justis
1178 428 1406 479 pertinenciis
1431 428 1500 464 suis
1535 448 1543 457 ·
1582 429 1687 466 Salva
1713 435 1842 468 tenura

350 490 419 526 ·W·
439 492 611 540 capellani
630 492 701 528 mei
724 492 761 526 in
785 491 908 527 eadem
927 488 1068 525 ecclesia
1094 507 1102 516 ·
1131 488 1179 523 Et
1201 491 1364 535 preterea
1381 484 1561 522 ecclefiam
1579 487 1624 523 de
1642 487 1738 525 Eren
1757 502 1839 525 cum

348 548 490 598 capellis
514 554 549 585 et
575 548 738 584 omnibus
761 547 836 583 aliis
854 547 954 595 justis
978 544 1206 595 pertinenciis
1231 544 1299 579 suis
1320 562 1329 572 ·
1357 543 1550 579 Tenendas
1575 544 1612 579 in
1637 544 1785 582 liberam
1804 553 1840 582 et

347 611 556 655 perpetuam
582 604 803 642 elemosinam
829 605 878 640 ita
903 604 1012 639 libere
1038 608 1074 638 et
1100 602 1217 650 quiete
1245 620 1253 629 ·
1279 600 1439 649 plenarie
1457 605 1493 636 et
1511 601 1707 639 honorifice
1726 623 1734 632 ·
1753 602 1839 640 ficut

348 662 436 699 alios
449 663 583 699 reditus
594 662 810 712 episcopatus
827 661 971 698 liberius
982 679 990 689 ·
1003 659 1159 708 quiecius
1175 678 1183 687 ·
1197 658 1337 707 plenius
1352 662 1387 694 et
1402 658 1700 696 honorificencius
1717 666 1817 698 tenet
1829 681 1837 689 ·

349 719 511 756 Testibus
536 720 685 757 Udardo
711 720 835 755 abbate
863 720 906 755 de
934 719 1054 766 Cupre
1082 736 1090 745 ·
1116 716 1298 751 willelmo
1327 721 1363 751 et
1399 715 1468 751 -w-
1500 717 1691 765 capellanis
1721 719 1808 754 meis
1828 738 1836 747 ·

350 776 530 813 willelmo
549 778 593 814 de
611 777 722 814 Bosco
749 796 757 806 ·
794 776 973 812 Willelmo
1003 775 1146 822 Cumyn
1164 773 1359 822 justiciario
1387 793 1395 801 ·
1422 773 1586 822 Philippo
1605 775 1649 810 de
1667 775 1809 812 fflubrei
1829 796 1837 804 ·

347 833 432 870 Ada
456 834 530 871 filio
557 834 722 882 Gylberti
748 853 756 863 ·
788 834 947 870 Waltero
977 832 1144 870 murthae
1175 850 1183 860 ·
1215 831 1372 867 Ricardo
1400 830 1518 867 Reuel
1544 851 1552 859 ·
1583 831 1694 881 Apud
1722 833 1839 882 Abyr-

347 1062 405 1098 De
423 1061 564 1100 ecclefia
582 1063 625 1099 de
645 1060 833 1111 Kingussin
858 1082 866 1090 ·

345 1175 413 1211 ·W·
443 1176 513 1212 Dei
541 1177 655 1224 gratia
686 1177 767 1213 Rex
799 1176 1004 1213 Scottorum
1031 1175 1195 1211 omnibus
1221 1175 1341 1224 probis
1366 1176 1569 1212 hominibus
1599 1178 1714 1213 tocius
1740 1184 1835 1214 terre

343 1233 401 1269 sue
420 1233 553 1269 clericis
572 1240 607 1270 et
625 1234 720 1269 laicis
738 1233 883 1270 salutem
911 1253 919 1262 ·
948 1233 1071 1270 Sciatis
1095 1246 1151 1269 me
1177 1232 1373 1270 concessifl'e
1394 1239 1430 1270 et
1452 1235 1519 1270 hac
1541 1240 1638 1270 carta
1655 1249 1734 1272 mea
1751 1250 1833 1272 con-

341 1290 488 1327 firmasse
515 1290 744 1327 donationem
770 1291 868 1327 illam
893 1305 999 1339 quam
1031 1291 1149 1327 Bricio
1179 1290 1393 1328 moraviensi
1416 1292 1577 1340 episcopo
1600 1292 1684 1328 fecit
1710 1293 1833 1341 Gylle-

340 1347 458 1384 bertus
482 1348 524 1384 de
545 1348 714 1384 Kathern'
734 1349 778 1385 de
802 1348 944 1385 ecclesia
965 1349 1009 1385 de
1029 1348 1222 1397 Kynguscy
1240 1362 1322 1385 cum
1348 1349 1483 1398 capella
1509 1349 1553 1385 de
1581 1349 1771 1399 Benchory
1797 1357 1833 1387 et

340 1417 419 1440 cum
439 1406 601 1441 omnibus
618 1406 694 1441 aliis
706 1405 806 1454 justis
823 1407 1051 1456 pertinenciis
1069 1406 1137 1442 suis
1165 1426 1172 1434 ·
1201 1406 1378 1442 Tenenda
1394 1407 1444 1443 ita
1460 1407 1570 1443 libere
1595 1414 1630 1443 et
1654 1408 1772 1455 quiete
1796 1415 1831 1444 et

339 1462 494 1510 plenarie
513 1468 548 1499 et
565 1463 758 1500 honorifice
776 1463 862 1500 ficut
879 1470 977 1501 carta
992 1464 1147 1513 predicti
1164 1464 1273 1500 Bricii
1291 1464 1443 1513 episcopi
1460 1464 1606 1500 testatur
1632 1484 1641 1493 ·
1669 1465 1831 1501 Testibus

342 1518 521 1555 Willelmo
540 1521 721 1569 capellano
739 1534 819 1557 meo
851 1541 860 1550 ·
887 1521 1069 1558 W⁷illelmo
1085 1522 1128 1558 de
1143 1521 1256 1558 Bosco
1275 1527 1311 1558 et
1328 1522 1486 1570 Hugone
1505 1522 1549 1558 de
1566 1521 1678 1570 figillo
1696 1522 1831 1559 clericis

342 1576 428 1612 meis
463 1596 471 1605 ·
505 1577 662 1625 Hugone
689 1577 846 1627 Freikyn
881 1599 889 1607 ·
921 1585 957 1615 et
982 1579 1164 1616 Willelmo
1190 1580 1299 1616 fratre
1325 1579 1401 1628 ejus
1428 1599 1436 1608 ·
1465 1579 1578 1628 Apud
1604 1580 1713 1628 Elgin
1736 1594 1829 1616 ·xxv·

343 1633 400 1669 die
418 1633 570 1681 Augusti
589 1655 596 1663 -

343 1804 401 1840 De
420 1804 564 1841 decimis
581 1811 617 1841 et
633 1806 905 1843 rectitudinibus
922 1808 1071 1858 episcopi
1087 1829 1095 1838 ·

342 1917 410 1953 -w-
430 1919 501 1955 Dei
518 1921 632 1967 gratia
648 1922 729 1956 Rex
747 1921 950 1959 Scottorum
968 1924 1131 1960 omnibus
1157 1924 1294 1960 ballivis
1322 1924 1389 1960 suis
1410 1924 1524 1960 tocius
1551 1924 1714 1960 moravie
1741 1923 1827 1958 salu-

340 1981 411 2012 tem
440 1996 447 2004 ·
476 1976 636 2026 Precipio
655 1977 755 2014 vobis
771 1978 920 2015 firmiter
937 1982 1102 2028 quatinus
1120 1995 1244 2018 omnes
1262 1982 1416 2018 decimas
1434 1987 1470 2018 et
1487 1981 1720 2017 rectitudines
1741 1994 1827 2028 quas

339 2033 518 2082 episcopus
541 2034 768 2072 moraviensis
796 2036 839 2072 de
859 2036 942 2085 jure
971 2039 1099 2075 habere
1128 2039 1232 2076 debet
1266 2038 1352 2075 ficut
1377 2044 1473 2075 carte
1500 2038 1576 2087 ejus
1595 2037 1767 2074 testantur
1794 2039 1826 2073 ei

339 2090 495 2139 plenarie
514 2097 549 2128 et
566 2091 636 2128 slne
654 2092 904 2130 disturbatione
923 2095 1051 2132 habere
1068 2097 1202 2133 faciatis
1229 2117 1237 2125 ·
1257 2097 1305 2133 Et
1322 2097 1495 2146 prohibeo
1512 2109 1558 2132 ne
1575 2095 1653 2143 quis
1671 2095 1824 2131 decimas

338 2154 400 2184 aut
418 2148 650 2186 rectitudines
676 2150 708 2186 ei
733 2150 856 2200 injuste
883 2152 1038 2189 detineat
1061 2154 1161 2203 super
1180 2168 1294 2191 meam
1311 2155 1507 2204 plenariam
1524 2153 1786 2189 forisfacturam
1815 2171 1823 2179 ·

340 2205 375 2241 Si
389 2206 466 2253 quis
475 2220 560 2242 vero
572 2207 673 2256 super
690 2208 758 2244 hoc
776 2208 852 2245 illas
869 2210 901 2245 ei
916 2209 1074 2247 detinere
1092 2212 1338 2261 presumpserit
1353 2232 1361 2241 ·
1377 2210 1525 2248 conceffi
1539 2211 1571 2247 ei
1584 2216 1624 2246 ut
1637 2223 1701 2259 per
1714 2211 1824 2247 eccle-

338 2261 500 2300 ssasticam
512 2264 686 2312 justiciam
705 2265 784 2302 illos
801 2267 833 2303 ei
850 2266 1006 2315 plenarie
1018 2268 1102 2317 jura
1119 2269 1179 2305 sua
1195 2271 1344 2306 reddere
1356 2269 1448 2318 juste
1469 2268 1651 2316 distringat
1678 2288 1686 2296 ·
1714 2268 1825 2305 Testi-
