2060 2660
606 148 924 185 REGISTRUM
952 146 1315 185 MORAVIENSE.
1662 159 1708 196 75

209 250 377 297 theruays
394 261 475 284 cum
494 248 659 283 omnibus
677 247 723 282 ad
741 259 818 282 eam
831 246 924 294 juste
941 246 1202 294 pertinentibus
1217 266 1225 274 ·
1244 247 1345 283 salvis
1363 248 1428 283 hiis
1447 251 1625 286 canonicis
1648 253 1708 298 qui

207 320 274 354 pro
292 311 452 353 tempore
476 303 655 341 ecclesiam
680 304 724 340 de
743 304 965 351 Fotherueys
992 304 1216 351 optinuerint
1241 317 1310 351 que
1337 310 1420 340 ante
1446 307 1606 353 predicte
1632 309 1708 344 sub-

208 363 364 400 cantarie
382 361 670 398 constitutionem
690 362 734 397 de
748 361 873 397 eadem
888 360 1031 396 ecclefia
1044 362 1218 396 canonico
1232 361 1409 397 ecclefiam
1425 364 1600 410 optinenti
1615 366 1708 401 salva

207 420 274 456 effe
288 420 546 456 consueverant
561 440 569 448 ·
586 419 754 455 Preterea
767 418 1013 454 constituimus
1027 419 1114 454 duas
1128 419 1326 467 prebendas
1340 425 1376 454 et
1390 433 1448 455 eas
1462 419 1708 468 assignavimus

206 477 367 526 predi&e
386 476 526 513 ecclefie
544 477 739 513 cathedrali
753 476 870 512 nostre
884 496 893 504 ·
909 477 953 512 de
967 476 1154 512 voluntate
1173 482 1209 512 et
1226 477 1395 512 consensu
1411 477 1558 513 lValteri
1575 479 1618 514 de
1631 482 1708 515 mo-

205 535 304 570 ravia
328 535 392 569 filii
416 534 589 571 Willelmi
615 535 659 570 de
683 534 847 571 moravia
870 534 1012 582 patroni
1040 533 1264 569 ecclesiarum
1289 534 1333 569 de
1356 534 1470 582 Petyn
1497 541 1533 570 et
1560 536 1603 571 de
1623 536 1710 571 Bra-

205 592 310 640 choly
323 611 331 619 ·
346 592 432 628 item
450 593 594 640 patroni
612 591 835 628 ecclesiarum
855 592 899 626 de
919 591 1128 639 Butruthyn
1146 597 1182 626 et
1200 591 1244 626 de
1263 590 1460 627 Abirlouer
1476 611 1483 619 ·
1500 593 1543 627 de
1563 593 1707 628 decimis

204 649 395 696 garbarum
414 649 508 685 bladi
527 650 692 685 omnibus
713 649 1006 698 provenientibus
1024 648 1117 683 infra
1134 649 1319 696 parochias
1337 649 1580 697 predictarum
1600 651 1708 686 eccle-

205 706 331 742 fiarum
351 726 359 735 ·
378 720 487 743 unam
509 707 640 743 scilicet
658 707 702 743 de
721 706 866 742 decimis
891 706 1056 742 omnibus
1082 706 1276 754 garbarum
1298 707 1591 754 provenientibus
1618 708 1709 743 infra

204 764 389 812 parochias
408 765 452 800 de
468 764 583 812 Petyn
602 770 638 800 et
656 765 700 800 de
715 764 894 811 Bracholy
914 782 922 791 ·
946 769 982 799 et
1000 764 1105 799 aliam
1121 764 1165 799 de
1180 764 1325 799 decimis
1340 764 1504 799 omnibus
1519 765 1708 812 garbarum

204 822 497 870 provenientibus
515 822 608 857 infra
626 821 810 871 parochias
829 820 1052 857 ecclesiarum
1072 821 1116 857 de
1135 821 1344 870 Butruthyn
1363 827 1399 857 et
1417 822 1461 857 de
1481 822 1677 858 Abirlouer
1699 843 1705 850 ·

204 885 346 915 retento
364 886 400 915 et
418 880 577 915 concesso
597 880 641 916 de
659 880 769 915 totius
788 879 934 928 capituli
952 879 1121 914 consensu
1142 879 1307 927 predi&o
1328 879 1488 915 lValtero
1510 886 1547 915 et
1570 880 1707 916 heredi-

205 936 270 972 bus
288 937 356 972 suis
373 938 411 972 in
428 943 642 986 perpetuum
655 937 739 986 jure
757 941 968 985 patronatus
993 937 1236 985 predictarum
1263 938 1415 972 duarum
1443 937 1706 985 prebendarum

205 1000 242 1030 et
255 994 516 1043 presentatione
530 995 575 1030 ad
590 995 728 1031 easdem
742 994 1046 1042 quotienscunque
1060 995 1266 1030 vacaverint
1281 1014 1289 1022 ·
1304 995 1400 1030 faeta
1418 995 1523 1030 etiam
1543 996 1707 1043 predicto

205 1051 366 1087 Waltero
384 1052 481 1088 fideli
499 1058 535 1088 et
558 1053 730 1101 solempni
755 1051 937 1101 sponsione
959 1066 981 1088 a
1005 1052 1107 1088 nobis
1130 1058 1166 1088 et
1189 1052 1346 1101 capitulo
1365 1052 1484 1088 nostro
1503 1053 1599 1100 quod
1618 1066 1708 1088 nun-

204 1122 310 1157 quam
334 1123 398 1158 per
419 1123 485 1146 nos
503 1110 561 1146 vel
587 1111 795 1147 succefl'ores
821 1110 958 1146 nostros
984 1110 1042 1146 vel
1068 1123 1132 1158 per
1159 1110 1354 1158 capitulum
1379 1110 1537 1146 nostrum
1565 1111 1623 1146 vel
1646 1124 1708 1159 per

204 1167 358 1215 aliquem
377 1168 420 1203 de
435 1168 591 1216 capitulo
605 1169 709 1216 super
722 1168 806 1217 jure
825 1168 1069 1204 advocationis
1083 1169 1328 1216 predictarum
1344 1168 1496 1203 duarum
1513 1168 1708 1216 prebenda-

204 1237 285 1260 rum
314 1225 508 1260 molestiam
536 1225 689 1272 aliquam
718 1225 795 1261 ullo
823 1238 981 1272 unquam
1006 1231 1169 1273 tempore
1194 1225 1372 1260 sustinebit
1397 1225 1468 1273 ipse
1495 1226 1554 1261 vel
1582 1226 1706 1273 aliquis

204 1283 377 1318 heredum
396 1282 540 1318 suorum
560 1303 567 1311 ·
587 1296 654 1319 nec
672 1296 754 1318 cum
774 1296 831 1318 eas
849 1296 975 1318 vacare
993 1283 1185 1330 contigerit
1206 1283 1264 1318 vel
1286 1296 1408 1318 earum
1434 1283 1581 1318 alteram
1604 1283 1705 1331 super

204 1340 465 1388 presentatione
483 1341 527 1375 ad
546 1354 604 1376 eas
622 1340 678 1376 vel
697 1341 742 1376 ad
762 1354 884 1376 earum
904 1340 1052 1376 alteram
1070 1340 1232 1375 facienda
1253 1340 1461 1387 gravabitur
1482 1340 1552 1388 ipse
1570 1341 1627 1390 vel
1646 1341 1706 1375 ali-

203 1398 281 1445 quis
299 1398 471 1433 heredum
490 1398 635 1433 suorum
663 1417 671 1426 ·
698 1398 757 1434 vel
776 1398 1100 1433 contradififionem
1118 1398 1274 1445 patietur
1296 1397 1353 1433 vel
1377 1397 1551 1445 repulsam
1570 1398 1626 1433 vel
1645 1398 1706 1433 ali-

203 1456 301 1503 quod
315 1455 611 1503 impedimentum
631 1475 639 1484 ·
659 1455 717 1492 sed
731 1456 921 1504 presentati
935 1456 992 1491 vel
1008 1455 1094 1503 [ab]
1110 1468 1153 1490 eo
1168 1455 1226 1490 vel
1239 1455 1411 1490 heredum
1428 1455 1570 1490 suorum
1585 1456 1704 1502 aliquo

203 1512 274 1549 fine
301 1513 510 1549 difficultate
537 1518 573 1549 et
599 1526 699 1549 more
727 1513 909 1561 dispendio
931 1513 1168 1548 admittentur
1188 1518 1224 1548 et
1245 1512 1473 1548 instituentur
1497 1518 1533 1548 et
1556 1512 1705 1548 installa-

202 1570 338 1606 buntur
364 1590 373 1598 ·
401 1576 437 1606 et
462 1570 591 1606 eisdem
609 1570 831 1607 libertatibus
850 1577 885 1606 et
904 1570 1186 1606 immunitatibus
1203 1570 1411 1618 gaudebunt
1428 1570 1556 1617 quibus
1572 1570 1704 1617 gaude-

202 1633 283 1663 rent
301 1628 462 1663 canonici
482 1627 750 1664 Lincolnienses
776 1647 784 1656 ·
809 1628 853 1663 In
872 1629 1001 1664 horum
1019 1628 1129 1676 igitur
1146 1628 1290 1663 firmum
1309 1632 1344 1663 et
1363 1627 1596 1663 indubitabile
1614 1627 1704 1664 testi-

202 1685 365 1721 monium
383 1685 474 1721 hanc
493 1691 627 1721 cartam
645 1685 800 1721 nostram
818 1685 920 1733 figilli
938 1685 1046 1721 nostri
1064 1683 1281 1733 appositione
1299 1685 1518 1720 munivimus
1543 1705 1551 1713 -
1574 1690 1610 1721 et
1628 1686 1704 1721 sub·

201 1743 390 1791 scriptione
409 1742 527 1778 nostra
544 1756 617 1779 una
635 1756 717 1779 cum
736 1743 987 1791 subscriptione
1005 1742 1262 1779 canonicorum
1276 1742 1477 1777 nostrorum
1492 1748 1527 1778 et
1541 1743 1703 1791 plurimis

201 1800 245 1836 de
264 1800 360 1836 clero
378 1799 497 1836 nostro
516 1801 828 1836 corroboravimus
857 1821 865 1828 -
899 1801 1038 1836 Αᾶὶιιῐη
1055 1801 1093 1836 in
1110 1799 1245 1848 synodo
1264 1799 1382 1835 nostra
1399 1800 1518 1835 habita
1535 1813 1631 1836 anno
1651 1801 1702 1836 in-

202 1859 417 1895 carnationis
436 1860 686 1896 ·‹o⁰·cc⁰·xxvi⁰·
707 1860 826 1895 mense
845 1862 953 1908 mayo
971 1860 1097 1907 quinto
1116 1859 1174 1894 die
1192 1858 1348 1907 ejusdem
1362 1858 1487 1895 menfis
1505 1859 1542 1894 in
1560 1859 1702 1895 ecclefia

202 1917 325 1953 Sancti
345 1917 465 1964 Egidii
489 1917 623 1953 abbatis
647 1918 742 1966 apud
762 1917 881 1965 Elgyn
904 1937 913 1945 ·
942 1917 1021 1965 Ego
1041 1917 1208 1953 Andreas
1227 1915 1457 1953 moraviensis
1476 1916 1700 1966 [episcopus]

200 1974 375 2010 subscribo
394 1993 403 2002 ·
424 1975 504 2023 Ego
525 1975 707 2011 Hem-icus
726 1973 956 2012 moraviensis
975 1973 1116 2010 ecclefie
1134 1974 1372 2010 thesaurarius
1389 1973 1565 2010 subscribo
1589 1994 1596 2002 -
1621 1975 1700 2023 Ego

203 2031 316 2079 Hugo
335 2032 605 2068 archidiaconus
619 2030 850 2070 moraviensis
867 2032 1042 2068 subscribo
1057 2050 1066 2060 ·
1086 2032 1165 2080 Ego
1181 2031 1301 2067 Adam
1316 2031 1546 2068 moraviensis
1560 2032 1700 2069 ecclesie

200 2088 419 2125 subdecanus
439 2090 615 2126 subscribo
641 2109 649 2118 ·
678 2090 758 2138 Ego
777 2089 991 2125 Lambertus
1009 2088 1239 2127 moraviensis
1260 2088 1402 2125 ecclefie
1420 2090 1605 2125 succentor
1625 2090 1701 2125 sub-

200 2145 312 2182 scribo
341 2165 350 2175 ·
384 2147 464 2195 Ego
484 2148 667 2184 Robertus
685 2147 877 2183 canonicus
894 2146 1125 2184 moravienfis
1152 2166 1160 2176 ·
1190 2147 1270 2195 Ego
1288 2147 1489 2183 Willelmus
1508 2148 1698 2183 canonieus

201 2203 430 2240 moraviensis
465 2224 473 2234 ·
510 2205 590 2253 Ego
620 2205 802 2241 Robertus
833 2205 1025 2241 canonicus
1055 2206 1100 2241 de
1128 2205 1305 2254 Inuernys
1341 2225 1349 2233 ·
1391 2205 1469 2253 Ego
1497 2205 1696 2240 Willelmus

202 2260 356 2297 decanus
374 2262 418 2298 de
438 2262 667 2311 Strathbolgy
685 2263 860 2299 subscribo
889 2282 897 2291 ·
930 2263 1010 2311 Ego
1030 2263 1231 2312 Gregorius
1249 2263 1404 2299 decanus
1424 2263 1468 2299 de
1488 2263 1666 2311 Strathspe
1686 2282 1693 2289 ·
