1912 2660
128 1186 200 1219 304

634 109 949 147 REGISTRUM
976 111 1337 151 MORAVIENSE.
1650 122 1721 155 883

237 208 345 244 daffet
371 206 528 243 totaliter
557 207 601 243 de
625 208 790 243 omnibus
817 207 920 244 bonis
947 211 1095 257 repertis
1123 211 1160 245 in
1188 224 1230 246 ea
1257 217 1292 247 et
1313 213 1433 248 villam
1452 214 1495 249 de
1519 214 1636 263 Elgyn
1653 229 1718 264 pro

237 278 366 313 magna
381 270 482 313 parte
499 264 731 300 combuffiffet
756 270 792 300 et
815 266 860 300 ad
883 266 1027 313 propria
1052 279 1133 301 cum
1157 267 1272 314 spoliis
1298 269 1449 305 rediifl'et
1467 289 1475 298 ·
1504 273 1647 307 tandem
1674 274 1717 309 de

236 322 353 358 mense
371 322 542 358 oetobris
559 322 734 369 sequentis
750 322 847 357 sexto
867 323 923 358 die
942 322 1095 371 ejusdem
1119 323 1242 359 menfis
1268 325 1313 359 ad
1336 327 1520 362 canoniam
1539 329 1582 363 de
1601 329 1718 377 Elgyn

235 392 316 415 cum
333 379 460 426 grandi
478 379 637 415 exercitu
655 380 761 415 rediit
778 399 787 407 ·
807 385 842 415 et
860 380 1071 416 informatus
1088 381 1184 428 quod
1202 381 1263 416 illa
1280 383 1429 417 canonia
1445 383 1666 421 immunitate
1683 392 1718 422 et

233 436 420 484 privilegio
444 437 573 484 refugii
596 437 774 484 gaudebat
797 437 840 472 ab
864 438 1011 485 antiquo
1031 457 1039 465 ·
1067 443 1102 473 et
1119 439 1215 485 quod
1233 438 1303 486 ipse
1321 444 1356 474 et
1373 439 1423 474 sui
1440 446 1584 487 propter
1602 443 1719 478 effrac-

232 494 369 529 tionem
388 499 423 529 et
440 494 676 530 violacionem
700 494 934 529 immunitatis
960 496 1341 531 excommunicacionis
1367 496 1577 532 sentenciam
1604 497 1718 534 incur-

232 550 351 586 rifl'ent
370 570 378 579 ·
407 551 477 599 ipse
506 557 541 586 et
565 551 614 586 sui
638 552 683 587 ad
708 565 770 587 cor
794 552 985 587 redeuntes
1012 553 1197 600 pecierunt
1222 553 1404 588 humiliter
1429 554 1560 588 absolvi
1578 573 1586 582 ·
1619 555 1719 597 Quos

231 608 347 655 primo
375 613 458 644 ante
486 608 579 644 fores
607 608 749 644 ecclefie
777 610 995 645 reverendus
1023 610 1060 644 in
1088 609 1227 645 Christo
1256 610 1421 646 dominus
1448 610 1647 646 VVillelmus
1675 612 1718 647 de

232 664 352 713 Spyny
371 665 551 714 episcopus
570 665 798 702 moraviensis
828 672 864 702 et
890 666 1009 714 postea
1036 672 1118 702 ante
1147 680 1316 713 magnum
1339 668 1449 703 altare
1473 668 1719 715 pontificaliter

231 723 377 757 indutus
395 723 543 758 absolvit
561 742 570 751 ·
603 723 650 759 Et
673 724 743 771 ipse
762 723 971 759 Alexander
997 737 1077 759 cum
1106 724 1215 760 infixo
1242 738 1330 760 auro
1352 737 1521 772 magnum
1539 726 1719 761 torticium

231 779 387 814 obtulit·
417 786 453 815 et
480 781 735 828 consequenter
766 782 874 816 ceteri
904 782 1077 829 capitanei
1099 781 1274 829 sigillatim
1293 801 1302 810 ·
1331 787 1367 817 et
1393 782 1550 830 precepit
1577 796 1718 819 crucem

230 837 317 884 erigi
337 849 418 872 cum
437 850 608 885 campana
624 838 684 873 ubi
702 838 825 886 incipit
843 838 1047 874 immunitas
1064 839 1182 875 versus
1198 839 1320 874 villam
1339 858 1347 867 ·

230 1008 456 1056 Degradacio
483 1008 541 1044 seu
569 1007 742 1057 depoficio
768 1009 939 1045 Richardi
959 1010 1068 1057 Regis
1096 1009 1230 1057 Anglie
1254 1023 1348 1046 anno
1368 1010 1519 1046 Domini
1542 1011 1718 1049 millefimo

230 1070 353 1102 ·ccc¹¹'⁰·
372 1065 601 1114 nonogesimo
621 1079 719 1101 nono
739 1085 747 1094 ·

229 1179 274 1216 In
292 1180 364 1216 Dei
382 1181 527 1216 nomine
545 1193 650 1216 amen
669 1199 678 1208 ·
707 1180 786 1228 Ego
806 1180 1007 1215 Richardus
1026 1179 1107 1216 Rex
1126 1179 1260 1228 Anglie
1278 1186 1315 1216 et
1333 1181 1482 1217 Francie
1499 1187 1535 1217 et
1553 1182 1717 1218 dominus

227 1237 383 1273 Ybernie
402 1251 525 1273 omnes
540 1238 720 1273 dictorum
735 1250 929 1285 regnorum
944 1243 980 1272 et
994 1237 1233 1273 dominiorum
1250 1238 1526 1287 archiepiscopos
1541 1239 1718 1288 episcopos

226 1300 261 1330 et
275 1295 362 1330 alios
375 1295 600 1343 quoscunque
612 1294 833 1331 ecclesiarum
844 1294 1051 1330 secularium
1062 1295 1120 1330 vel
1133 1295 1351 1342 regularium
1366 1296 1521 1343 prelatos
1532 1296 1716 1344 cujuscun-

226 1365 294 1400 que
321 1353 504 1400 dignitatis
531 1353 662 1400 gradus
692 1352 799 1387 status
826 1353 885 1387 seu
913 1352 1133 1388 condicionis
1162 1352 1331 1388 existant·
1365 1353 1472 1389 duces
1498 1353 1717 1390 marchiones

226 1410 373 1445 comites
392 1415 427 1445 et
445 1410 594 1446 barones
609 1429 617 1438 ·
636 1410 762 1447 milites
780 1409 939 1445 vassallos
958 1415 993 1444 et
1010 1409 1219 1445 valvassores
1234 1428 1242 1438 ·
1262 1415 1297 1445 et
1314 1410 1425 1457 legios
1443 1410 1604 1446 homines
1621 1424 1717 1446 meos

226 1468 451 1514 quoscunque
481 1467 723 1503 ecclesiasticos
748 1467 807 1503 vel
833 1467 1003 1502 seculares
1030 1480 1242 1514 quocunque
1267 1468 1413 1503 nomine
1439 1467 1646 1503 censeantur
1665 1487 1672 1496 ·
1696 1481 1717 1503 a

222 1524 437 1572 juramentis
455 1524 635 1559 fidelitatis
654 1530 690 1560 et
707 1524 862 1571 homagii
882 1529 917 1559 et
930 1523 1006 1558 aliis
1024 1523 1288 1571 quibuscunque
1305 1524 1391 1559 mihi
1408 1524 1511 1559 factis
1530 1544 1538 1552 ·
1557 1524 1600 1559 ab
1619 1525 1715 1559 omni

224 1581 369 1616 vinculo
387 1581 558 1629 legiancie
577 1586 612 1617 et
630 1582 762 1628 regalie
781 1586 816 1616 et
835 1581 983 1615 dominii
1000 1580 1126 1627 quibus
1144 1581 1229 1615 mihi
1244 1581 1389 1628 obligati
1403 1581 1544 1616 fuerant
1560 1581 1618 1617 vel
1636 1581 1715 1617 sunt

224 1638 281 1673 vel
299 1638 567 1685 quomodolibet
585 1638 715 1673 astri<ffi
743 1638 884 1673 absolvo
904 1655 912 1665 ·
940 1643 976 1673 et
1001 1650 1061 1672 eos
1087 1642 1123 1673 et
1149 1650 1273 1673 eorum
1299 1638 1446 1673 heredes
1464 1638 1714 1686 inperpetuum

228 1694 272 1730 ab
294 1695 423 1730 eisdem
442 1695 723 1742 obligacionibus
742 1700 777 1730 et
789 1695 1002 1742 juramentis
1031 1700 1067 1729 et
1092 1694 1168 1729 aliis
1185 1694 1448 1742 quibuscunque
1465 1695 1589 1730 relaxo
1607 1695 1718 1731 libero

224 1758 260 1789 et
289 1752 410 1799 quieto
439 1758 475 1787 et
502 1752 633 1787 liberos
661 1752 792 1787 solutos
815 1757 851 1787 et
872 1752 1010 1799 quietos
1028 1757 1063 1787 et
1081 1752 1256 1787 immunes
1278 1757 1451 1798 quantum
1469 1751 1513 1787 ad
1530 1752 1712 1800 personam

222 1815 413 1845 meammet
431 1809 573 1845 dimitto
592 1809 637 1844 ad
655 1822 798 1845 omnem
812 1809 903 1857 juris
921 1809 1087 1844 affthum
1111 1809 1172 1856 qui
1199 1821 1243 1844 ex
1268 1807 1437 1856 premiffis
1463 1809 1557 1856 sequi
1583 1810 1714 1857 poterit

221 1866 281 1902 seu
299 1866 417 1914 aliquo
436 1867 680 1915 premifl'orum
698 1886 705 1894 ·
727 1866 908 1913 Omnique
926 1866 1023 1913 regie
1045 1866 1209 1913 dignitati
1226 1865 1396 1913 majestati
1422 1871 1458 1901 et
1484 1879 1615 1901 corone
1633 1879 1712 1902 nec-

222 1936 297 1959 non
317 1924 476 1959 dominio
495 1930 531 1959 ct
548 1923 710 1972 potestati
728 1924 907 1959 di&orum
931 1936 1128 1970 regnorum
1147 1928 1183 1958 et
1201 1923 1350 1958 dominii
1368 1942 1377 1951 ·
1396 1923 1528 1970 hiisque
1547 1923 1712 1958 dominiis

222 1985 258 2016 et
281 1979 542 2029 pofl'esfionibus
560 1981 647 2016 meis
665 1981 724 2016 seu
742 1981 828 2016 mihi
850 1980 1118 2028 quomodolibet
1143 1980 1424 2028 competentibus
1451 1980 1712 2027 quibuscunque

222 2050 434 2085 quocunque
452 2039 597 2073 nomine
617 2038 826 2074 censeantur
843 2038 936 2073 infra
952 2050 1064 2084 regna
1081 2042 1117 2072 et
1135 2037 1293 2073 dominia
1310 2037 1473 2085 predidhae.
1489 2037 1547 2073 vel
1565 2037 1710 2072 ubilibet

221 2095 416 2131 constitutis
435 2116 443 2124 ·
469 2096 636 2143 omnique
655 2095 728 2144 juri
754 2101 789 2131 et
814 2095 926 2131 colori
943 2095 1036 2143 juris
1060 2108 1100 2130 ac
1126 2095 1231 2130 titulo
1260 2094 1455 2143 pofl'effioni
1486 2100 1521 2130 et
1553 2094 1712 2129 dominio

221 2164 288 2199 que
314 2166 470 2200 unquam
495 2153 608 2188 habeo
633 2152 739 2188 habui
764 2152 822 2189 vel
848 2152 977 2188 habere
1003 2157 1129 2200 potero
1157 2151 1426 2199 quomodolibet
1449 2152 1486 2187 in
1509 2152 1635 2187 eisdem
1653 2150 1713 2185 seu
