2066 2780
271 1475 316 1506 25

343 175 388 208 18
734 169 1048 208 REGISTRUM
1073 169 1434 206 MORAVIENSE.

341 269 407 318 pijs
432 270 524 305 votis
550 275 586 306 et
612 269 764 306 honestis
794 270 992 318 petentium
1018 268 1180 316 precibus
1205 267 1363 301 savorem
1392 264 1598 300 benivolum
1625 265 1799 314 impertiri
1824 286 1832 294 ·

343 327 434 362 Sane
452 325 538 363 ficut
556 341 599 363 ex
617 333 717 375 parte
734 332 797 362 tua
813 327 880 362 fuit
898 324 1114 374 propositum
1132 337 1251 359 coram
1266 323 1367 358 nobis
1380 342 1388 350 ·
1406 321 1565 368 Regibus
1580 322 1784 359 Scottorum
1798 324 1836 359 in

343 382 492 420 ecclesiis
509 385 553 420 de
573 385 679 432 Elgin
700 383 772 432 [et]
794 384 837 419 de
856 383 950 418 Dich
963 382 1023 430 jus
1042 381 1251 416 habentibus
1268 384 1477 427 patronatus
1496 379 1734 415 moravienses
1752 381 1836 429 epis-

343 442 422 489 copi
445 442 579 478 necess'e
606 442 781 477 habebant
807 441 843 475 in
870 441 919 475 eis
944 439 1091 474 clericos
1117 437 1297 472 instituere
1323 436 1450 483 quibus
1473 435 1611 471 easdem
1635 437 1753 485 Reges
1775 437 1836 486 ipfi

343 511 409 547 pro
436 499 497 534 suo
525 499 745 547 beneplacito
772 496 1001 533 conferebant
1029 514 1037 523 ·
1066 494 1172 530 Unde
1199 494 1320 529 inclite
1346 493 1604 528 recordationis
1628 494 1710 530 Rex'
1738 495 1837 531 Scot-

343 561 461 591 torum
477 556 534 604 pia
548 561 583 592 et
596 556 743 604 provida
755 555 884 590 d116tus
898 553 1096 588 intentione
1108 578 1116 587 .
1130 564 1210 586 cum
1225 551 1438 598 episcopium
1454 555 1557 586 tuum
1571 551 1708 599 ingenti
1722 553 1837 607 neces-

343 611 449 648 sitatis
475 613 701 648 incommodo
728 612 864 647 laboret
894 630 903 638 ·
928 610 989 658 jus
1014 609 1110 656 quod
1139 608 1288 643 habebat
1314 608 1351 642 in
1377 608 1548 656 predififis
1574 608 1724 645 ecclesiis
1746 612 1837 646 *con-

344 668 439 706 cessit
459 670 572 706 eidem
593 690 601 698 ·
621 670 744 705 volens
768 674 803 704 et
829 668 981 703 statuens
1006 671 1047 702 ut
1073 666 1195 701 eedem
1224 664 1364 700 ecclefie
1385 665 1422 700 in
1440 665 1630 701 utilitatem
1649 668 1837 703 memorati

345 727 506 775 episcopij
527 732 781 762 convertantur
806 745 814 753 ·
843 725 920 760 Nos
938 729 1055 759 autem
1079 723 1289 758 inclinantes
1312 722 1383 758 tuis
1403 722 1716 771 supplicationibus
1734 738 1837 761 aures

345 784 477 819 nostras
505 804 512 811 ·
540 785 636 831 quod
661 798 682 819 a
708 783 869 831 predicto
902 782 1003 829 Rege
1034 781 1136 828 super
1166 781 1234 815 hoc
1264 780 1321 828 pie
1353 780 1502 828 provide
1533 793 1573 816 ac
1603 781 1741 818 utiliter
1767 782 1837 818 sac-

345 847 420 876 tum
448 841 495 876 est
520 847 661 889 gratum
688 841 855 876 habentes
879 859 887 867 ·
908 840 944 874 id
970 838 1183 873 auetoritate
1210 837 1399 885 apostolica
1424 838 1676 882 confirmamus
1702 845 1738 875 et
1759 853 1837 888 pre-

344 899 448 934 sentis
466 899 580 946 scripti
598 898 795 947 patrocinio
814 896 1074 932 communimus
1102 915 1110 923 ·
1136 895 1238 931 Nulli
1257 908 1343 942 ergo
1362 895 1510 930 omnino
1528 895 1715 932 hominum
1733 897 1838 933 liceat

345 956 435 991 hanc
457 957 620 1004 paginam
644 955 759 990 nostre
786 953 1064 990 confirmationis
1090 952 1284 1000 infringere
1307 952 1366 988 vel
1389 953 1420 988 ei
1444 953 1529 988 ausu
1546 955 1736 990 temerario
1754 967 1838 991 con-

344 1013 451 1048 traire
476 1033 483 1040 ·
512 1014 547 1049 Si
566 1013 642 1060 quis
659 1019 777 1048 autem
796 1012 862 1047 hoc
880 1016 1091 1058 attemptare
1109 1010 1357 1058 presumpserit
1375 1010 1658 1058 indignationem
1677 1012 1838 1060 omnipo-

344 1071 450 1106 tentis
469 1071 539 1106 Dei
564 1076 598 1106 et
622 1071 806 1105 beatorum
826 1069 922 1104 Petri
944 1073 979 1104 et
999 1067 1099 1103 Pauli
1125 1067 1366 1115 apostolorum
1393 1067 1468 1116 ejus
1495 1068 1527 1103 se
1553 1069 1694 1104 noverit
1720 1069 1838 1105 incur-

344 1129 461 1163 surum
494 1147 502 1155 ·
540 1128 675 1163 Datum
700 1126 849 1174 Viterbij
880 1127 951 1161 ·iiii·
979 1125 1057 1161 idus
1086 1125 1269 1173 Februarij
1308 1145 1316 1153 ·
1352 1125 1580 1173 pontificatus
1606 1126 1714 1162 nostri
1741 1140 1837 1163 anno

345 1190 470 1233 quarto
490 1204 498 1212 ·

344 1356 451 1391 Carta
471 1355 579 1403 Regis
599 1354 694 1390 Alex
713 1373 720 1382 ·
742 1353 793 1389 II·
813 1354 857 1389 de
875 1358 971 1389 terra
988 1354 1032 1390 de
1053 1354 1288 1392 Kethmalruf
1302 1374 1310 1383 ·

345 1470 550 1505 Alexander
579 1469 651 1505 Dei
674 1469 788 1517 gratia
813 1469 893 1504 Rex
922 1469 1128 1504 Scottorum
1156 1469 1320 1505 omnibus
1348 1470 1468 1518 probis
1495 1470 1699 1506 hominibus
1722 1472 1836 1508 tocius

345 1533 438 1563 terre
456 1528 514 1562 sue
533 1527 667 1562 clericis
685 1532 720 1562 et
734 1526 830 1561 laicis
848 1526 995 1562 salutem
1023 1546 1031 1554 ·
1057 1527 1177 1562 Sciant
1195 1527 1373 1575 presentes
1391 1533 1427 1563 et
1444 1528 1556 1563 futuri
1574 1541 1630 1563 me
1650 1529 1779 1564 dediffe
1802 1534 1838 1565 et

345 1583 539 1620 concelliss'e
567 1589 602 1619 et
632 1584 698 1619 hac
726 1589 822 1619 carta
849 1597 927 1619 mea
958 1584 1178 1620 confirmasse
1207 1584 1328 1620 Bricio
1355 1585 1517 1632 episcopo
1541 1586 1704 1621 ffloravie
1748 1605 1756 1614 ·
1800 1586 1838 1621 in

346 1641 553 1677 escambium
582 1641 675 1676 illius
702 1646 795 1676 terre
827 1642 921 1688 apud
950 1641 1174 1677 Inuernaren
1204 1655 1309 1689 quam
1338 1642 1519 1677 Dominus
1546 1655 1610 1678 rex
1636 1642 1837 1679 VVillelmus

346 1704 446 1747 pater
467 1711 565 1733 meus
588 1698 680 1745 cepit
704 1698 747 1733 de
773 1698 944 1746 Episcopo
963 1698 1175 1735 moraviensi
1193 1699 1238 1734 ad
1256 1699 1471 1734 firmandum
1489 1699 1527 1734 in
1545 1712 1586 1735 ea
1603 1699 1782 1735 castellum
1801 1706 1837 1736 et

346 1756 499 1802 burgum
519 1756 561 1790 de
579 1755 800 1790 Inuernaren
819 1774 827 1782 ·
846 1756 1022 1790 redditum
1039 1762 1074 1791 et
1093 1757 1272 1792 servitium
1291 1769 1360 1804 que
1379 1769 1445 1804 ego
1465 1761 1500 1792 et
1517 1757 1748 1793 anteceffores
1767 1758 1836 1793 mei

347 1813 527 1860 percipere
552 1812 745 1847 solebamus
763 1812 806 1847 de
824 1817 919 1847 terra
937 1813 996 1848 illa
1016 1814 1053 1848 in
1074 1813 1306 1849 Kethmalruf
1320 1833 1329 1841 ·
1352 1827 1421 1861 que
1444 1819 1540 1849 terra
1566 1814 1652 1848 mihi
1679 1819 1715 1849 et
1740 1820 1837 1850 ante-

348 1870 535 1905 cefl'oribus
552 1870 638 1905 meis
656 1875 691 1905 et
710 1869 887 1917 Episcopis
906 1871 1066 1906 (Doravie
1084 1871 1264 1906 redditum
1286 1871 1437 1907 reddere
1458 1876 1494 1906 et
1517 1871 1697 1906 servitium
1720 1871 1836 1907 facere

348 1927 529 1962 consuevit
541 1946 548 1954 ·
565 1926 739 1962 Tenenda
756 1925 814 1961 fibi
833 1932 868 1962 et
885 1928 1050 1976 episcopis
1068 1927 1126 1963 fibi
1145 1929 1345 1964 successuris
1363 1929 1401 1963 in
1418 1928 1565 1964 liberam
1579 1933 1615 1964 et
1628 1934 1835 1976 perpetuam

349 1983 571 2019 elemosinam
596 2003 605 2011 ·
629 1984 677 2018 ita
702 1983 810 2019 libere
833 1989 868 2019 et
889 1985 1006 2032 quiete
1028 1991 1063 2020 et
1084 1986 1279 2021 honorifice
1307 1984 1393 2021 ficut
1419 1985 1504 2021 alias
1530 1984 1735 2021 elemofinas
1758 1986 1835 2021 suas

348 2040 492 2076 liberius
510 2047 545 2076 et
563 2041 714 2088 quietius
732 2046 855 2076 tenent
884 2061 892 2069 ·
921 2042 1083 2077 Testibus
1102 2043 1282 2078 Willelmo
1302 2043 1346 2078 de
1366 2043 1476 2078 Bosco
1495 2042 1707 2078 cancellario
1725 2055 1806 2078 meo
1825 2063 1833 2071 ·

349 2098 490 2134 Comite
510 2098 705 2133 Malcolmo
724 2098 767 2133 de
788 2098 858 2146 Fyf
880 2118 888 2126 ·
917 2098 1095 2134 Willelmo
1111 2100 1255 2148 Cumyn
1272 2100 1402 2136 comite
1420 2100 1465 2135 de
1481 2099 1629 2135 Buchan
1640 2099 1835 2147 justiciario

349 2155 466 2191 Scotie
497 2174 505 2183 ·
538 2155 658 2190 Alano
676 2155 749 2190 filio
770 2156 939 2190 Rollandi
958 2156 1212 2192 constabulario
1230 2170 1310 2193 meo
1342 2176 1351 2185 ·
1381 2157 1541 2192 Waltero
1560 2156 1603 2191 de
1622 2155 1807 2205 Lyndesey
1825 2176 1834 2185 ·

350 2212 559 2248 Alexandro
576 2213 785 2249 vicecomite
803 2213 847 2248 de
866 2213 1046 2261 Striuelyn
1073 2233 1081 2242 ·
1109 2214 1221 2262 Apud
1239 2214 1438 2263 Edynburg
1455 2227 1549 2250 ·xxx·
1568 2213 1625 2249 die
1642 2213 1728 2261 Julij
1749 2232 1757 2242 ·
