2066 2780
568 133 883 172 REGISTRUM
912 134 1273 173 MORAVIENSE.
1616 145 1663 176 55

176 292 236 328 De
253 291 368 328 officio
387 290 527 326 Decani
542 309 550 317 ·

175 405 313 441 Decani
339 404 483 452 quidem
510 404 666 440 officium
693 403 741 439 est
760 409 802 439 ut
826 403 990 439 omnibus
1007 403 1187 439 canonicis
1205 409 1241 439 et
1258 404 1396 440 vicariis
1414 406 1451 440 in
1468 407 1665 444 animarum

173 462 347 509 regimine
362 475 443 497 cum
457 474 599 497 morum
614 461 839 497 corre<ffione
854 466 889 496 et
897 460 1146 508 jurisdictione
1160 461 1379 509 preemineat
1393 481 1401 490 ·
1417 463 1534 498 causas
1546 477 1667 501 omnes

173 519 218 555 ad
236 519 431 567 capitulum
460 519 658 567 spefihmtes
683 519 807 554 audire
829 523 864 553 et
883 517 1021 566 judicio
1040 518 1185 566 capituli
1202 519 1395 555 terminare
1424 539 1432 547 ·
1460 525 1496 555 et
1518 522 1669 568 appellae

172 577 288 612 tiones
305 589 326 611 a
343 576 523 612 canonicis
541 576 586 611 ad
604 576 716 624 ipsum
734 576 845 611 fafitas
863 576 901 610 in
919 575 1075 623 capitulo
1093 575 1217 611 audire
1230 595 1238 603 ·
1251 581 1287 611 et
1301 589 1426 611 eorum
1444 577 1561 612 causas
1579 583 1669 615 trac-

173 639 248 669 tare
271 653 279 661 ·
301 625 455 669 excefl'us
473 647 615 681 quoque
634 633 889 669 canonicorum
913 651 922 660 ·
948 633 1164 668 vicariorum
1184 638 1220 668 et
1238 633 1449 669 clericorum
1469 635 1647 683 corrigere
1660 656 1668 663 ·

173 696 208 726 et
226 691 511 738 delinquentium
536 691 703 739 personas
722 690 829 739 juxta
855 690 978 725 deliffi
1004 690 1240 737 quantitatem
1266 696 1302 725 et
1327 690 1533 738 qualitatem
1557 693 1670 740 perso-

172 761 298 783 narum
318 748 427 795 digna
443 747 747 784 animadversione
765 748 893 796 punire
915 767 923 775 ·
944 747 1134 782 canonicos
1152 747 1279 794 quibus
1297 748 1463 783 dominus
1478 749 1671 798 Episcopus

171 805 368 853 prebendas
393 806 587 841 contulerit
613 805 802 841 admittere
830 824 838 833 ·
867 811 902 840 et
925 803 949 839 fi
972 804 1113 853 presens
1131 804 1180 840 est
1197 804 1372 840 installare
1399 824 1407 833 ·
1435 804 1459 840 fi
1477 812 1594 842 autem
1614 807 1671 842 ab·

171 863 247 898 sens
274 863 491 899 subdecanus
518 862 543 898 fi
570 863 711 911 presens
739 862 848 898 fuerit
875 862 932 898 vel
963 862 991 897 is
1019 862 1076 897 cui
1105 862 1259 897 decanus
1287 863 1355 898 hoc
1383 863 1605 899 mandaverit
1636 865 1671 899 id

172 920 373 967 exsequitur
394 921 455 956 sub
475 921 541 956 hac
558 921 673 956 forma
701 939 710 948 ·
744 920 929 956 Canonico
948 919 1157 955 installando
1176 919 1321 955 admiffo
1340 925 1376 955 et
1395 921 1544 968 receptis
1562 921 1673 956 literis

173 978 336 1026 Episcopi
356 979 400 1014 de
417 978 515 1014 stallo
534 979 571 1013 in
590 979 700 1014 choro
719 984 755 1013 et
774 978 853 1013 loco
872 978 909 1012 in
927 977 1083 1025 capitulo
1107 977 1139 1012 ei
1160 976 1372 1024 assignandis
1396 978 1514 1013 tradet
1541 978 1572 1013 ei
1598 979 1673 1026 pos-

172 1034 353 1070 sessionem
370 1048 434 1084 per
451 1041 589 1071 textum
613 1035 789 1083 evangelii
812 1055 820 1063 ·
843 1035 1023 1071 canonicis
1039 1034 1266 1082 psallentibus
1285 1035 1385 1070 Ecce
1405 1048 1516 1082 quam
1536 1036 1673 1072 bonum

173 1097 228 1127 etc
256 1111 264 1120 ·
292 1098 328 1128 et
349 1093 492 1128 interim
514 1094 600 1129 dum
624 1093 783 1141 psallitur
800 1093 952 1141 psalmus
970 1092 1030 1128 ille
1049 1092 1263 1128 osculabitur
1282 1092 1472 1128 Decanum
1490 1092 1514 1128 fi
1532 1094 1673 1141 presens

173 1148 213 1184 fit
239 1150 296 1185 vel
322 1150 434 1197 ipsum
460 1151 521 1198 qui
547 1151 641 1186 vices
668 1150 743 1199 ejus
769 1151 862 1197 gerit
889 1170 897 1177 -
927 1150 1056 1185 deinde
1079 1155 1216 1185 ceteros
1239 1150 1433 1185 secundum
1462 1150 1563 1186 suum
1582 1152 1675 1187 ordi-

173 1219 254 1241 nem
276 1226 284 1234 ·
304 1207 406 1242 finito
425 1214 545 1243 autem
563 1207 696 1255 psalmo
715 1221 796 1243 cum
818 1207 952 1242 Gloria
969 1207 1087 1243 Patri
1104 1226 1112 1234 ·
1140 1213 1175 1242 et
1193 1207 1422 1254 subsequente
1442 1207 1569 1255 Kyrie
1592 1209 1674 1244 elei-

174 1276 243 1299 son
270 1264 418 1300 Christe
436 1265 573 1300 eleison
601 1284 609 1292 ·
637 1270 672 1300 et
691 1265 812 1300 Pater
830 1269 958 1300 noster
976 1283 984 1292 ·
1011 1264 1151 1299 dicatur
1167 1264 1225 1299 Et
1242 1276 1290 1299 ne
1309 1276 1378 1300 nos
1401 1283 1409 1292 ·
1433 1265 1590 1300 Salvum
1600 1267 1675 1313 sac

168 1321 354 1368 populum
369 1327 475 1357 tuum
488 1328 543 1357 etc
558 1341 567 1350 ·
600 1322 768 1358 Preterea
781 1321 901 1356 nullus
915 1321 1127 1356 clericorum
1143 1321 1186 1356 de
1200 1321 1315 1368 prima
1326 1321 1383 1357 vel
1394 1321 1547 1357 secunda
1560 1323 1675 1359 forma

171 1379 210 1413 in
228 1379 339 1414 choro
358 1379 559 1415 admittitur
577 1378 639 1414 nifi
657 1379 871 1415 auetoritate
890 1379 1015 1414 decani
1034 1397 1042 1406 ·
1074 1378 1166 1413 Item
1185 1378 1223 1413 in
1241 1378 1435 1426 majoribus
1451 1378 1543 1414 festis
1562 1380 1675 1428 dupli-

174 1435 273 1471 cibus
295 1436 425 1472 scilicet
443 1437 640 1472 Nativitate
666 1456 674 1464 ·
703 1436 914 1484 Epyphania
943 1455 951 1463 ·
982 1435 1235 1471 Purificatione
1253 1435 1356 1471 beate
1375 1436 1536 1483 Virginis
1556 1457 1564 1465 ·
1583 1443 1619 1473 et
1637 1439 1675 1474 in

176 1494 290 1542 capite
308 1494 443 1543 Jejunii
462 1514 470 1522 ·
490 1495 527 1529 in
546 1495 740 1530 Dominica
758 1494 956 1542 palmarum
976 1512 984 1521 ·
1004 1498 1040 1529 et
1059 1493 1171 1528 tribus
1189 1492 1312 1528 diebus
1330 1498 1413 1529 ante
1433 1493 1563 1529 Pascha
1582 1514 1590 1522 ·
1617 1496 1674 1531 die

178 1551 307 1587 Pasche
320 1571 328 1579 ·
342 1552 398 1587 die
412 1551 633 1587 Aseenfionis
646 1571 654 1580 ·
668 1552 705 1587 in
723 1551 843 1599 vigilia
859 1550 1081 1586 Pentecostes
1100 1570 1108 1578 ·
1128 1550 1185 1585 die
1204 1550 1427 1585 Pentecostes
1444 1570 1452 1578 ·
1472 1551 1529 1586 die
1544 1551 1675 1588 Sancte

176 1608 365 1644 Trinitatis
384 1628 392 1636 ·
413 1609 469 1644 die
488 1609 683 1644 nativitatis
702 1609 824 1644 Sanc'ti
842 1608 1016 1645 Johannis
1035 1607 1189 1655 Baptiste
1209 1627 1217 1635 ·
1242 1607 1299 1642 die
1316 1607 1557 1655 apostolorum
1577 1609 1675 1645 Petri

175 1670 211 1701 et
229 1665 332 1700 Pauli
355 1665 380 1701 fi
404 1666 441 1701 in
461 1665 547 1701 festo
567 1666 689 1702 Samffi
707 1666 882 1702 Johannis
901 1664 1054 1713 Baptiste
1078 1677 1152 1699 non
1180 1664 1412 1700 celebraverit
1440 1685 1448 1693 ·
1485 1665 1570 1702 festo
1595 1667 1676 1702 reli-

175 1723 339 1770 quiarum
359 1722 500 1759 ecclefie
520 1742 528 1750 ·
549 1723 672 1758 diebus
685 1722 989 1758 Annunciationis
1003 1741 1011 1749 ·
1028 1721 1287 1769 Afl'umptionis
1301 1727 1337 1757 et
1348 1722 1555 1758 Nativitatis
1572 1723 1674 1760 beate

109 1777 111 1779 ¹
174 1780 335 1827 Virginis
355 1799 363 1808 ·
382 1780 467 1816 festo
480 1780 654 1816 Omnium
669 1781 884 1816 Sanctorum
903 1799 911 1807 ·
934 1785 969 1815 et
987 1779 1044 1814 die
1063 1779 1185 1815 Samffi
1205 1778 1375 1826 Hugonis
1394 1799 1402 1807 ·
1423 1779 1597 1828 Episcopo
1616 1781 1675 1817 ab·

173 1837 269 1873 sente
298 1837 460 1873 divinum
488 1843 632 1873 tenetur
656 1838 782 1885 exequi
806 1837 962 1873 officium
992 1856 1000 1864 ·
1037 1836 1187 1872 Decano
1215 1849 1302 1872 vero
1324 1836 1465 1873 absente
1492 1837 1674 1874 sublimior

173 1895 323 1942 persona
350 1894 491 1931 ecclefie
519 1895 595 1943 post
621 1896 796 1931 decanum
823 1895 860 1929 in
891 1894 996 1930 dictis
1026 1893 1149 1929 diebus
1179 1894 1340 1929 divinum
1372 1900 1567 1942 exequatur
1599 1896 1675 1932 offi-

173 1952 268 1987 cium
297 1971 305 1980 ·
335 1951 398 1988 nifi
423 1953 493 1988 tale
520 1952 643 1988 festum
670 1953 708 1987 in
734 1952 931 1988 ebdomada
957 1964 1027 1999 qua
1052 1951 1170 1998 aliqua
1193 1951 1341 1999 persona
1359 1950 1500 1988 ecclefie
1519 1953 1673 1990 celebrat

173 2009 364 2056 contigerit
393 2029 402 2037 ·
431 2023 503 2057 quo
531 2010 611 2046 casu
638 2010 733 2045 idem
760 2009 1031 2045 ebdomadarius
1057 2009 1095 2044 in
1118 2009 1245 2044 eodem
1263 2008 1348 2044 festo
1366 2009 1559 2045 celebrabit
1588 2030 1596 2038 ·
1627 2011 1672 2047 In

173 2066 367 2114 majoribus
384 2080 472 2103 vero
491 2067 690 2116 duplicibus
708 2066 800 2103 festis
818 2065 958 2102 ecclefie
976 2066 1123 2114 persone
1141 2064 1324 2102 succeflive
1339 2066 1499 2102 divinum
1515 2067 1670 2103 officium

173 2123 420 2172 adimplebunt
443 2144 452 2152 ·
484 2124 567 2160 Hoc
585 2125 691 2160 etiam
710 2124 891 2160 sciendum
909 2123 958 2160 est
974 2123 1072 2172 quod
1091 2123 1128 2158 in
1153 2123 1317 2159 omnibus
1338 2124 1590 2172 principalibus
1608 2125 1672 2160 du-

173 2180 321 2228 plicibus
346 2181 439 2217 festis
466 2187 502 2218 et
528 2182 565 2217 in
590 2182 667 2218 aliis
693 2181 717 2218 fi
739 2181 815 2217 fieri
833 2180 946 2230 potest
964 2181 1095 2217 debent
1113 2181 1275 2216 canonici
1294 2181 1360 2217 effe
1378 2180 1522 2218 ministri
1543 2181 1671 2229 princi-

173 2237 269 2285 pales
304 2258 313 2266 ·
352 2238 414 2275 Ad
432 2240 606 2275 decanum
627 2253 713 2276 vero
731 2239 890 2288 pertinet
914 2238 940 2275 fi
963 2238 1159 2287 Episcopus
1186 2238 1234 2274 est
1259 2238 1380 2274 absens
1406 2238 1523 2274 dicere
1554 2238 1671 2285 Confi-
