1912 2660
259 163 330 196 308
653 160 781 196 REGI
787 160 969 196 STRUM
998 159 1362 196 MORAVIENSE.

259 265 295 295 et
313 260 536 309 pertinentijs
557 260 625 296 suis
650 260 918 308 quibuscunque
946 259 1044 294 ἀίἇὶο
1071 258 1219 294 domino
1246 257 1328 292 Ade
1355 262 1391 292 et
1417 257 1667 293 succefforibus
1693 257 1760 293 suis

258 318 448 366 capellanis
467 318 502 353 in
522 324 735 367 perpetuum
755 318 799 353 de
817 330 874 352 me
893 323 929 352 et
955 316 1144 351 heredibus
1168 315 1256 349 meis
1280 313 1390 349 libere
1416 315 1535 361 quiete
1558 315 1649 351 bene
1671 321 1707 351 et
1727 316 1762 351 in

258 389 344 424 pace
363 395 371 404 ·
401 376 501 418 Quas
525 389 611 412 vero
639 376 727 411 duas
753 375 942 423 perticatas
968 379 1063 408 terre
1088 385 1169 407 cum
1194 371 1342 420 edificijs
1368 377 1449 407 orto
1476 378 1511 408 et
1537 373 1762 422 pertinentijs

257 433 324 469 suis
342 439 382 469 ut
400 434 631 482 prescriptum
652 433 700 469 est
718 445 785 480 ego
805 437 840 467 et
858 431 1007 466 heredes
1026 429 1095 465 mei
1114 429 1252 477 prefato
1267 429 1415 464 domino
1437 429 1520 466 Ade
1538 437 1574 466 et
1597 431 1762 467 successo-

256 491 352 527 ribus
364 491 431 527 suis
443 492 633 540 capellanis
647 496 773 526 contra
787 501 911 524 omnes
926 487 1094 523 mortales
1110 486 1429 522 warandizabimus
1446 493 1482 523 et
1496 488 1532 523 in
1547 495 1759 537 perpetuum

256 549 487 585 defendemus
502 569 510 577 ·
531 549 578 584 Et
596 547 620 583 fi
638 548 823 594 contingat
841 559 897 581 me
915 545 972 580 vel
992 544 1140 580 heredes
1158 557 1256 579 meos
1269 563 1277 571 ·
1292 545 1388 591 quod
1403 544 1488 581 absit
1502 565 1511 573 ·
1530 546 1566 580 in
1586 546 1760 582 solutione

255 607 351 642 diEte
366 606 515 655 pecunie
530 606 621 641 infra
639 604 766 652 viginti
785 604 858 639 dies
876 602 952 649 post
969 602 1103 650 lapsum
1122 601 1272 650 alicujus
1286 602 1524 638 terminorum
1542 604 1760 652 supradicto-

255 678 334 700 rum
350 664 501 700 deficere
513 664 569 699 vel
584 664 627 699 ab
638 663 757 710 aliquo
770 661 1016 710 predictorum
1029 660 1066 694 in
1080 672 1275 707 gravamen
1287 660 1440 708 predizffi
1455 661 1592 696 domini
1608 662 1690 698 Ade
1701 663 1758 698 vel

254 722 484 758 successorum
505 722 646 757 suorum
666 718 936 768 quomodolibet
950 716 1081 753 refilire
1096 737 1104 745 ·
1124 717 1217 753 dabo
1232 728 1268 753 et
1283 718 1420 754 dabunt
1436 732 1503 767 pro
1517 720 1673 768 qualibet
1687 721 1758 769 sep-

254 781 387 816 timana
402 781 437 815 in
453 793 521 827 qua
536 779 711 815 cessavero
726 777 782 813 vel
797 776 1005 812 cessaverint
1020 789 1041 811 a
1054 775 1230 811 solutione
1245 776 1341 812 ὀίἃθ
1355 777 1506 824 pecunie
1521 777 1611 813 duos
1628 778 1757 814 solidos

254 837 502 886 sterlingorum
522 837 668 872 nomine
682 848 772 884 pene
788 835 832 869 ad
845 833 1036 868 luminaria
1048 833 1177 869 Sancte
1190 833 1317 870 Crucis
1331 834 1542 870 cathedralis
1557 835 1697 872 ecelefie
1713 837 1756 872 de

255 896 372 944 Elgyn
391 895 653 931 convertendos
673 913 680 921 ·
711 893 789 940 Ego
808 905 895 927 vero
913 891 1098 928 Johannes
1118 891 1202 927 Scot
1226 892 1427 927 antedictus
1452 898 1487 928 et
1511 893 1659 929 heredes
1687 896 1755 930 mei

253 953 388 1002 speciali
409 953 596 988 affefifione
616 951 715 987 duffi
735 950 826 985 dabo
854 956 889 985 et
915 949 1054 985 dabunt
1079 948 1223 997 singulis
1249 950 1352 985 annis
1379 950 1478 985 ἀίἇὶο
1506 950 1653 986 (10ῐηίηο
1673 952 1755 987 Ade

252 1025 316 1059 pro
336 1017 413 1046 toto
433 1018 593 1058 tempore
612 1010 683 1044 vite
702 1009 761 1044 sue
780 1014 921 1043 tantum
940 1021 1049 1043 unam
1075 1007 1199 1043 robam
1228 1013 1492 1056 competentem
1512 1014 1548 1044 et
1572 1009 1751 1045 honestam

251 1083 332 1104 cum
352 1069 494 1104 furrura
511 1068 555 1103 ad
574 1067 697 1103 festum
719 1066 838 1102 Sancti
860 1065 1010 1101 Andree
1029 1066 1065 1100 in
1085 1066 1214 1114 hyeme
1233 1079 1295 1114 per
1315 1066 1431 1114 ipsum
1458 1067 1722 1115 percipiendam
1744 1088 1751 1096 ·

251 1125 411 1162 Concessi
431 1126 536 1161 etiam
556 1139 621 1174 pro
640 1138 697 1160 me
717 1130 752 1160 et
770 1124 961 1160 heredibus
980 1124 1067 1159 meis
1086 1124 1201 1159 eidem
1221 1124 1369 1159 domino
1391 1124 1473 1160 Ade
1500 1138 1564 1173 pro
1590 1131 1751 1175 tempore

248 1185 320 1219 vite
347 1184 405 1219 sue
435 1189 573 1218 tantum
606 1196 716 1218 unam
743 1195 862 1218 acram
890 1188 984 1218 terre
1014 1195 1092 1218 mee
1114 1182 1295 1231 jacentem
1324 1182 1361 1217 in
1389 1182 1422 1218 le
1458 1183 1633 1231 Shypflat
1660 1185 1753 1220 inter

248 1248 379 1277 terram
399 1241 569 1276 Willelmi
589 1241 676 1276 dieti
696 1240 864 1276 XValkere
891 1240 936 1275 ad
954 1239 1110 1275 austrum
1130 1253 1174 1275 ex
1191 1246 1292 1288 parte
1319 1253 1392 1275 una
1419 1246 1454 1276 et
1477 1246 1611 1276 terram
1636 1255 1750 1278 meam

247 1300 425 1348 propriam
446 1313 488 1334 ex
509 1305 609 1348 parte
627 1299 740 1335 altera
757 1299 794 1334 in
812 1298 1002 1334 latitudine
1022 1318 1030 1326 ·
1050 1299 1087 1333 in
1107 1298 1334 1346 longitudine
1353 1311 1440 1333 vero
1459 1299 1553 1335 inter
1571 1300 1663 1335 viam
1683 1314 1750 1348 que

247 1358 376 1393 dicitur
399 1357 638 1405 Scalzvathgat
660 1362 695 1392 et
718 1370 846 1404 aquam
876 1356 920 1392 de
944 1356 1021 1405 Nys
1040 1376 1048 1384 ·
1078 1356 1126 1392 Et
1152 1356 1197 1391 ad
1222 1356 1385 1404 premiffa
1411 1357 1532 1393 omnia
1559 1363 1594 1393 et
1615 1357 1751 1406 singula

246 1415 399 1451 fideliter
418 1415 637 1451 observanda
655 1415 776 1462 obligo
795 1428 852 1450 me
871 1420 907 1450 et
928 1415 1078 1450 heredes
1102 1428 1200 1450 meos
1227 1427 1268 1450 ac
1295 1427 1420 1451 omnes
1442 1421 1556 1451 terras
1574 1421 1609 1452 et
1627 1417 1748 1465 pofl'es-

246 1473 357 1509 siones
369 1487 454 1520 quas
468 1473 558 1508 infra
571 1473 726 1521 burgum
740 1473 783 1508 de
794 1473 972 1521 Inuernys
987 1478 1023 1508 et
1037 1478 1138 1508 extra
1151 1472 1323 1508 habemus
1337 1473 1394 1509 vel
1409 1474 1538 1510 habere
1552 1475 1748 1523 poterimus

246 1532 282 1566 in
296 1531 455 1566 futurum
471 1551 478 1558 ·
500 1531 547 1566 Et
565 1529 589 1566 fi
603 1531 812 1579 contingat.
832 1531 929 1578 quod
947 1530 1032 1566 abfit
1047 1550 1055 1559 ·
1076 1544 1133 1566 me
1148 1531 1205 1566 vel
1220 1530 1374 1578 aliquem
1394 1532 1565 1567 heredum
1586 1546 1746 1569 meorum

246 1595 371 1624 contra
390 1589 549 1636 premiss'a
566 1589 623 1624 vel
645 1589 764 1636 aliqua
786 1589 1033 1637 premissorum
1053 1589 1176 1624 venire
1203 1595 1266 1624 aut
1293 1590 1539 1626 contradicere
1566 1591 1602 1626 in
1629 1591 1747 1639 aliquo

245 1647 405 1681 dabimus
424 1648 568 1682 nomine
591 1661 681 1695 pene
706 1648 836 1683 fabrice
860 1646 1001 1683 ecclesie
1028 1647 1240 1683 cathedralis
1267 1647 1311 1683 de
1332 1648 1471 1696 Elgyne
1492 1653 1576 1684 ante
1603 1663 1745 1685 omnem

243 1704 314 1739 litis
328 1705 517 1751 ingressum
530 1711 674 1740 centum
688 1705 794 1741 libras
806 1705 1056 1753 sterlingorum
1071 1725 1079 1733 ·
1094 1705 1256 1753 presente
1268 1706 1520 1741 nichilominus
1528 1706 1746 1754 obligatione

245 1763 279 1797 in
295 1762 355 1797 suo
371 1762 499 1797 robore
514 1763 767 1810 perpetualiter
782 1764 954 1799 duratura
969 1783 977 1791 ·
998 1763 1046 1798 Et
1059 1763 1247 1799 subicimus
1261 1763 1579 1811 nosjurisdiffioni
1592 1764 1745 1814 episcopi

244 1818 474 1856 moraviensis
498 1825 533 1855 et
560 1820 719 1855 officialis
743 1821 792 1856 sui
811 1821 868 1868 qui
884 1835 949 1870 pro
961 1827 1123 1869 tempore
1142 1821 1276 1857 fuerint
1294 1827 1335 1857 ut
1353 1821 1457 1857 liceat
1475 1822 1525 1857 eis
1543 1822 1600 1857 vel
1619 1836 1745 1859 eorum

242 1878 343 1913 alteri
364 1891 428 1913 nos
451 1878 495 1912 ad
515 1878 793 1914 observationem
823 1880 982 1914 omnium
1012 1880 1256 1928 premissorum
1284 1893 1347 1928 per
1366 1880 1608 1916 omnimodam
1626 1882 1745 1917 censu-

242 1949 317 1971 ram
336 1934 596 1971 ecclefiasticam
623 1936 812 1972 districtius
838 1938 1029 1973 cohercere
1045 1957 1052 1965 ·
1075 1938 1118 1973 ln
1145 1951 1298 1985 quorum
1318 1938 1477 1974 omnium
1504 1938 1742 1975 testimonium

243 1992 392 2040 sigillum
412 2006 530 2028 meum
552 1994 769 2041 presentibus
788 1995 836 2030 est
854 1996 1046 2043 appensum
1076 2002 1111 2031 et
1137 1996 1182 2031 ad
1209 1996 1432 2031 securitatem
1460 1996 1630 2045 majorem
1655 1996 1743 2046 figil-

244 2052 315 2086 lum
336 2052 546 2086 venerabilis
571 2052 606 2086 in
627 2052 766 2087 Christo
794 2054 902 2100 patris
926 2054 1060 2089 domini
1080 2054 1256 2091 Johannis
1275 2054 1347 2089 Dei
1371 2054 1488 2101 gratia
1511 2055 1741 2091 moraviensis

246 2109 404 2157 Episcopi
431 2122 504 2145 una
531 2123 611 2144 cum
643 2109 754 2157 sigillo
787 2111 924 2146 discreti
954 2112 1019 2146 viri
1051 2112 1208 2160 magistri
1234 2111 1409 2160 Eustachij
1440 2118 1526 2148 tunc
1550 2113 1670 2161 vicarij
1697 2114 1740 2149 de

244 2167 419 2214 quernys
438 2167 656 2215 presentibus
674 2169 804 2215 apponi
824 2170 1013 2216 procuravi
1034 2189 1042 2197 ·
1069 2170 1205 2206 Datum
1226 2170 1321 2218 apud
1342 2170 1519 2219 Inuernys
1534 2171 1663 2206 ofitavo
1683 2172 1739 2208 die
