2060 2660
58 739 129 771 2002

546 184 862 223 REGISTRUM
891 185 1251 224 MORAVIENSE.
1573 196 1644 228 243

156 284 220 319 bus
243 282 383 331 presens
405 281 552 317 interfui
578 296 688 330 eaque
711 284 831 319 omnia
849 290 884 319 et
901 283 1036 332 singula
1053 284 1097 321 fic
1115 286 1192 321 fieri
1210 286 1292 321 scivi
1311 287 1382 322 vidi
1405 293 1440 322 et
1462 289 1580 323 audivi
1604 302 1644 324 ac

156 341 192 375 in
210 345 332 376 notam
346 339 422 387 cepi
436 339 589 387 ideoque
608 341 749 388 presens
767 341 949 389 publicum
968 341 1241 378 instrumentum
1255 356 1363 378 manu
1382 356 1459 379 mea
1474 345 1645 393 subscripsi

156 396 321 445 signoque
345 402 381 432 et
403 398 550 433 nomine
569 398 656 433 meis
673 398 782 434 solitis
800 404 836 434 et
853 399 1028 434 consuetis
1045 398 1177 448 signavi
1195 405 1340 447 rogatus
1359 406 1394 435 et
1411 400 1592 448 requisitus
1610 403 1645 437 in

155 455 262 491 fidem
281 460 317 490 et
334 453 574 490 testimonium
593 456 754 491 omnium
773 462 809 492 et
826 455 1044 504 singulorum
1063 457 1307 505 premissorum
1324 476 1332 484 ·

156 626 323 674 Sequitur
340 632 445 664 tenor
463 626 634 664 sententie
652 627 721 664 five
740 628 874 664 decreti
891 628 1066 664 arbitralis
1084 647 1092 656 ·

159 741 201 776 In
215 741 286 777 Dei
298 742 444 777 nomine
456 755 577 778 amen·
593 742 663 778 Per
674 743 742 779 hoc
754 743 896 792 presens
906 742 1088 791 publicum
1099 742 1372 778 instrumentum
1385 744 1523 779 cunEtis
1534 751 1651 792 pateat

156 799 340 835 evidenter
359 800 456 847 quod
470 813 566 835 anno
580 813 602 835 a
614 801 800 837 nativitate
816 800 966 836 Domini
980 799 1163 836 millesimo
1179 800 1525 848 quadringentesimo
1543 815 1651 838 nona-

156 855 285 904 gesimo
304 856 459 892 secundo
478 856 603 893 menfis
621 871 708 894 vero
724 858 877 907 Augusti
896 859 953 894 die
972 859 1109 894 decima
1126 859 1231 894 tertia
1245 878 1254 886 ·
1276 858 1473 894 indiffldone
1492 859 1627 895 decima
1642 880 1649 887 ·

155 914 382 962 pontificatus
404 914 604 951 sanEtiflimi
622 916 659 951 in
679 916 818 952 Christo
836 917 946 964 patris
967 922 1003 952 et
1025 916 1161 951 domini
1184 915 1293 951 nostri
1312 915 1515 951 Innocentii
1533 917 1652 952 divina

156 971 382 1019 providentia
400 972 495 1020 Pape
517 973 637 1008 ofitavi
658 987 754 1009 anno
782 974 912 1010 ofitavo
939 974 977 1009 in
1000 972 1108 1008 nostri
1133 974 1355 1009 notariorum
1374 973 1597 1021 publicorum
1616 980 1650 1009 et

156 1028 295 1064 testium
322 1029 593 1078 subscriptorum
619 1031 795 1078 presentia
819 1031 1051 1079 personaliter
1077 1030 1256 1066 constituti
1280 1030 1416 1066 nobiles
1434 1031 1651 1067 venerabiles

157 1090 193 1120 et
211 1086 352 1133 providi
370 1087 437 1122 viri
457 1087 666 1124 Alexander
685 1088 840 1124 Dunbar
864 1089 907 1124 de
925 1088 1084 1124 Vestseld
1103 1107 1111 1116 ·
1138 1087 1293 1124 Jacobus
1311 1087 1465 1123 Dunbar
1484 1088 1527 1123 de
1547 1088 1652 1124 Com-

156 1142 231 1178 nok
259 1143 388 1179 milites
406 1164 415 1172 ·
444 1144 607 1192 magister
635 1145 754 1181 Adam
781 1146 936 1182 Gordon
964 1151 1154 1194 precentor
1179 1165 1187 1173 ·
1220 1145 1421 1180 Willelmus
1445 1145 1651 1181 Vinchestre

156 1199 392 1236 thesaurarius
416 1202 627 1238 cathedralis
651 1201 792 1238 ecclefie
818 1202 1046 1239 moraviensis
1065 1222 1073 1230 ·
1104 1202 1262 1237 Thomas
1286 1202 1406 1238 Grant
1433 1208 1469 1237 et
1493 1202 1651 1238 Thomas

158 1257 311 1293 Stewart
337 1258 433 1294 ᾶὶὅὶθ
460 1259 601 1295 ecclesie
628 1260 790 1296 canonici
819 1259 1041 1296 ecclesiarum
1067 1260 1111 1295 de
1137 1259 1255 1307 Elgyn
1279 1264 1314 1294 et
1338 1259 1480 1294 Duthol
1503 1260 1650 1307 preben-

157 1315 245 1350 darii
276 1335 284 1343 ·
327 1315 537 1352 Alexander
568 1317 775 1353 Suthirland
808 1324 843 1353 et
873 1318 1051 1354 martinus
1079 1315 1302 1352 eeclefiarum
1333 1316 1377 1352 de
1409 1316 1586 1365 Inuernys
1616 1323 1650 1353 et

158 1372 277 1408 Pettin
314 1379 350 1409 et
380 1373 544 1410 Brachlie
574 1375 697 1411 vicarii
719 1394 728 1403 ·
764 1374 965 1410 VVillelmus
1001 1374 1136 1410 Caldor
1170 1374 1214 1409 de
1252 1373 1378 1409 eodem
1406 1393 1414 1401 ·
1451 1373 1650 1409 Duncanus

158 1430 438 1479 (Dakkyntosche
463 1432 667 1480 capitaneus
694 1433 738 1468 de
764 1432 975 1468 Clancattan
994 1451 1003 1460 ·
1032 1431 1241 1467 Alexander
1265 1431 1423 1478 Cuming
1444 1431 1487 1466 de
1515 1431 1620 1467 Altre
1640 1451 1648 1459 ·

158 1486 371 1524 willielmus
392 1488 475 1537 Hay
494 1490 538 1525 de
556 1490 651 1525 Park
676 1510 684 1518 -
715 1490 915 1525 Willelmus
942 1489 1055 1524 Doles
1079 1489 1123 1524 de
1150 1489 1307 1536 Cantray
1334 1507 1342 1515 ·
1372 1488 1485 1535 Hugo
1511 1488 1648 1523 Alani·

159 1545 339 1581 Robertus
367 1545 502 1582 Caldor
520 1566 528 1575 ·
561 1546 719 1582 Thomas
744 1547 827 1595 Hay
853 1566 861 1574 ·
895 1546 1061 1582 Andreas
1088 1545 1246 1593 Cuming
1268 1564 1276 1573 ·
1309 1544 1475 1580 Andreas
1498 1545 1621 1580 Frasar
1640 1566 1648 1573 ·

158 1602 367 1638 Alexander
385 1604 573 1640 Cheshelm
592 1610 628 1640 et
642 1605 843 1640 Willelmus
862 1604 1051 1640 Chelhelm
1070 1623 1078 1631 ·
1097 1603 1220 1638 arbitri
1239 1622 1248 1630 ·
1267 1602 1495 1637 arbitratores
1513 1607 1549 1638 et
1566 1603 1650 1638 ami-

156 1659 285 1695 cabiles
303 1660 553 1708 compositores
570 1668 606 1697 et
620 1675 827 1697 communes
845 1662 947 1697 amici
966 1674 1029 1709 per
1043 1667 1079 1696 et
1092 1661 1186 1696 inter
1204 1659 1441 1695 reverendum
1458 1659 1495 1694 in
1510 1659 1648 1695 Christo

155 1722 291 1764 patrem
310 1724 346 1753 et
365 1719 551 1754 dominum
570 1719 755 1755 dominum
774 1719 961 1754 Andream
981 1718 1053 1754 Dei
1071 1724 1107 1754 et
1124 1717 1312 1766 apostolice
1329 1716 1417 1752 sedis
1434 1717 1548 1764 gratia
1566 1717 1649 1765 epis-

155 1787 283 1822 copum
310 1776 568 1812 moraviensem
596 1790 662 1825 pro
689 1777 722 1812 se
749 1782 784 1812 et
810 1777 876 1811 suis
900 1775 1145 1812 succefforibus
1173 1788 1218 1810 ex
1245 1787 1318 1810 una
1343 1780 1379 1810 et
1404 1774 1647 1809 honorabilem

129 1849 131 1851 ·
154 1831 272 1867 virum
302 1832 500 1881 Hugonem
529 1834 604 1870 Ros
630 1835 800 1870 baronem
829 1834 873 1869 de
903 1833 1079 1869 Kilravok
1102 1846 1167 1881 pro
1190 1832 1223 1867 se
1246 1837 1283 1867 et
1304 1831 1372 1867 suis
1394 1831 1583 1866 heredibus
1606 1844 1649 1867 ex

154 1887 266 1924 altera
291 1891 449 1938 partibus
477 1910 486 1918 ·
514 1892 551 1926 in
579 1892 680 1927 causa
707 1891 766 1927 seu
794 1890 902 1927 causis
930 1891 973 1926 de
1002 1896 1037 1926 et
1064 1890 1166 1938 super
1194 1889 1298 1925 terris
1325 1888 1495 1924 limitibus
1521 1888 1648 1924 finibus

155 1946 269 1983 divisis
295 1954 330 1984 et
357 1949 521 1984 merchiis
554 1948 722 1985 universis
748 1955 925 1985 terrarum
956 1948 1000 1984 de
1030 1947 1205 1984 Kilravok
1224 1966 1233 1975 ·
1266 1947 1363 1994 Croy
1392 1953 1427 1982 et
1456 1946 1647 1994 Kildrumy

155 2017 195 2040 ac
217 2005 370 2052 querelis
394 2011 430 2042 et
453 2006 691 2054 questionibus
715 2005 895 2042 occasione
915 2005 1159 2054 premissorum
1178 2005 1271 2040 inter
1289 2004 1429 2039 eosdem
1448 2003 1649 2039 debatabili-

155 2060 219 2096 bus
249 2062 397 2111 desuper
428 2065 533 2100 motis
559 2064 617 2100 seu
641 2064 826 2100 movendis
849 2063 1042 2100 secundum
1064 2063 1216 2098 formam
1240 2061 1466 2110 speculatoris
1491 2074 1646 2096 commu-

154 2118 248 2155 niter
272 2120 377 2156 eleeti
397 2140 405 2148 ·
424 2128 532 2170 prout
554 2122 592 2157 in
614 2121 861 2170 compromisso
888 2120 1036 2169 desuper
1060 2120 1226 2156 consefflm
1250 2119 1390 2167 plenius
1415 2118 1619 2153 continetur
1638 2138 1645 2144 ·

154 2175 426 2224 allegationibus
451 2179 660 2226 testiumque
688 2177 964 2227 depositionibus
983 2197 992 2206 ·
1015 2177 1180 2213 merchiis
1198 2196 1207 2204 ·
1237 2175 1350 2212 divisis
1370 2195 1378 2203 ·
1410 2175 1578 2210 limitibus
1605 2187 1644 2209 ac

154 2232 282 2269 finibus
309 2236 478 2283 prediffis
502 2250 565 2285 per
593 2237 747 2285 prefatos
774 2236 925 2271 arbitros
944 2254 952 2263 ·
978 2235 1206 2271 arbitratores
1229 2239 1265 2269 et
1287 2232 1643 2279 amicabilescompo-
