2060 2660
342 178 414 222 176
733 179 1049 218 REGISTRUM
1077 179 1443 218 MORAVIENSE.

344 278 460 314 cimali
478 279 700 329 interipsum
721 279 900 316 Abbatem
925 286 961 316 et
978 280 1151 316 vicarium
1179 280 1222 314 de
1253 279 1430 325 Inuernys
1456 281 1555 312 mota
1578 281 1614 312 et
1640 289 1763 312 coram
1789 290 1847 314 me

344 336 569 385 dependente
587 344 623 374 et
640 338 761 374 habita
785 357 793 366 ·
819 351 840 373 a
857 351 928 385 quo
946 337 1154 385 gravamine
1172 335 1328 384 appellat
1346 339 1412 370 etc·
1432 333 1530 380 quod
1552 334 1676 381 utique
1700 347 1776 370 non
1799 334 1848 371 est

343 407 468 430 verum
491 414 500 423 ·
528 409 653 432 verum
680 395 728 432 est
756 396 851 431 enirn
879 395 976 443 quod
1006 395 1091 430 dum
1117 398 1369 441 procuratores
1397 389 1501 439 ipsius
1529 391 1680 427 Abbatis
1707 393 1846 439 copiam

343 452 519 499 procefl'us
546 453 716 502 petebant
740 452 801 489 fibi
827 453 903 488 dari
930 451 1094 500 respondi
1112 450 1209 497 quod
1228 448 1425 497 proceffum
1444 461 1553 496 penes
1571 461 1629 485 me
1646 462 1721 485 non
1739 450 1846 486 habui

342 516 587 547 remanentem
612 511 670 547 sed
697 511 833 559 pofl'ent
850 510 973 545 venire
992 509 1036 543 ad
1055 508 1175 543 locum
1193 506 1255 542 ubi
1279 505 1382 541 causa
1405 505 1578 553 agebatur
1602 511 1637 542 et
1660 506 1846 555 scriptores

343 573 445 603 erant
462 568 523 615 qui
546 568 743 617 processum
770 567 838 603 five
862 567 943 602 acta
966 566 1027 600 illa
1047 564 1233 613 judicialia
1250 562 1274 599 fi
1292 576 1361 611 que
1379 563 1499 599 forent
1517 564 1793 612 conscripserant
1811 571 1846 601 et

342 625 478 673 pofl'ent
500 626 630 662 habere
655 626 792 674 copiam
819 637 924 672 quam
947 623 1116 671 petebant
1139 641 1147 650 ·
1175 634 1250 656 non
1268 621 1363 657 enim
1383 621 1420 656 in
1439 621 1604 657 omnibus
1627 621 1714 657 locis
1737 622 1847 659 tabel-

342 682 478 718 lionum
497 684 600 732 copia
618 684 723 719 datur
741 682 971 730 querentibus
988 694 1055 716 nec
1073 680 1153 715 sunt
1171 679 1219 715 ibi
1236 679 1368 714 notarii
1387 679 1485 715 curie
1502 684 1565 715 aut
1582 679 1769 728 scriptores
1788 680 1845 729 ju-

341 740 408 775 rati
426 741 486 788 qui
505 741 600 776 facta
611 741 797 789 judicialia
811 739 1032 776 conscribant
1046 743 1081 773 et
1095 737 1191 785 apud
1205 750 1293 784 quos
1307 749 1492 773 remanere
1509 737 1641 773 debent
1658 736 1745 774 ficut
1762 738 1845 774 alibi

341 797 518 834 habentur
541 799 599 834 sed
626 811 723 834 nunc
749 811 842 833 unus
869 809 965 832 nunc
991 796 1081 831 alius
1104 794 1165 842 qui
1191 794 1303 842 magis
1326 794 1363 830 in
1386 800 1554 843 promptu
1572 795 1695 831 haberi
1712 797 1845 844 poterit

342 855 426 891 talia
443 856 560 892 scribit
575 876 583 884 ·
603 861 639 892 et
652 855 696 892 fic
714 861 861 904 propter
880 854 1060 890 defectum
1079 852 1306 888 notariorum
1324 852 1409 888 talia
1421 852 1606 901 judicialia
1629 854 1844 902 quandoque

342 913 566 962 depereunt·
595 927 669 949 non
697 919 817 949 tamen
847 913 883 947 in
911 911 1054 947 defefiw
1077 910 1211 959 judicis
1238 910 1478 958 qualicunque
1498 929 1506 938 ·
1537 923 1603 946 nec
1630 911 1779 947 tenebar
1805 919 1845 949 ut

340 971 448 1007 credo
467 971 604 1007 servare
625 968 706 1007 euin
725 970 922 1019 processum
941 968 965 1003 fi
982 969 1060 1017 quis
1083 969 1166 1004 effet
1190 968 1327 1017 semper
1344 973 1380 1004 et
1397 968 1529 1015 ubique
1548 968 1789 1005 exhibendum
1808 971 1844 1006 in

341 1028 438 1064 sacco
456 1034 619 1077 paratum
638 1042 743 1076 quem
762 1041 825 1076 per
843 1040 979 1063 annum
998 1046 1124 1055 ·····
1145 1033 1180 1062 et
1198 1026 1294 1062 ultra
1312 1026 1484 1074 respicere
1503 1026 1560 1061 vel
1578 1026 1702 1063 audire
1720 1034 1845 1064 contu·

340 1086 486 1122 maciter
515 1093 551 1123 et
579 1085 893 1135 contemptibiliter
922 1084 1134 1133 spernebant
1160 1097 1201 1120 ac
1229 1084 1337 1120 etiam
1365 1083 1573 1119 recusabant
1592 1103 1600 1112 ·
1629 1084 1723 1120 testis
1750 1086 1842 1121 enim

340 1144 445 1180 michi
465 1144 513 1180 est
530 1145 601 1193 ipsa
614 1145 743 1190 veritas
757 1144 853 1191 quod
873 1156 1056 1191 nunquam
1071 1141 1130 1191 ipfi
1149 1142 1283 1178 Abbati
1297 1141 1355 1177 vel
1369 1141 1661 1190 procuratoribus
1679 1143 1747 1178 suis
1765 1156 1845 1192 pro-

340 1202 466 1237 ceffuni
492 1201 561 1238 five
587 1203 725 1250 copiam
753 1201 930 1250 processus
952 1201 1076 1249 sponte
1099 1206 1163 1236 aut
1185 1213 1231 1236 ex
1253 1198 1433 1248 proposito
1454 1199 1513 1235 vel
1537 1199 1677 1236 malicia
1695 1200 1844 1237 subticui

339 1259 396 1294 vel
424 1260 598 1307 denegavi
629 1266 690 1295 aut
714 1260 752 1294 in
781 1259 900 1307 aliquo
933 1264 1060 1294 contra
1089 1258 1201 1307 ipsum
1228 1255 1376 1307 processi
1403 1258 1499 1305 quod
1521 1262 1694 1305 quantum
1723 1259 1761 1294 in
1788 1273 1844 1296 me

338 1317 404 1352 fuit
425 1317 486 1365 jus
509 1318 566 1353 vel
591 1317 728 1353 causam
752 1317 845 1365 juris
871 1317 922 1352 sui
946 1317 1139 1365 perimeret
1156 1316 1215 1352 vel
1239 1316 1375 1352 lederet
1392 1316 1430 1350 in
1448 1329 1663 1363 quocunque
1682 1336 1690 1344 ·
1719 1318 1845 1354 Subin-

337 1375 486 1410 ferendo
504 1381 625 1411 tamen
643 1375 821 1411 interserit
834 1375 931 1422 quod
946 1375 1102 1424 appellat
1116 1388 1138 1410 a
1151 1388 1208 1410 me
1223 1379 1259 1410 et
1276 1388 1297 1409 a
1313 1373 1474 1422 processu
1488 1387 1569 1409 meo
1584 1375 1769 1411 anormalo
1785 1396 1793 1404 ·
1809 1382 1844 1412 et

340 1433 375 1467 in
394 1433 464 1469 fine
480 1433 594 1468 subdit
609 1446 690 1468 cum
709 1433 888 1468 citationis
907 1433 1066 1469 edictum
1086 1433 1131 1468 ad
1149 1432 1259 1481 partis
1276 1431 1445 1467 noticiam
1464 1444 1539 1467 non
1557 1432 1703 1468 devenit
1721 1452 1729 1461 ·
1748 1435 1844 1481 quod

340 1491 462 1537 utique
481 1498 578 1527 caret
596 1491 726 1527 effectu
745 1497 781 1527 et
799 1491 871 1539 ipso
886 1491 1085 1540 primordio
1104 1490 1264 1527 veritatis
1283 1510 1291 1518 ·
1311 1490 1495 1538 presertim
1513 1503 1595 1525 cum
1614 1490 1651 1525 in
1669 1491 1845 1540 principio

341 1549 411 1584 litis
425 1549 624 1597 hujusmodi
645 1549 745 1585 cause
760 1555 857 1585 mote
872 1550 915 1585 ad
931 1550 1088 1598 primum
1102 1548 1282 1585 citationis
1300 1548 1459 1584 edictum
1479 1555 1760 1596 comparuerunt
1777 1550 1845 1586 viri

342 1606 559 1642 venerabiles
572 1607 738 1643 videlicet
756 1606 920 1655 magister
937 1607 1141 1643 lVillelmus
1160 1607 1205 1643 de
1225 1607 1335 1655 Spiny
1353 1611 1390 1642 et
1406 1605 1591 1642 Johannes
1609 1606 1654 1642 de
1673 1607 1844 1657 Bothuyll

342 1664 503 1700 canonici
522 1665 761 1701 moravienses
779 1678 852 1700 una
870 1679 952 1701 cum
971 1666 1049 1701 aliis
1067 1664 1247 1714 adjunEtis
1265 1664 1558 1713 procuratoribus
1575 1662 1679 1712 ipfius
1694 1665 1845 1702 Abbatis

342 1722 627 1770 procuratorium
652 1722 825 1758 sufficiens
844 1723 1051 1759 exhibentes
1068 1723 1129 1771 qui
1147 1724 1185 1758 in
1202 1721 1280 1771 ipsis
1298 1722 1400 1758 causa
1417 1727 1453 1757 et
1470 1722 1532 1757 lite
1557 1721 1699 1758 diversis
1721 1723 1845 1760 diebus

343 1786 378 1815 et
396 1780 530 1815 vicibus
548 1780 790 1828 processerunt
810 1800 817 1808 ·
847 1787 882 1816 et
906 1782 1035 1817 exinde
1062 1782 1099 1816 in
1127 1781 1399 1817 continuatione
1424 1780 1601 1828 processus
1627 1781 1727 1816 nulla
1750 1781 1845 1818 sacta

343 1839 458 1874 fuerat
476 1838 598 1873 citatio
623 1838 766 1885 quando
785 1839 879 1887 apud
898 1839 1004 1887 ipsam
1025 1838 1202 1875 ecclesiam
1223 1839 1267 1874 dc
1288 1838 1465 1886 Inuernys
1482 1838 1585 1886 super
1603 1838 1704 1886 cujus
1722 1839 1845 1876 fructi-

344 1895 437 1931 tibus
459 1895 665 1942 litigabatur
693 1896 809 1931 fuerat
836 1897 1013 1944 publicata
1032 1903 1067 1933 et
1095 1896 1393 1945 proclamationes
1420 1895 1561 1944 publice
1589 1895 1684 1932 facte
1712 1897 1843 1934 ibidem

344 1966 463 1989 coram
483 1952 617 2001 populo
634 1953 695 1989 ubi
719 1954 787 2002 ipse
807 1954 929 1990 Abbas
955 1955 1078 1990 habuit
1105 1960 1140 1990 et
1168 1955 1274 1990 habet
1297 1959 1549 2002 procuratores
1573 1953 1652 1989 suos
1674 1956 1843 1992 continue

344 2011 403 2059 qui
422 2010 533 2059 ipsum
552 2011 799 2059 premunirent
825 2017 860 2047 et
886 2013 1092 2060 premunire
1119 2013 1257 2061 pofl'ent
1281 2011 1305 2047 fi
1326 2011 1460 2047 vellent
1485 2016 1520 2047 et
1543 2011 1693 2047 reddere
1717 2014 1844 2050 certio-

344 2082 420 2104 rem
446 2068 550 2116 super
572 2081 786 2116 quocunque
810 2069 881 2105 litis
905 2070 961 2105 vel
985 2070 1086 2106 cause
1110 2070 1256 2117 strepitu
1276 2070 1332 2106 vel
1356 2069 1516 2118 procefl'u
1535 2088 1544 2097 ·
1569 2074 1606 2104 et
1631 2082 1706 2105 non
1729 2070 1843 2107 subito

345 2139 410 2162 nec
433 2139 585 2174 propere
609 2125 741 2162 fiebant
759 2127 944 2162 citationes
961 2128 1018 2163 vel
1037 2129 1336 2176 proclamationes
1360 2126 1562 2175 hujusmodi
1588 2126 1647 2162 sed
1670 2127 1787 2175 palam
1808 2134 1843 2165 et

343 2183 484 2233 publice
502 2188 538 2219 et
556 2184 649 2219 inter
666 2184 844 2219 missarum
863 2185 1056 2233 solempnia
1074 2186 1179 2221 etiam
1199 2187 1235 2222 in
1251 2184 1395 2222 ecclefia
1412 2184 1548 2233 majore
1561 2182 1630 2220 five
1648 2185 1843 2222 cathedrali

344 2242 404 2278 ubi
434 2241 506 2290 ipsa
533 2240 634 2277 causa
664 2242 885 2277 tractabatur
911 2242 1223 2290 proclamabantur
1251 2249 1287 2280 et
1313 2256 1377 2292 per
1402 2242 1591 2278 intervalla
1617 2243 1844 2291 quatraginta

345 2301 484 2336 dierum
503 2304 539 2335 et
556 2299 770 2347 quandoque
789 2300 873 2336 06ὶο
892 2299 1164 2348 septimanarum
1185 2321 1193 2329 ·
1213 2315 1280 2338 nec
1298 2301 1442 2337 volente
1457 2297 1619 2336 altiflimo
1638 2300 1785 2337 tenebar
1798 2302 1842 2337 ad
