1998 2820
967 189 1020 212 XII

257 280 324 308 171.
350 277 484 308 Collatio
499 276 706 308 canonicatus
722 276 761 307 de
777 275 884 318 Elgyn
901 280 933 307 et
948 274 1108 317 prebende
1124 277 1255 304 centum
1271 271 1457 303 solidorum.
1492 275 1585 304 1390.
1606 274 1639 313 fi
1655 274 1709 305 87.

255 330 323 358 172.
349 327 541 369 preceptum
557 327 657 368 Regis
673 327 711 358 de
726 327 893 368 sigillando
909 326 989 357 duas
1005 326 1115 356 literas
1131 323 1432 366 patentes—Unam
1445 323 1601 355 directam
1611 324 1745 355 Comiti-

251 379 308 409 bus
325 378 490 409 Buchanie
507 384 538 409 et
554 378 710 422 Moravie,
736 389 776 409 ne
799 377 829 408 se
853 377 991 419 amplius
1016 375 1235 407 intromittant
1257 374 1297 405 de
1319 374 1420 405 castro
1441 375 1479 406 (18
1502 375 1616 417 Spyny
1630 375 1744 417 quovis

250 429 543 466 colore‚—alteram
559 440 623 470 qua.
637 428 790 469 obligatio
806 428 952 470 Episcopi
968 428 1044 458 data
1056 427 1178 457 Thome
1192 426 1259 456 filio
1273 426 1408 457 Comitis
1420 425 1568 457 Moravie
1583 427 1640 467 (N.
1656 426 1742 467 170.)

249 480 428 511 declaratur
450 478 614 522 exspiraffe
637 479 712 521 quia
727 479 875 522 Episcopi
890 479 1083 520 poffeffiones
1104 489 1169 508 non
1193 477 1424 515 defenduntur,
1450 477 1548 509 immo
1568 477 1743 509 vastantur.

252 533 289 561 19
307 530 439 572 Augusti
459 533 551 562 1390.
571 532 605 570 f.
628 532 695 561 104.

252 584 318 612 173.
345 581 512 623 Supplicat
539 580 713 623 Episcopus
741 580 824 622 Regi
851 591 909 623 pro
935 580 1173 612 reedificatione
1200 579 1328 611 ecclefic
1355 580 1549 611 cathedralis
1573 581 1742 612 combuste.

247 635 266 663 2
282 633 470 664 Decembris
490 635 582 663 1390.
601 633 635 671 f
654 634 724 663 102.

252 686 320 716 174.
345 683 508 726 Inquisitio
530 683 688 714 Johannis
717 682 849 714 Sibbald
874 683 1000 714 heredis
1025 682 1161 714 Roberti
1186 682 1286 724 patris
1310 683 1350 714 de
1377 688 1465 713 terra
1490 683 1529 714 de
1550 682 1742 726 Aldrochty.

251 738 340 768 1393.
362 737 395 775 fi
414 738 483 767 107.

252 790 320 817 175.
344 786 517 829 Episcopus
533 787 587 818 dat
602 786 741 817 decimas
757 785 796 817 de
811 785 982 817 itineribus
994 791 1026 816 et
1043 785 1142 816 curiis
1156 785 1197 816 ad
1209 785 1426 816 exhibendum
1438 785 1459 817 J
1462 785 1580 816 ohanni
1593 786 1632 817 de
1646 786 1743 818 Innes

248 839 281 869 in
297 838 398 869 studio
414 838 589 869 Parificnss.
625 838 716 869 1396.
738 839 771 878 s
790 839 861 868 108.

252 891 320 922 176.
346 890 442 920 Bulla
458 890 579 921 directa
595 889 676 931 Regi
695 889 802 920 Seotie
818 900 877 931 pro
892 888 1057 919 Willelmo
1074 888 1254 919 consecrato
1271 888 1427 930 Episcopo
1444 888 1600 920 Moravie.
1649 891 1741 921 1397.

235 942 271 982 fi
287 944 326 971 56

253 995 320 1026 177.
346 994 416 1024 Rex
432 994 532 1024 eidem
550 993 695 1024 concedit
712 992 980 1034 temporalitatem
997 992 1205 1034 episcopatus.
1240 994 1332 1024 1397.
1352 992 1387 1032 f
1404 994 1455 1022 56.

252 1047 321 1077 178.
354 1046 421 1076 Rex
443 1045 573 1075 mandat
589 1044 710 1076 Comiti
726 1044 892 1075 Buchanie
908 1049 944 1074 ut
961 1044 1097 1075 castrum
1114 1044 1152 1074 de
1171 1044 1282 1086 Spyny
1299 1043 1455 1085 Episcopo
1478 1043 1600 1074 reddat.
1650 1046 1741 1076 1398.

235 1099 269 1135 f
285 1097 335 1127 56.

253 1150 320 1178 179.
347 1148 499 1179 Rationes
523 1147 754 1190 protestationis
777 1152 890 1178 contra
912 1146 1073 1188 judicium
1090 1146 1299 1177 vicecomitis
1315 1146 1354 1177 de
1371 1146 1529 1188 Invernys
1549 1145 1641 1188 super
1660 1146 1743 1178 secta

248 1199 344 1230 curie.
380 1202 470 1232 1:398.
490 1201 524 1239 s
539 1202 591 1231 59.
621 1202 661 1239 (υ.
679 1200 718 1229 Ν.
743 1199 826 1237 164.)

251 1254 320 1281 180.
345 1251 552 1292 Supersedeas
568 1251 606 1281 dc
622 1251 732 1281 cadem
749 1249 963 1280 contraversia
978 1261 997 1280 a
1013 1249 1204 1281 Justiciario.
1240 1252 1332 1280 1398.
1354 1250 1387 1289 f
1403 1252 1454 1279 59.

251 1304 319 1333 181.
345 1302 480 1333 Monitio
498 1301 643 1343 Episcopi
659 1307 772 1332 contra
784 1301 1026 1342 occupationem
1040 1301 1078 1331 (18
1091 1300 1266 1342 Kynmilys
1282 1312 1339 1342 per
1355 1312 1408 1331 eos
1425 1300 1541 1342 quibus
1558 1300 1743 1332 Alexander

248 1354 285 1383 de
304 1352 417 1383 Infulis
433 1353 553 1384 casdem
570 1353 634 1383 fine
647 1352 721 1394 jure
737 1352 878 1383 dederat.
914 1355 1004 1382 1398.
1027 1354 1059 1390 j:
1076 1355 1128 1382 (30.

252 1407 319 1436 182.
344 1404 452 1435 Litera
474 1404 692 1435 testimonialis
709 1404 747 1434 de
763 1403 940 1445 quitatione
957 1403 1036 1434 furti
1052 1402 1189 1445 impositi
1208 1402 1371 1433 &Villclmo
1392 1402 1459 1433 filio
1475 1403 1607 1434 Thome.
1651 1406 1742 1435 1398.

242 1457 274 1495 f
289 1458 341 1486 53.

253 1510 320 1538 183.
346 1507 478 1537 Decime
504 1507 710 1548 antiquorum
737 1507 906 1537 hortorum
933 1507 972 1537 (18
1000 1507 1109 1549 Elgyn
1137 1506 1295 1538 debentur
1322 1506 1451 1544 vicario,
1481 1517 1639 1537 novorum
1666 1518 1743 1538 vero

250 1559 413 1600 Episcopo.
447 1561 537 1589 1398.
559 1560 591 1598 f
607 1561 658 1589 53.
692 1559 734 1598 (υ.
752 1560 792 1588 Ν.
809 1559 899 1598 253.)

255 1613 322 1641 184.
348 1609 528 1640 Subsidium
559 1610 599 1640 ad
629 1609 782 1640 fabricam
809 1609 936 1641 ecclesie
964 1611 1123 1642 combuste
1148 1610 1187 1641 de
1214 1609 1378 1641 beneficiis
1405 1609 1589 1640 levandum.
1647 1613 1739 1641 1400.

240 1662 273 1701 fi
288 1663 340 1691 60.

256 1715 324 1743 185.
349 1711 522 1753 Episcopus
545 1712 690 1742 concedit
713 1711 878 1743 dimidiam
901 1713 1077 1744 dauacham
1093 1713 1132 1744 de
1149 1712 1339 1754 Mydilhach
1363 1711 1554 1754 resignatam
1575 1724 1594 1743 a
1612 1713 1743 1754 Megota

252 1763 291 1794 (18
308 1763 463 1799 Moravia,
480 1762 582 1793 eidem
599 1763 727 1803 Megote
743 1769 775 1794 et
790 1762 906 1805 sponso.
941 1767 1133 1796 1397-1406.
1154 1766 1188 1804 f.
1205 1767 1255 1795 72.

256 1816 325 1845 186.
350 1813 420 1844 Rex
441 1814 587 1844 concedit
606 1813 761 1856 Episcopo
787 1820 823 1845 ut
845 1817 1011 1856 cognoscat
1034 1816 1072 1847 de
1095 1816 1244 1847 omnibns
1268 1815 1458 1846 criminibus
1480 1827 1501 1846 a
1524 1815 1743 1847 habitantibus

252 1871 369 1896 terram
386 1865 620 1895 ecclesiasticam
636 1866 810 1896 commiss‘m.
844 1868 934 1897 1:381.
955 1868 987 1906 f
1007 1869 1076 1897 105.

258 1919 326 1947 187.
351 1915 507 1947 Canonici
522 1916 561 1946 ad
579 1915 758 1958 episcopum
777 1917 958 1958 eligendum
974 1918 1169 1959 congregati,
1184 1918 1377 1960 juraverunt
1393 1918 1479 1959 quod
1495 1916 1670 1960 Episcopus
1685 1918 1743 1949 eli-

252 1967 376 2008 gendus
400 1967 526 1997 tertiam
551 1973 672 2008 partem
699 1974 911 2008 proventuum
937 1969 1024 2000 dabit
1046 1970 1087 2000 ad
1110 1970 1285 2006 fabricam3
1309 1969 1445 2000 servabit
1466 1969 1653 2011 privilegia;
1678 1981 1743 2000 non

254 2018 445 2048 intromittet
461 2019 489 2048 se
505 2018 538 2048 in
555 2018 777 2049 communibus
794 2019 930 2050 ecclesiis
944 2032 951 2056 ;
975 2032 1038 2051 non
1056 2022 1162 2063 exiget
1177 2021 1300 2063 aliquid
1315 2032 1334 2051 a
1349 2021 1512 2052 canonicis
1524 2020 1657 2061 injuste;
1677 2032 1742 2052 non

253 2069 404 2111 impediet
420 2069 588 2099 canonicos
603 2068 731 2110 sepelire
747 2070 955 2111 parochianos
971 2072 1002 2102 in
1021 2072 1256 2114 prebendarum
1272 2072 1419 2103 ecclesiis.
1453 2074 1545 2102 1414.
1566 2074 1600 2112 fi
1616 2075 1666 2103 70.

259 2122 326 2151 188.
352 2119 523 2161 Episcopus
538 2120 684 2150 concedit
700 2120 848 2152 Donaldo
863 2122 983 2163 thayno
999 2123 1037 2154 de
1050 2124 1184 2155 Caldore
1200 2130 1320 2155 terram
1336 2124 1375 2154 de
1392 2123 1619 2165 Urchanybeg.
1650 2126 1742 2155 1421.

243 2173 276 2211 f
291 2174 343 2201 55.

260 2225 327 2253 189.
351 2221 420 2252 The
437 2221 600 2263 Biscl10pis
616 2233 689 2252 men
706 2222 747 2253 sal
765 2223 861 2254 nocht
877 2224 916 2255 be
931 2224 1085 2267 distrenyt
1102 2226 1151 2257 for
1167 2226 1445 2269 wappinschawyn
1463 2236 1522 2257 nor
1538 2225 1674 2268 hostyng
1688 2227 1746 2258 but

256 2273 297 2305 sal
314 2275 382 2316 pass
399 2273 474 2304 with
492 2273 540 2304 his
558 2273 657 2304 Balie.
692 2277 783 2306 1445.
806 2277 837 2316 s
857 2278 926 2306 117.
