2060 2660
258 1077 323 1115 197

352 179 424 216 Q3Q
744 177 1060 216 REGISTRUM
1089 176 1453 215 MORAVIENSE.

354 279 402 314 Et
420 291 487 326 ego
507 277 673 315 Andreas
691 278 735 314 de
754 279 865 314 Fores
883 277 1062 327 presbyter
1081 274 1312 314 moravienfis
1339 273 1516 310 dioceseos
1540 272 1703 318 publicus
1729 275 1851 310 aueto-

353 336 458 372 ritate
492 336 666 385 imperiali
698 336 859 372 notarius
894 337 977 383 quia
1008 333 1178 383 premissis
1204 332 1369 368 omnibus
1395 336 1430 366 et
1456 329 1601 377 singulis
1627 330 1713 365 dum
1741 330 1785 367 fic
1812 339 1853 368 ut

353 394 572 442 premittitur
600 399 793 442 agerentur
821 394 1026 429 dicerentur
1050 397 1086 427 et
1109 391 1237 426 fierent
1265 402 1338 424 una
1366 401 1447 423 cum
1472 387 1729 435 prenominatis
1762 389 1852 424 testi-

352 452 418 487 bus
441 452 582 500 presens
606 452 752 487 interfui
776 464 887 498 eaque
909 449 1029 484 omnia
1057 454 1093 484 et
1119 447 1255 494 singula
1277 444 1321 481 fic
1343 445 1422 481 fieri
1449 450 1485 480 et
1509 445 1578 480 dici
1607 445 1679 480 vidi
1707 445 1789 481 scivi
1818 453 1853 483 et

353 509 471 544 audivi
491 514 526 545 et
541 510 577 544 in
595 514 717 544 notam
736 506 860 554 sumpsi
879 507 958 542 ideo
976 506 1045 541 hoc
1064 505 1205 553 presens
1230 503 1415 551 publicum
1441 501 1715 538 instrumentum
1743 516 1851 540 manu

353 579 432 602 mea
458 566 612 602 fideliter
640 566 806 614 scriptum
836 564 972 599 confeci
996 568 1031 598 et
1054 563 1091 597 in
1116 562 1206 596 hanc
1228 560 1406 608 publicam
1425 560 1575 595 formam
1595 560 1717 607 redegi
1741 559 1852 609 signo.

353 636 420 671 que
449 624 594 659 nomine
622 622 936 671 etpsubscriptione
967 619 1054 655 meis
1085 618 1193 654 solitis
1221 623 1255 653 et
1286 617 1462 653 consuetis
1488 615 1620 664 signavi
1646 624 1793 666 rogatus
1817 625 1852 655 et

355 680 540 728 requisitus
568 681 605 716 in
632 680 737 715 fidem
768 684 804 715 et
830 677 1069 714 testimonium
1097 675 1259 711 omnium
1282 680 1320 710 et
1340 673 1559 722 fingulorum
1578 675 1822 720 premissorum
1842 696 1850 705 ·

356 738 686 774 Interlineationem
709 737 803 772 illius
825 736 923 772 verbi
948 740 983 771 et
1004 734 1108 780 supra
1132 733 1204 768 ·xii·
1228 733 1359 769 lineam
1383 731 1478 767 istius
1499 732 1574 767 folii
1592 733 1751 781 approbo
1769 747 1850 769 cum

354 794 522 844 premissis
541 815 549 823 -

353 959 462 995 Carta
480 959 524 995 de
544 958 748 1007 Cattepolly
768 977 776 985 ·

352 1073 530 1110 Omnibus
557 1074 648 1108 hanc
677 1077 809 1108 cartam
839 1070 962 1106 visuris
984 1070 1042 1106 vel
1073 1069 1248 1106 audituris
1272 1069 1473 1105 Willelmus
1501 1070 1574 1106 Dei
1600 1076 1636 1106 et
1663 1070 1849 1119 apostolice

351 1131 439 1167 sedis
456 1131 570 1179 gratia
588 1130 769 1178 episcopus
788 1127 1018 1165 moraviensis
1037 1128 1183 1163 salutem
1203 1127 1241 1162 in
1260 1127 1421 1162 omnium
1440 1127 1612 1164 salvatore
1631 1148 1640 1156 ·
1667 1129 1850 1166 Noveritis

352 1202 417 1224 nos
443 1189 487 1224 de
510 1188 678 1223 consensu
703 1192 738 1223 et
764 1186 896 1222 assensu
923 1185 1068 1234 capituli
1091 1184 1199 1221 nostri
1222 1190 1369 1233 propter
1387 1185 1646 1233 infrascriptum
1665 1188 1848 1233 negotium

353 1246 594 1294 capitulariter
629 1245 742 1293 sepius
772 1244 981 1291 congregati
1011 1243 1133 1278 habito
1163 1255 1246 1279 cum
1277 1242 1405 1278 eodem
1437 1243 1599 1291 diligenti
1630 1249 1783 1280 tractatu
1814 1250 1850 1281 et

352 1303 522 1351 solempni
547 1316 588 1339 ac
611 1309 752 1339 matura
778 1302 1034 1338 deliberatione
1052 1300 1170 1336 secuta
1188 1319 1197 1328 ·
1225 1300 1379 1336 utilitate
1398 1299 1539 1336 ecclesie
1557 1301 1674 1337 nostre
1691 1303 1849 1350 undique

350 1361 446 1408 prius
464 1361 634 1409 perpensa
652 1380 661 1388 ·
688 1366 724 1396 et
742 1359 926 1408 presertim
945 1359 991 1395 ob
1010 1364 1045 1395 et
1063 1364 1211 1407 propter
1229 1358 1341 1393 divini
1364 1357 1482 1394 cultus
1504 1359 1770 1407 ampliationem
1786 1380 1795 1389 ·
1814 1368 1849 1397 et

349 1418 474 1453 sallarii
492 1418 757 1467 capellanorum
775 1417 923 1453 inferius
939 1417 1213 1465 subscriptorum
1231 1416 1388 1462 expresse
1406 1416 1451 1451 ad
1469 1416 1688 1465 infrascripta
1705 1419 1849 1454 consen-

349 1476 513 1511 tientium
532 1482 568 1511 et
585 1476 818 1511 succefforum
836 1475 1035 1511 eorundem
1061 1474 1391 1522 augmentationem
1410 1493 1419 1502 ·
1451 1474 1580 1510 dedisse
1598 1474 1794 1511 conceffiffe
1813 1482 1849 1512 et

349 1533 393 1567 ad
411 1533 549 1568 firmam
573 1532 730 1569 dimisisse
758 1546 825 1569 nec
848 1546 923 1569 non
946 1533 1012 1569 hac
1040 1532 1193 1581 presenti
1224 1537 1322 1568 carta
1343 1531 1463 1567 nostra
1480 1532 1699 1568 confirmasse
1717 1533 1847 1570 dilecto

349 1589 467 1625 nostro
486 1590 643 1627 Johanni
663 1590 862 1627 M‘culloch
885 1596 979 1626 totas
1006 1596 1041 1626 et
1063 1590 1221 1637 integras
1244 1595 1357 1625 terras
1375 1589 1420 1625 de
1439 1589 1603 1637 Catpolle
1623 1589 1784 1638 jacentes
1809 1592 1847 1626 in

350 1647 520 1683 comitatu
552 1646 671 1684 Roffie
701 1648 794 1683 infra
823 1648 1114 1684 vicecomitatum
1143 1648 1188 1683 de
1217 1647 1384 1683 Inuernis
1413 1666 1421 1675 ·
1457 1660 1544 1694 quas
1574 1648 1783 1695 magnificus
1811 1654 1847 1685 et

349 1709 475 1752 potens
502 1705 667 1741 dominus
693 1705 859 1741 dominus
878 1705 1080 1742 Willelmus
1104 1705 1286 1753 quondam
1303 1717 1423 1740 comes
1442 1703 1562 1740 Roffie
1580 1704 1709 1742 Sancte
1727 1706 1847 1742 Trini-

349 1762 414 1797 tati
431 1761 572 1798 ecclesie
586 1762 702 1798 nostre
712 1762 943 1799 moraviensis
957 1763 1126 1812 episeopis
1141 1768 1177 1798 et
1190 1762 1347 1811 capitulo
1361 1762 1516 1810 ejusdem
1530 1762 1591 1809 qui
1604 1775 1670 1810 pro
1684 1769 1845 1812 tempore

348 1819 481 1855 suerint
500 1839 508 1848 ·
540 1820 585 1855 ad
611 1820 896 1856 sustentationem
919 1821 1074 1856 duorum
1101 1820 1368 1869 capellanorum
1394 1832 1460 1868 pro
1482 1819 1667 1855 animabus
1684 1822 1844 1857 omnium

349 1876 508 1912 fidelium
531 1877 782 1913 defunctorum
801 1878 838 1913 in
857 1878 951 1914 dicta
968 1877 1111 1914 ecclesia
1127 1877 1245 1913 nostra
1269 1877 1390 1913 divina
1413 1882 1587 1925 perpetuo
1608 1877 1845 1915 celebraturo-

349 1946 427 1968 rum
448 1953 456 1961 ·
476 1934 513 1969 in
531 1947 657 1982 puram
675 1939 711 1970 et
727 1940 936 1983 perpetuam
955 1935 1181 1971 elemosinam
1199 1935 1298 1971 dedit
1316 1932 1483 1970 conceflit
1505 1939 1541 1970 et
1565 1939 1663 1970 carta
1685 1935 1745 1971 sua
1761 1949 1844 1972 con-

348 1991 503 2027 firmavit
519 1998 627 2040 prout
645 1992 682 2027 in
700 1997 797 2028 carta
810 1992 870 2028 sua
883 1992 1024 2029 ecclesie
1041 1993 1159 2029 nostre
1176 1993 1336 2042 predicte
1356 1991 1505 2039 desuper
1522 1992 1685 2029 confecta
1705 1993 1844 2041 plenius

349 2048 554 2084 continetur
578 2068 587 2077 ·
619 2049 811 2085 Tenendas
829 2055 864 2085 et
882 2050 1060 2086 habendas
1078 2063 1202 2086 omnes
1219 2055 1256 2086 et
1277 2048 1429 2097 singulas
1450 2049 1715 2097 prenominatas
1732 2056 1844 2087 terras

348 2118 429 2141 cum
443 2106 666 2154 pertinentiis
679 2106 816 2155 prefato
828 2107 850 2143 J
853 2107 986 2142 ohanni
1000 2113 1036 2143 et
1049 2108 1238 2144 heredibus
1252 2107 1320 2143 suis
1333 2107 1442 2155 usque
1456 2107 1501 2143 ad
1514 2107 1661 2143 tertium
1675 2107 1843 2145 heredem

347 2161 514 2199 inclusive
538 2162 598 2199 fibi
623 2164 777 2200 invicem
804 2164 980 2200 linealiter
997 2165 1055 2201 vel
1074 2165 1326 2201 collateraliter
1348 2164 1552 2200 immediate
1578 2164 1843 2201 succedentibus

348 2220 392 2257 de
409 2220 511 2256 nobis
529 2226 565 2257 et
583 2221 831 2258 successoribus
848 2222 974 2258 nostris
1005 2222 1173 2271 episcopis
1191 2223 1252 2270 qui
1269 2236 1335 2271 pro
1354 2228 1516 2270 tempore
1539 2222 1672 2257 suerint
1689 2235 1753 2270 per
1770 2235 1843 2259 om-

347 2290 409 2313 nes
427 2278 542 2315 reecas
556 2284 667 2316 metas
685 2279 847 2327 antiquas
878 2285 914 2316 et
946 2280 1070 2316 divisas
1099 2280 1137 2315 in
1155 2280 1265 2316 boscis
1284 2300 1292 2308 ·
1320 2280 1434 2329 planis
1456 2299 1464 2307 -
1484 2279 1592 2315 moris
1610 2284 1646 2315 et
1664 2279 1814 2316 maresiis
1832 2299 1851 2315 ·.
