2060 2660
103 958 149 997 78

571 165 887 202 REGISTRUM
915 165 1277 204 MORAVIENSE.
1625 177 1672 215 87

181 265 260 313 Ego
288 265 397 300 frater
423 263 599 298 Ricardus
627 264 671 299 de
693 263 821 300 Jenico
863 283 871 291 ·
914 263 993 311 Ego
1021 263 1130 299 frater
1158 264 1324 312 Rogerus
1351 266 1394 301 de
1422 268 1511 316 (Duy
1542 288 1550 296 ·
1592 270 1670 318 Ego

179 323 288 358 frater
317 321 499 357 Robertus
530 320 573 356 de
603 321 734 356 Duffus
763 340 772 349 ·
798 321 879 368 Ego
909 321 1019 356 frater
1049 320 1230 356 Henricus
1259 322 1302 357 de
1332 322 1523 370 Kyntefl'oc
1554 345 1563 353 ·
1592 326 1671 374 Ego

177 380 286 414 frater
306 378 418 425 Hugo
444 378 488 413 de
508 377 683 426 Abyrden
713 398 721 406 ·
760 379 839 426 Ego
866 378 976 413 frater
995 378 1154 413 Thomas
1180 379 1224 414 de
1243 378 1304 414 Fif
1328 399 1335 407 ·
1369 379 1447 427 Ego
1472 381 1580 417 frater
1600 384 1672 419 Ro-

178 436 298 472 bertus
316 436 360 471 de
380 435 499 484 Elgyn
530 455 539 463 ·
576 436 655 483 Ego
674 436 783 471 frater
802 435 943 471 Alanus
962 436 1005 471 de
1024 435 1158 484 Forays
1192 455 1200 463 ·
1237 436 1317 483 Ego
1335 436 1444 472 frater
1463 437 1673 487 Radulphus

178 494 221 529 de
241 493 417 541 Abyrden
436 512 444 521 ·
471 493 550 541 Ego
569 493 678 529 frater
698 493 879 529 Henricus
898 493 942 528 de
961 493 1152 541 Gyseburn
1170 513 1179 521 ·
1208 493 1287 541 Ego
1305 493 1414 529 frater
1434 494 1609 531 Ricardus
1628 497 1671 532 de

178 550 316 586 Addun
350 570 358 578 ·
400 550 479 598 Ego
508 551 618 586 frater
642 551 843 587 Willelmus
872 551 916 586 de
945 550 1081 588 Dunde
1110 570 1118 578 ·
1147 551 1226 598 Ego
1254 551 1364 586 frater
1394 550 1602 587 Alexander
1631 554 1675 589 de

179 608 355 656 Inuernys
374 628 382 636 ·
413 608 493 656 Ego
517 608 627 644 frater
645 608 827 644 Robertus
851 608 896 644 de
915 607 1055 643 Addun
1074 628 1082 636 ·
1112 608 1192 656 Ego
1210 608 1320 644 frater
1339 608 1439 644 Serlo
1459 609 1503 644 de
1523 608 1673 657 Anegus

176 665 350 701 subscribo
366 685 374 693 ·

178 838 236 874 De
255 838 389 874 annulo
408 844 444 874 et
460 839 588 875 baculo
606 851 681 874 non
700 838 884 887 portandis
902 838 947 874 ad
966 839 1103 873 curiam
1119 857 1127 865 ·

179 952 380 1000 Gregorius
399 954 580 1001 episcopus
598 954 717 990 servus
734 953 917 989 servorum
936 953 1009 989 Dei
1028 953 1167 989 dilectis
1185 953 1266 988 filiis
1285 953 1436 989 Decano
1462 958 1498 989 et
1522 955 1677 1003 capitulo

179 1009 396 1046 moravienfi
408 1011 555 1047 salutem
570 1017 606 1047 et
619 1011 845 1060 apostolicam
862 1011 1151 1047 benedietionem
1171 1030 1178 1038 -
1213 1011 1334 1046 Debet
1351 1011 1419 1047 hoc
1437 1011 1534 1047 sedes
1547 1012 1682 1061 aposto-

179 1068 246 1103 lica
277 1068 378 1117 cujus
408 1069 572 1104 instantia
598 1069 646 1105 est
674 1070 836 1105 omnium
865 1067 1087 1105 ecclesiarum
1116 1068 1316 1104 sollicitudo
1345 1069 1517 1104 continua
1546 1070 1681 1105 summa

180 1138 246 1173 ope
265 1126 454 1173 providere
472 1132 514 1162 ut
533 1126 674 1163 ecclesie
692 1140 732 1163 ac
749 1127 818 1162 viri
837 1125 1053 1162 ecclesiastici
1071 1126 1108 1161 in
1126 1125 1186 1161 sua
1211 1126 1374 1162 libertate
1396 1126 1582 1163 serventur
1609 1147 1617 1155 ·
1646 1133 1682 1163 et

180 1183 228 1218 hii
247 1184 400 1219 maxime
418 1185 479 1231 qui
497 1185 534 1219 in
552 1185 698 1220 remotis
720 1184 879 1232 partibus
898 1183 1077 1219 constituti
1096 1184 1140 1218 ad
1156 1197 1233 1219 eam
1251 1182 1322 1219 fine
1341 1184 1455 1219 multa
1473 1184 1681 1220 difficultate

179 1253 254 1275 non
278 1241 419 1289 pofl'unt
444 1242 612 1278 accedere
640 1241 744 1290 ipsius
767 1240 954 1277 subfidium
985 1240 1088 1289 super
1118 1241 1187 1276 suis
1217 1241 1482 1289 gravaminibus
1506 1243 1653 1290 petituri
1672 1262 1680 1270 ·

182 1297 280 1333 Hinc
307 1298 355 1333 est
377 1300 474 1345 quod
500 1299 620 1335 vestris
643 1299 805 1347 precibus
831 1299 993 1335 inclinati
1013 1298 1229 1334 auctoritate
1252 1299 1468 1347 presentium
1492 1299 1680 1336 districtius

179 1355 379 1391 inhibemus
406 1369 451 1392 ne
478 1357 556 1404 quis
582 1356 724 1393 ecclefia
747 1356 861 1392 vestra
885 1356 1022 1405 pastore
1039 1361 1189 1392 vacante
1207 1356 1380 1404 impedire
1405 1357 1584 1405 presumat
1609 1371 1680 1405 quo

180 1413 296 1448 minus
320 1414 365 1448 ad
389 1414 603 1450 eleaeffionem
628 1414 806 1463 pontificis
829 1414 939 1450 libere
966 1418 1002 1449 et
1024 1413 1194 1449 canonice
1212 1414 1407 1461 procedere
1424 1414 1570 1450 valeatis
1586 1435 1594 1443 ·
1622 1428 1683 1451 ne-

180 1483 248 1517 que
271 1484 334 1506 vos
357 1471 524 1506 baculum
550 1471 759 1520 pastoralem
786 1477 822 1507 et
845 1471 914 1507 alia
935 1470 1084 1518 infignia
1106 1471 1325 1519 pontificalia
1352 1472 1398 1507 ad
1426 1472 1561 1507 curiam
1589 1473 1683 1508 secu-

181 1528 291 1563 larem
310 1529 375 1564 hec
394 1529 437 1564 ab
456 1529 527 1577 ipsa
544 1530 723 1578 recepturi
742 1529 881 1565 deferre
898 1529 1080 1577 temptetis
1107 1548 1115 1556 -
1144 1541 1226 1563 cum
1244 1528 1340 1575 quod
1358 1528 1536 1576 spirituale
1555 1529 1603 1565 est
1619 1543 1684 1578 per

182 1585 373 1621 secularem
391 1586 598 1634 potestatem
619 1600 694 1622 non
712 1587 818 1623 debet
837 1586 995 1622 exhiberi
1010 1606 1018 1614 ·
1037 1585 1141 1621 Nulli
1159 1599 1245 1633 ergo
1264 1586 1451 1621 hominum
1469 1586 1574 1622 liceat
1591 1587 1684 1623 hanc

181 1643 347 1690 paginam
377 1643 494 1679 nostre
525 1644 744 1680 inhibitionis
775 1644 969 1691 infringere
995 1643 1053 1679 vel
1079 1643 1112 1678 ei
1139 1643 1225 1678 ausu
1252 1644 1443 1679 temerario
1475 1645 1653 1681 contraire
1673 1665 1680 1673 ·

180 1698 204 1735 fi
234 1700 311 1747 quis
339 1706 458 1736 autem
487 1701 555 1737 hoc
583 1707 795 1750 attemptare
829 1701 1077 1750 presumpserit
1111 1700 1396 1748 indignationem
1428 1702 1682 1750 omnipotentis

181 1757 253 1793 Dei
279 1763 315 1793 et
341 1758 527 1794 beatorum
547 1759 644 1794 Petri
667 1765 703 1795 et
721 1759 824 1795 Pauli
841 1759 1081 1807 apostolorum
1109 1758 1184 1807 ejus
1207 1758 1240 1794 se
1264 1758 1410 1795 noverit
1426 1759 1652 1796 incursurum
1672 1781 1679 1788 ·

119 1831 121 1834 ¹
182 1815 318 1851 Datum
338 1815 494 1852 Lateran
514 1836 521 1844 ·
543 1816 666 1852 Idibus
685 1816 822 1866 Aprilis
841 1836 848 1845 ·
867 1816 1097 1865 pontificatus
1115 1815 1223 1852 nostri
1241 1829 1336 1851 anno
1356 1817 1481 1864 quinto
1501 1836 1509 1845 ·

184 1987 406 2024 Escambium
422 1989 525 2037 super
543 1994 640 2025 terra
657 1990 701 2026 de
720 1989 858 2039 Dolays
875 1990 1008 2028 michel
1026 1995 1062 2026 et
1081 1990 1240 2026 dauacha
1256 1993 1352 2025 terre
1371 1990 1409 2025 in
1429 1989 1652 2026 Strathardol
1672 2010 1679 2018 ·

109 2110 157 2149 79
185 2101 362 2139 Omnibus
391 2104 511 2141 fauete
543 2105 664 2140 matris
695 2104 836 2141 ecclefie
866 2105 946 2141 filiis
975 2106 1044 2142 hoc
1071 2105 1239 2154 scriptum
1266 2105 1391 2141 visuris
1421 2106 1479 2142 vel
1509 2107 1683 2142 audituris

185 2160 349 2197 Andreas
365 2161 588 2209 permissione
608 2162 728 2198 divina
746 2162 975 2199 OEoravienfis
993 2163 1174 2212 episcopus
1193 2169 1353 2199 eternam
1367 2163 1405 2198 in
1419 2163 1581 2199 Domino
1595 2164 1681 2199 salu-

184 2223 256 2253 tem
275 2238 283 2246 ·
309 2219 493 2256 Noveritis
510 2219 664 2256 universi
681 2233 747 2256 nos
765 2221 809 2256 de
828 2220 971 2257 confilio
990 2227 1026 2258 et
1042 2221 1229 2258 voluntate
1254 2226 1290 2257 et
1312 2221 1481 2257 consensu
1504 2222 1627 2257 decani
1645 2227 1679 2257 et
