2060 2660
345 169 414 201 138
494 160 502 170 ’
737 163 1053 201 REGISTRUM
1082 161 1449 200 MORAVIENSE.

340 264 466 300 divisas
483 264 559 300 suas
577 269 613 299 et
630 276 712 299 cum
731 264 896 299 omnibus
907 263 1009 312 justis
1029 262 1254 311 pertinentiis
1278 260 1345 296 suis
1368 260 1406 294 in
1430 271 1558 307 puram
1578 263 1613 293 et
1631 263 1840 307 perpetuam

340 320 565 357 elemosinam
585 341 594 349 ·
624 321 747 364 Quare
766 321 850 357 volo
870 327 905 356 et
923 321 1082 357 concedo
1100 325 1141 355 ut
1160 319 1277 354 dietus
1296 317 1490 365 Episcopus
1508 320 1544 351 et
1561 315 1769 352 successores
1791 317 1842 353 sui

340 379 491 428 episcopi
509 379 751 416 moravienses
769 379 967 427 predietam
987 386 1117 413 terram
1138 377 1182 411 de
1202 375 1415 422 Inuerlothy
1434 373 1587 409 habeant
1605 393 1614 402 ·
1642 379 1789 410 teneant
1806 381 1843 411 et

339 435 535 484 possideant
553 450 597 472 ex
616 437 712 472 (10110
731 450 811 472 meo
830 450 893 484 per
911 436 1027 471 rectas
1046 434 1170 470 divisas
1188 434 1263 468 suas
1282 437 1318 467 et
1335 444 1416 467 cum
1434 430 1599 467 omnibus
1617 433 1841 480 pertinentiis

338 494 405 529 suis
422 494 460 530 in
477 495 582 530 bosco
601 500 637 530 et
655 494 763 543 plano
791 513 799 522 ·
827 494 864 528 in
882 493 986 529 terris
1004 497 1040 527 et
1057 491 1155 538 aquis
1174 497 1209 526 et
1227 489 1381 538 piscariis
1404 508 1412 517 ·
1441 489 1479 524 in
1496 490 1606 537 pratis
1624 495 1660 526 et
1677 491 1812 538 pascuis
1831 511 1839 519 ·

338 552 375 587 in
400 552 508 588 moris
530 558 565 588 et
589 551 741 587 marefiis
761 571 769 579 ·
795 552 832 586 in
859 549 1040 585 montibus
1067 554 1102 584 et
1129 548 1278 584 collibus
1298 566 1306 575 ·
1333 547 1369 582 in
1393 546 1521 594 stagnis
1543 552 1579 583 et
1596 547 1811 584 molendinis
1830 568 1839 577 ·

338 609 375 644 in
392 609 458 645 viis
477 615 512 646 et
531 610 660 645 semitis
676 629 684 637 ·
699 610 735 644 in
754 608 865 644 libera
882 607 981 642 curia
999 611 1034 642 et
1052 606 1189 654 placitis
1207 610 1244 641 et
1262 605 1403 640 escaetis
1418 624 1426 632 ·
1443 605 1481 640 in
1499 604 1625 641 relivio
1644 611 1679 641 et
1693 606 1816 642 warda
1831 626 1839 635 -

338 672 473 703 etcum
492 667 657 703 omnibus
676 667 752 702 aliis
771 665 991 701 libertatibus
1018 684 1026 692 ·
1055 663 1202 699 servitiis
1226 682 1234 690 ·
1263 661 1459 698 afiamentis
1487 668 1523 698 et
1548 663 1774 712 pertinentiis
1794 665 1839 700 ad

336 725 533 773 predi&am
553 730 685 760 terram
705 723 944 772 spe6hmtibus
960 742 968 750 ·
987 722 1076 757 adeo
1096 721 1206 756 libere
1222 740 1229 748 ·
1249 720 1369 767 quiete
1384 740 1392 748 ·
1412 720 1570 769 plenarie
1589 727 1625 757 et
1643 722 1840 759 honorifice

336 781 422 818 ficut
439 782 557 830 aliqua
576 788 670 818 terra
688 780 914 817 elemofinata
931 781 968 815 in
987 792 1099 827 regno
1119 778 1237 814 Scotie
1256 778 1396 826 plenius
1411 798 1419 806 ·
1438 778 1584 815 liberius
1603 798 1611 807 ·
1631 780 1785 827 quietius
1803 786 1839 817 et

336 839 630 875 honorificentius
648 839 691 874 ab
710 839 828 886 aliquo
846 843 991 873 tenetur
1009 842 1044 872 et
1063 835 1258 883 poffidetur
1273 855 1281 864 ·
1297 836 1391 872 salvo
1408 836 1581 872 forinseco
1599 837 1740 873 servitio
1756 838 1838 874 Sco-

335 898 453 933 ticano
473 898 608 933 domini
629 897 738 944 Regis
756 901 927 943 quantum
948 895 993 930 ad
1011 895 1162 930 eandem
1181 899 1313 930 terram
1332 894 1488 942 pertinet
1506 913 1515 922 ·
1541 895 1637 942 quod
1654 896 1838 943 predictus

337 955 530 1003 Episcopus
553 961 588 990 et
613 954 662 990 sui
687 953 893 989 successores
912 951 1063 1000 episcopi
1082 952 1323 988 moravienses
1347 952 1753 1001 tantummodoffacient
1777 954 1838 989 do-

335 1013 432 1048 mino
453 1013 545 1060 Regi
564 1013 607 1047 de
626 1012 723 1047 dieta
741 1017 837 1046 terra
862 1030 870 1038 ·
901 1010 998 1045 Dedi
1023 1009 1130 1045 etiam
1156 1015 1192 1045 et
1215 1010 1376 1057 quietum
1395 1009 1545 1045 clamavi
1564 1010 1601 1045 in
1620 1010 1784 1046 omnibus
1802 1017 1838 1047 et

333 1083 396 1116 per
423 1070 543 1106 omnia
569 1070 732 1118 predi&o
760 1068 906 1104 domino
934 1067 1110 1116 Episcopo
1137 1073 1173 1103 et
1199 1067 1364 1103 omnibus
1393 1068 1562 1116 episcopis
1589 1069 1751 1105 moravie
1777 1068 1836 1105 fibi

334 1127 533 1163 succeffuris
552 1133 667 1163 totum
687 1126 748 1175 jus
769 1126 864 1174 quod
884 1125 991 1161 habui
1009 1125 1067 1161 vel
1084 1125 1216 1161 habere
1234 1126 1336 1174 potui
1358 1125 1396 1161 in
1419 1126 1516 1161 dieta
1533 1131 1629 1161 terra
1647 1126 1692 1162 de
1712 1126 1837 1163 Inuer-

333 1185 419 1220 lothi
452 1191 487 1221 et
517 1185 613 1232 quod
644 1184 769 1232 aliquis
800 1184 973 1227 heredum
1004 1196 1169 1219 meorum
1200 1183 1332 1219 habere
1362 1184 1527 1232 potuiffet
1558 1184 1595 1219 in
1626 1184 1804 1232 posterum
1827 1205 1835 1213 ·

332 1242 463 1278 nichilo
481 1243 578 1290 quod
596 1242 735 1277 ratione
754 1242 916 1290 predie‘ce
934 1247 1030 1277 terre
1048 1241 1121 1290 peti
1139 1241 1197 1277 vel
1216 1241 1310 1289 exigi
1329 1242 1461 1290 poterit
1478 1242 1554 1277 ullo
1572 1255 1731 1289 unquam
1750 1248 1836 1278 tem-

330 1313 417 1346 pore
441 1314 462 1336 a
486 1313 542 1336 me
566 1301 623 1336 vel
644 1299 687 1335 ab
710 1300 829 1347 aliquo
853 1299 1026 1335 heredum
1051 1312 1214 1335 meorum
1239 1299 1326 1334 mihi
1349 1299 1407 1335 seu
1432 1299 1631 1348 cuicunque
1654 1300 1834 1336 dictorum

330 1358 500 1394 heredum
520 1358 556 1393 in
576 1358 753 1406 posterum
774 1363 915 1393 retento
931 1377 939 1385 ·
960 1357 1064 1393 Salva
1078 1362 1207 1393 tenura
1221 1357 1363 1393 Thome
1377 1357 1440 1392 filii
1458 1358 1639 1405 quondam
1659 1358 1835 1395 Johannis

331 1416 374 1451 de
394 1415 595 1451 Inuerlothi
613 1415 672 1452 fibi
692 1421 727 1451 et
745 1415 935 1452 heredibus
953 1415 1021 1450 suis
1039 1415 1076 1450 in
1095 1415 1257 1463 predi&a
1274 1420 1371 1451 terra
1386 1415 1493 1464 juxta
1511 1416 1661 1451 formam
1681 1416 1719 1451 in
1737 1422 1834 1452 carta

331 1474 389 1509 sua
406 1474 489 1509 inde
507 1474 672 1510 confeEta
690 1479 895 1509 contentam
929 1493 937 1501 ·
983 1473 1096 1510 Salvis
1115 1473 1221 1509 etiam
1241 1474 1388 1509 domino
1408 1473 1589 1522 Fretkyno
1609 1474 1652 1509 de
1671 1475 1835 1511 moravia

330 1537 365 1566 et
390 1531 579 1567 heredibus
604 1532 672 1567 suis
698 1532 812 1567 tribus
838 1532 965 1567 marcis
991 1532 1120 1567 annuis
1140 1530 1202 1567 fibi
1225 1545 1246 1567 a
1272 1545 1329 1567 me
1356 1531 1393 1567 in
1420 1532 1518 1567 dicta
1544 1537 1641 1568 terra
1666 1533 1805 1568 collatis
1823 1552 1831 1561 ·

332 1588 410 1636 Ego
429 1602 515 1624 vero
534 1595 569 1624 et
588 1589 735 1625 heredes
753 1590 823 1625 mei
842 1603 966 1626 omnes
983 1590 1183 1638 predictam
1198 1594 1330 1625 terram
1347 1590 1391 1626 de
1407 1590 1608 1625 Inuerlothi
1623 1603 1705 1626 cum
1720 1592 1834 1627 omni-

328 1646 394 1681 bus
412 1651 447 1681 et
465 1645 607 1693 fingulis
625 1647 848 1695 pertinentiis
866 1647 934 1683 suis
951 1646 1039 1683 ficut
1056 1648 1261 1696 predictum
1280 1647 1329 1683 est
1345 1648 1509 1696 predicte
1528 1647 1669 1684 ecclefie
1691 1654 1727 1684 et
1748 1649 1832 1699 epis-

329 1704 425 1751 copis
443 1703 721 1740 moraviensibus
739 1711 865 1740 contra
889 1719 1012 1741 omnes
1036 1706 1199 1741 homines
1223 1711 1259 1741 et
1282 1719 1407 1741 omnes
1424 1706 1573 1742 feminas
1590 1707 1831 1743 varandizabi-

330 1774 408 1796 mus
426 1761 462 1795 in
476 1767 689 1809 perpetuum
709 1768 744 1797 et
763 1762 994 1798 defendemus
1016 1783 1025 1791 ·
1065 1763 1110 1799 In
1129 1763 1230 1812 cujus
1248 1764 1299 1799 rei
1318 1763 1558 1799 testimonium
1577 1764 1645 1800 hoc
1663 1764 1829 1814 scriptum

329 1817 428 1866 sigilli
455 1819 524 1853 mei
555 1818 765 1867 appenfionc
796 1821 863 1856 feci
895 1821 1064 1857 roborare
1101 1841 1109 1849 ·
1155 1821 1318 1857 Testibus
1349 1822 1496 1857 domino
1526 1821 1708 1858 Willelmo
1741 1823 1829 1859 Dun

329 1877 464 1911 decano
482 1876 695 1913 moravienfi
719 1897 727 1905 ·
767 1877 928 1914 chrico
953 1885 1165 1927 precentore
1192 1899 1201 1907 ·
1241 1880 1287 1915 R·
1310 1879 1528 1915 thesaurario
1557 1899 1566 1908 -
1606 1880 1829 1917 Archibaldo

332 1933 454 1969 Heroc
485 1934 734 1970 archidiacono
766 1934 907 1972 ecclefie
935 1936 1166 1973 moraviensis
1193 1957 1201 1965 ·
1239 1937 1385 1973 domino
1416 1937 1564 1985 Rogero
1593 1938 1800 1975 succentore
1819 1959 1827 1967 ·

328 1992 494 2029 Johanne
513 1992 556 2027 de
578 1991 809 2028 Hollebeckis
824 2012 831 2021 ·
861 1993 944 2029 Ada
963 1995 1007 2030 de
1027 1995 1187 2031 Brenhat
1205 2015 1214 2023 ·
1233 1995 1414 2031 canonicis
1432 1994 1713 2032 moraviensibus
1732 2015 1741 2024 ·
1767 1997 1828 2033 do-

327 2050 426 2085 mino
441 2049 621 2085 willelmo
639 2050 758 2098 priore
773 2051 820 2086 de
840 2051 1005 2087 Urchard
1024 2072 1032 2080 ·
1059 2053 1206 2088 domino
1225 2053 1394 2089 Gilberto
1413 2053 1457 2088 de
1473 2053 1592 2089 Roule
1610 2053 1723 2089 milite
1741 2059 1828 2091 tunc

328 2107 536 2143 vicecomite
564 2107 608 2143 de
628 2126 810 2136 ·······
836 2108 979 2144 Thoma
997 2109 1154 2146 Wisman
1175 2130 1329 2139 ······
1348 2111 1482 2160 thayno
1501 2111 1545 2146 de
1565 2111 1709 2147 Rathen
1729 2131 1737 2140 ·
1758 2131 1766 2140 ·
1789 2132 1797 2140 ·
1818 2133 1825 2141 ·

328 2164 465 2212 Dusgal
484 2164 616 2212 thayno
636 2184 1049 2195 ...............
1067 2167 1298 2205 Archebaldo
1317 2169 1361 2205 de
1380 2187 1825 2198 ................

331 2222 490 2270 Hugone
521 2222 655 2271 thayno
681 2242 1356 2256 ........................
1379 2225 1560 2275 Heerle
1596 2245 1604 2253 .
1642 2226 1825 2275 Stephano

328 2280 403 2316 filio
422 2299 693 2309 ··········
715 2280 877 2317 Henrico
895 2283 1080 2331 capellano
1099 2284 1143 2319 de
1163 2284 1326 2332 Rothays
1349 2302 1648 2313 ···········
1668 2290 1703 2320 et
1721 2285 1797 2321 aliis
1816 2306 1824 2314 ·

329 2338 466 2374 Datum
484 2338 579 2387 apud
599 2358 894 2368 ···········
909 2341 1023 2388 gratie
1039 2345 1176 2378 ·c0⁰·cc⁰·
1192 2341 1404 2391 sexagesimo
1418 2361 1427 2370 ·
1442 2341 1549 2378 tertio
1565 2341 1652 2377 Idus
1664 2342 1801 2390 Aprilis
1816 2363 1823 2371 ·
