1912 2660
258 91 329 126 436
683 87 937 124 RENTALE
965 86 1319 125 EPISCOPATUS
1762 101 1880 127 SPYNE.

261 189 371 220 erm
389 188 653 220 Eccmsms'rch
671 187 783 218 Sancti
799 187 930 218 Andree
946 187 1031 217 infra
1051 187 1214 218 baroniam
1236 187 1275 217 de
1298 186 1415 227 Spyne,
1443 190 1475 216 et
1502 185 1579 216 villa
1602 185 1641 216 de
1662 184 1763 217 E1km

261 240 346 271 infra
364 239 528 271 baroniam
545 240 583 270 de
602 239 751 276 Birneth‚
778 250 851 269 cum
871 238 994 269 brafina
1010 243 1041 269 et
1057 238 1161 269 crofta
1175 237 1314 279 ejusdem
1329 236 1406 268 ville
1425 237 1464 267 de
1480 236 1591 275 Esszill,
1608 235 1715 268 solvesl
1731 236 1765 267 in

262 303 347 323 anno
363 291 431 333 xiiij
448 291 503 322 lib.
520 291 552 322 ix
564 294 588 321 Ξ.
605 290 651 332 iiij
670 291 700 321 d.
717 290 904 321 feodifirme.

381 342 525 374 Heredes
541 342 662 373 domini
679 342 718 373 de
736 342 833 372 Innes

266 446 496 476 Susmzmnu,
511 445 618 476 solvefr
633 445 665 475 in
679 455 764 475 anno
776 454 840 474 xxx
851 446 875 473 Ξ.
888 443 988 473 annui
1000 442 1155 478 redditus,
1168 451 1263 471 unam
1276 440 1390 471 libram
1403 441 1531 483 piperis,
1544 453 1639 472 unam
1654 442 1766 473 libram

264 497 453 534 cucumeris,
471 503 503 528 et
520 497 578 527 hoc
595 507 653 538 pro
669 496 729 526 situ
744 494 883 536 ejusdem
899 496 991 535 super
1008 499 1109 524 terras
1126 491 1361 523 ecclesiasticas.

396 548 579 579 Alexander
596 546 773 588 Urquhard
789 545 964 588 prepofitus
980 546 1019 576 de
1035 544 1133 575 Fores

267 651 379 681 V1LLA
396 661 467 682 suff:
485 661 598 681 'mmm
616 659 659 680 DE
678 649 905 679 Sanum-'Min
925 647 1032 677 solvesl
1053 646 1087 677 in
1109 657 1194 677 anno
1218 658 1316 678 unam
1343 646 1458 678 libram
1481 647 1610 689 piperis,
1634 658 1708 678 cum
1723 648 1769 678 xii

267 701 450 733 messoribus
467 713 531 733 uno
547 702 597 732 die
613 701 645 731 in
663 706 850 742 autumpno,
869 704 998 730 tenetur
1014 698 1046 729 in
1064 698 1167 740 capite
1183 698 1222 729 de
1238 698 1367 730 ecclefia
1378 703 1411 730 et
1423 698 1567 741 episcopo
1578 699 1768 731 Moravienfi

267 754 301 784 in
318 753 496 784 seodifirma
515 758 610 794 prout
626 753 659 782 in
677 751 816 792 registro.

399 805 486 836 Idem
503 804 688 835 Alexander
706 802 882 844 Urquhard
897 807 928 833 et
945 801 1132 832 Alexander
1150 801 1256 833 Nicoll
1272 801 1341 844 ejus
1358 808 1480 833 tenens.

799 904 844 912 ...-

400 959 540 990 Cristina
554 958 674 989 Forbes
719 962 836 998 quarta
852 967 925 998 pars

270 1063 532 1093 MAssouxLAND
558 1061 643 1091 infra
667 1061 806 1100 burgum
832 1060 870 1090 de
892 1059 990 1101 Elgin
1013 1059 1120 1090 solvefi
1143 1060 1176 1090 in
1200 1071 1286 1091 anno
1303 1060 1335 1090 vi
1351 1063 1377 1091 Ξ.
1393 1060 1449 1091 viii
1466 1060 1495 1091 d.
1513 1060 1695 1092 infeodatur
1719 1071 1774 1103 per

270 1113 461 1155 Episcopum
477 1119 508 1143 et
525 1112 686 1143 ecclesiam
703 1110 936 1143 Moraviensem
952 1112 986 1142 in
1002 1111 1159 1152 burgagio
1175 1116 1206 1142 et
1223 1111 1412 1142 seodifirma.

271 1217 524 1247 TENEMENTUM
541 1215 670 1246 Andree
683 1214 804 1245 Moreis
820 1214 906 1245 infra
920 1214 1113 1256 burgagium
1129 1214 1237 1245 solvefi
1254 1214 1287 1245 in
1303 1225 1389 1246 anno
1405 1226 1425 1245 x
1437 1218 1460 1245 Ξ.
1479 1221 1616 1252 monete,
1635 1215 1775 1246 infeoda-

273 1274 325 1299 tur
342 1279 397 1310 per
413 1267 576 1299 eccleliam
592 1272 624 1297 et
641 1265 822 1308 episcopum
838 1265 1073 1297 Moraviensem
1089 1266 1123 1296 in
1140 1266 1330 1297 feodifirma.

403 1319 543 1350 Thomas
561 1319 710 1359 Wmsray

274 1423 525 1453 TENEMENTUM
542 1421 674 1452 Domini
693 1421 829 1452 Roberti
845 1420 963 1451 Fleffar
978 1421 1064 1451 infra
1082 1421 1222 1462 burgum
1245 1421 1285 1452 de
1308 1420 1406 1462 Elgin
1430 1420 1537 1451 solvesi
1553 1421 1585 1451 in
1602 1432 1687 1452 anno
1703 1421 1735 1452 vi
1752 1425 1775 1451 Ξ.

274 1475 329 1504 viii
346 1474 376 1504 d.
394 1479 520 1504 tentum
538 1474 576 1504 de
593 1473 721 1505 ecclesia
737 1478 769 1504 et
784 1472 929 1515 episeopo
946 1472 1138 1504 Moravienfi
1155 1474 1187 1504 in
1205 1473 1362 1514 burgagio
1377 1478 1409 1504 et
1424 1472 1615 1504 feodifirma.

405 1525 544 1555 Jacobus
562 1525 684 1556 Gardin

278 1630 530 1660 TENl-:MENTUM
560 1629 739 1659 Alexandri
764 1628 968 1659 Hatmakker
993 1628 1079 1659 infra
1103 1628 1297 1669 burgagium
1321 1628 1360 1659 de
1384 1628 1482 1669 Elgin
1506 1627 1611 1658 solvet]
1637 1628 1668 1658 in
1692 1639 1777 1658 anno

277 1680 345 1722 xiiij
359 1684 384 1710 Ξ.
400 1686 525 1711 tentum
543 1681 581 1711 de
597 1681 726 1712 eeclefia
741 1686 773 1712 et
788 1680 932 1723 episcopo
949 1680 1141 1711 Moravienfi
1158 1679 1215 1711 sub
1231 1680 1387 1721 burgagio
1403 1685 1435 1711 et
1451 1679 1640 1711 feodifirma.

407 1732 547 1762 Thomas
564 1732 691 1763 Umfra.

279 1835 535 1866 BAxTEchorr
551 1835 636 1876 apud
654 1835 749 1875 Elgin
768 1835 874 1865 sblvesi
891 1835 924 1865 in
941 1846 1026 1866 anno
1042 1835 1099 1866 xiii
1116 1838 1140 1866 Ξ.
1157 1835 1203 1877 iiij
1221 1835 1252 1866 d.

409 1886 548 1916 Jacobus
567 1887 662 1916 lnncs
679 1887 717 1917 (le
733 1887 867 1928 Dranye
884 1887 1079 1917 feodatarius

407 1937 545 1968 Jacobus
563 1937 705 1968 WVilsoun
723 1938 935 1979 archicoquus

281 2041 439 2071 Rows‘ris
455 2051 564 2071 enom*
580 2040 684 2071 solvan
703 2041 734 2070 in
752 2052 837 2071 anno
853 2041 953 2071 xxxiii
966 2044 991 2072 Ξ.
1008 2041 1054 2083 iiij
1070 2041 1101 2073 d.
1119 2040 1308 2072 seodffirme-

410 2092 549 2122 Jacobus
567 2092 662 2122 Inncs
680 2092 874 2122 feodatarius

411 2143 550 2174 Jacobus
570 2144 605 2173 W
611 2143 711 2174 ilsoun
728 2143 941 2184 archicoquus
958 2148 1070 2175 tenens
1086 2156 1144 2187 pro
1161 2144 1251 2176 vitali
1267 2144 1396 2176 redditu
1412 2148 1539 2175 tantum
