2060 2660
244 1787 290 1818 130
299 1788 310 1818 1

368 180 441 212 ⁶240
763 176 1082 214 REGISTRUM
1106 176 1472 213 MORAVIENSE.

368 275 598 313 moravienfis
616 276 752 312 decano
772 296 780 304 ·
801 263 945 313 Thoma
962 275 1067 324 Lessy
1084 276 1258 312 canonico
1277 273 1525 311 Dunkeldenfi
1545 293 1553 302 ·
1572 274 1740 311 Johanne
1759 275 1871 323 Spens

366 334 509 370 rectore
528 334 571 370 de
584 334 787 371 Johnstoun
806 354 814 363 ·
839 334 1003 370 Roberto
1025 334 1134 369 Innes
1151 334 1188 369 in
1209 334 1351 381 Drainy
1369 351 1378 360 ·
1400 332 1568 368 Johanne
1590 332 1698 367 Innes
1715 333 1752 367 in
1767 333 1870 369 Dun-

365 391 488 440 kenyti
504 411 512 420 ·
534 392 696 429 Henrico
711 393 838 441 Troup
854 412 862 420 ·
878 405 959 428 cum
980 391 1123 427 diverfis
1140 391 1217 426 aliis
1234 390 1378 426 testibus
1392 390 1436 424 ad
1451 389 1615 437 premissa
1627 391 1763 426 vocatis
1780 391 1868 439 pari-

364 456 420 543 ἒξ
433 455 714 556 ἒὲζοέῗῐιιίἰάυε
733 508 875 544 Thome
899 506 1080 555 presbyter
1107 503 1338 542 moravienfis
1368 505 1545 541 dioceseos
1569 505 1732 553 publicus
1759 507 1868 555 impe·

363 565 441 601 riali
472 566 688 602 aufitoritate
716 566 877 601 notarius
903 564 987 612 quia
1017 562 1188 611 premiffis
1216 563 1480 598 continuationi
1504 562 1700 599 extenfioni
1725 570 1761 600 et
1787 578 1867 613 pro·

363 624 540 671 rogationi
559 624 752 672 ceterisque
770 621 939 659 universis
954 627 990 658 et
1007 621 1152 668 singulis
1168 621 1253 655 dum
1269 619 1313 656 fic
1328 626 1368 656 ut
1385 621 1606 669 premittitur
1623 627 1818 669 agerentur
1831 629 1867 659 et

361 681 489 717 fierent
519 695 592 717 una
622 695 704 718 cum
731 680 987 730 prenominatis
1019 678 1163 715 testibus
1195 678 1335 726 presens
1366 679 1513 715 interfui
1540 692 1651 727 eaque
1679 681 1800 716 omnia
1830 687 1865 717 et

361 737 495 786 singula
518 739 562 775 fic
591 740 668 775 fieri
692 745 728 775 et
751 740 819 774 dici
838 738 910 773 vidi
938 737 1020 773 scivi
1046 743 1082 772 et
1107 737 1229 772 audivi
1256 742 1292 772 et
1319 737 1355 772 in
1381 743 1503 773 notam
1529 738 1607 786 cepi
1624 738 1778 786 ideoque
1797 739 1864 775 hoc

360 797 500 845 presens
527 798 708 846 publicum
733 797 1007 832 instrumentum
1035 794 1238 843 hujusmodi
1257 796 1549 843 prorogationem
1569 795 1808 832 extensionem
1829 803 1864 833 et

359 855 666 891 continuationem
693 856 729 890 in
756 854 956 890 continenti
981 853 1110 889 exinde
1129 853 1327 888 confectam
1347 854 1384 889 in
1403 854 1495 889 hanc
1514 854 1664 889 formam
1684 855 1861 902 publicam

357 914 480 962 redegi
509 913 676 962 signoque
705 914 850 949 nomine
875 912 1091 959 cognomine
1118 917 1154 947 et
1181 912 1434 960 subscriptione
1463 912 1550 947 meis
1578 912 1686 947 solitis
1715 919 1750 948 et
1778 926 1862 949 con-

357 971 461 1007 suetis
490 985 562 1007 una
588 985 668 1007 cum
695 971 886 1019 subscripto
914 970 1056 1005 notario
1081 970 1224 1018 publico
1251 969 1383 1018 signavi
1402 976 1549 1018 rogatus
1567 976 1603 1006 et
1621 969 1806 1017 requisitus
1824 972 1860 1007 in

354 1029 459 1065 fidem
481 1036 516 1065 et
534 1029 773 1065 testimonium
794 1029 955 1064 omnium
976 1033 1012 1063 et
1030 1026 1249 1075 singulorum
1269 1029 1516 1077 premissorum
1532 1048 1540 1056 ·

355 1087 402 1122 Et
430 1100 496 1135 ego
528 1087 722 1123 Gillelmus
755 1087 877 1135 Dowy
908 1085 1090 1135 presbyter
1119 1086 1374 1122 Sanctiandree
1404 1087 1583 1122 dioceseos
1611 1086 1774 1134 publicus
1797 1087 1860 1123 im-

352 1145 475 1192 periali
503 1151 538 1180 et
565 1146 676 1192 regali
701 1144 973 1180 auctoritatibus
1000 1145 1161 1180 notarius
1185 1143 1355 1193 premiflis
1374 1145 1539 1180 omnibus
1557 1150 1593 1180 et
1610 1143 1754 1192 singulis
1773 1145 1858 1180 dum

353 1201 394 1237 lic
419 1208 459 1238 ut
482 1203 703 1251 premittitur
729 1208 923 1251 agerentur
949 1203 1155 1238 dicerentur
1181 1208 1217 1238 et
1241 1203 1370 1239 fierent
1391 1216 1464 1239 una
1482 1216 1564 1238 cum
1583 1203 1725 1238 notario
1743 1203 1859 1252 supra-

350 1260 477 1308 scripto
506 1274 547 1295 ac
576 1260 718 1296 testibus
746 1261 888 1309 presens
916 1261 1064 1296 interfui
1093 1274 1204 1308 eaque
1230 1261 1350 1297 omnia
1377 1267 1413 1297 et
1439 1260 1576 1309 singula
1603 1259 1647 1296 fic
1674 1261 1751 1296 fieri
1777 1261 1858 1297 scivi

349 1318 421 1353 vidi
448 1324 483 1353 et
507 1319 627 1353 audivi
655 1324 691 1354 et
717 1319 754 1354 in
781 1325 904 1354 notam
931 1319 1007 1367 cepi
1035 1319 1188 1367 ideoque
1210 1319 1352 1367 presens
1376 1319 1558 1368 publicum
1584 1318 1856 1355 instrumentum

348 1389 455 1411 manu
482 1376 597 1412 aliena
620 1377 774 1413 fideliter
795 1377 963 1425 scriptum
992 1378 1048 1412 hic
1073 1390 1129 1413 me
1156 1377 1405 1413 subscribendo
1429 1376 1606 1425 subscripsi
1624 1376 1721 1425 signo
1741 1384 1776 1413 ct
1795 1390 1856 1413 no-

347 1434 442 1469 mine
462 1448 541 1470 meo
568 1435 676 1470 solitis
699 1449 739 1471 ac
764 1434 942 1471 consuetis
965 1434 1097 1483 signavi
1117 1441 1264 1483 rogatus
1282 1441 1318 1472 et
1336 1434 1520 1483 requisitus
1539 1436 1576 1470 in
1590 1435 1698 1471 fidem
1716 1441 1752 1471 et
1766 1435 1856 1471 testi-

347 1493 508 1528 monium
527 1493 689 1529 omnium
709 1500 744 1530 et
762 1493 983 1542 singulorum
1002 1494 1250 1543 premifl'orum
1266 1513 1274 1522 ·

347 1666 581 1703 Continuatio
601 1667 754 1716 ejusdem
777 1688 784 1696 ·

347 1782 390 1817 In
410 1782 482 1818 Dei
505 1783 650 1818 nomine
675 1796 807 1819 amen·
838 1784 907 1819 Per
934 1784 1003 1820 hoc
1031 1784 1173 1832 presens
1197 1783 1379 1832 publicum
1407 1783 1682 1819 instrumentum
1710 1785 1849 1821 cunctis

344 1846 462 1888 pateat
487 1841 672 1876 evidenter
701 1841 797 1888 quod
826 1855 921 1877 anno
950 1842 993 1877 ab
1019 1842 1272 1878 Incarnatione
1292 1842 1444 1877 Domini
1472 1840 1655 1878 millesimo
1682 1843 1849 1890 quadrin-

342 1897 536 1945 gentefimo
555 1898 782 1946 nonagesimo
809 1899 962 1935 secundo
987 1899 1112 1936 mensis
1135 1914 1223 1936 vero
1246 1901 1333 1938 maii
1358 1901 1415 1936 die
1440 1899 1601 1936 vicesima
1622 1901 1737 1949 prima
1756 1920 1764 1929 ·
1797 1902 1849 1937 in-

344 1956 503 1991 dictione
523 1957 661 1992 decima
679 1976 687 1985 ·
720 1958 947 2005 pontificatus
966 1957 1164 1995 sanctissimi
1188 1959 1226 1994 in
1245 1958 1385 1995 Christo
1404 1959 1513 2007 patris
1532 1964 1568 1994 et
1586 1959 1723 1994 domini
1740 1958 1849 1995 nostri

343 2013 480 2049 domini
509 2013 712 2050 innocentii
737 2015 857 2050 divina
876 2016 1084 2064 disponente
1103 2017 1293 2053 clementia
1313 2017 1408 2066 Pape
1433 2017 1549 2052 octavi
1568 2030 1663 2052 anno
1688 2018 1818 2053 octavo
1837 2037 1846 2045 ·

342 2072 379 2106 in
398 2072 467 2107 mei
486 2072 614 2107 notarii
634 2073 765 2120 publici
784 2078 820 2108 et
838 2074 976 2109 testium
1002 2076 1275 2124 subscriptorum
1303 2075 1479 2124 presentia
1506 2075 1739 2124 personaliter
1765 2088 1848 2111 con-

341 2129 451 2165 stituti
478 2130 614 2166 nobiles
638 2131 858 2166 venerabiles
881 2137 916 2167 et
940 2134 1081 2180 providi
1099 2134 1166 2169 viri
1187 2134 1396 2170 Alexander
1421 2133 1575 2169 Dunbar
1599 2133 1643 2168 de
1662 2133 1818 2169 Vestfeld
1837 2153 1845 2161 ·

341 2193 377 2223 et
403 2187 560 2225 Jacobus
585 2189 740 2224 Dunbar
764 2189 808 2224 de
828 2189 997 2225 Comnok
1016 2191 1144 2227 milites
1163 2211 1171 2219 ·
1200 2191 1364 2239 magister
1389 2191 1508 2227 Adam
1528 2191 1678 2226 Gordon
1701 2203 1846 2239 precen-

339 2251 397 2281 tor
416 2265 423 2274 ·
455 2246 658 2282 Willelmus
677 2247 897 2283 Winchestre
925 2248 1162 2285 thesaurarius
1190 2249 1402 2286 cathedralis
1424 2248 1566 2285 ecclesie
1585 2247 1816 2285 moraviensis
1835 2268 1843 2277 -
