2066 2780
361 162 407 193 ⁶24
750 158 1066 195 REGISTRUM
1093 156 1454 194 MORAVIENSE.

360 257 544 292 dominum
572 257 730 292 Bricium
758 257 958 305 episcopum
985 256 1146 293 moravie
1174 260 1209 291 et
1236 259 1373 302 patrem
1399 253 1551 301 predicti
1575 253 1725 290 Walteri
1754 256 1855 305 super

359 314 529 362 predictis
547 313 696 349 ecclefiis
714 319 749 349 et
767 312 908 349 ecclelia
922 314 966 348 de
981 313 1151 360 Artyldol
1170 317 1282 346 ratam
1300 315 1336 346 et
1354 310 1493 345 firmam
1511 315 1548 346 et
1564 310 1721 348 stabilem
1736 314 1855 351 decre-

358 377 489 406 verunt
519 371 716 407 habendam
749 390 757 399 ·
794 376 829 406 et
857 370 1116 405 ordinationem
1145 368 1323 416 prebende
1350 367 1482 402 saetam
1508 372 1671 421 tempore
1701 372 1854 418 predififi

360 428 508 464 Andree
533 429 683 476 episcopi
707 428 750 463 de
773 427 936 462 omnibus
955 426 1098 461 decimis
1115 425 1304 473 garbarum
1327 424 1616 472 provenientium
1637 426 1729 463 infra
1752 442 1854 477 paro-

358 485 453 520 chias
471 486 514 521 de
534 486 729 521 Abirlouer
750 491 786 520 et
804 485 847 520 de
866 484 1072 531 Butruthyn
1098 483 1135 517 in
1161 488 1373 530 perpetuum
1400 481 1438 516 in
1465 483 1651 519 canoniam
1678 484 1854 534 aflignatis

358 542 594 578 decreverunt
611 543 792 591 prediehis
811 541 976 577 Andreas
994 546 1029 576 et
1047 540 1240 588 capitulum
1259 539 1334 587 ejus
1346 539 1452 587 juxta
1469 539 1621 576 formam
1645 542 1854 580 instrumen-

357 606 477 636 torum
495 601 597 648 super
614 601 680 635 hiis
698 600 940 635 confectorum
958 596 1151 646 plenissime
1169 597 1207 632 in
1225 596 1389 631 omnibus
1408 596 1662 634 observandam
1675 619 1683 627 ·
1704 601 1854 638 Conces-

357 657 476 693 serunt
489 664 607 693 autem
622 658 715 693 idem
730 657 921 705 Episcopus
939 661 974 691 et
992 655 1185 703 capitulum
1204 654 1279 702 ejus
1297 654 1412 689 eidem
1431 654 1591 691 Waltero
1610 662 1646 692 et
1664 657 1854 695 heredibus

356 714 423 749 suis
449 720 561 750 totam
587 720 718 750 terram
743 715 786 749 de
815 713 994 749 Artendol
1019 712 1210 748 tenendam
1229 711 1335 759 juxta
1360 711 1511 747 formam
1535 712 1852 752 instrumentorum

355 771 497 807 suorum
521 773 622 820 super
645 772 711 807 hiis
728 772 771 806 ab
792 771 968 819 Episcopis
986 770 1147 807 moravia
1167 769 1396 804 obtentorum
1428 788 1437 797 ·
1468 783 1574 817 quam
1593 772 1852 819 predecessores

355 827 458 877 ipsius
475 830 592 877 quiete
610 834 802 865 tenuerunt
820 827 1037 876 temporibus
1055 827 1163 862 trium
1179 826 1436 875 Episcoporum
1451 828 1662 864 venerabilis
1680 831 1851 867 memorie

355 886 483 922 scilicet
501 887 663 934 Symonis
684 886 826 921 Ricardi
846 891 880 921 et
899 885 1005 921 Brit-ii
1023 898 1087 932 per
1104 897 1217 919 annos
1234 884 1471 932 quadraginta
1495 890 1530 920 et
1552 886 1702 934 amplius
1730 907 1738 915 ·
1768 888 1851 925 Pre-

355 943 471 979 dietus
490 958 574 979 vero
594 944 771 979 walterus
789 949 919 978 terram
938 943 982 978 de
997 942 1129 990 Lunyn
1148 948 1184 977 et
1199 941 1371 990 Duldauy
1384 942 1513 978 scilicet
1525 956 1634 978 unam
1654 944 1849 982 dauacham

354 1006 390 1036 et
413 1001 593 1037 dimidiam
621 1015 724 1048 quam
752 1001 788 1036 in
815 1001 920 1036 feodo
948 1005 983 1035 et
1009 999 1206 1035 hereditate
1230 1004 1354 1035 tenere
1379 999 1529 1035 debebat
1558 1001 1742 1037 reddendo
1766 1003 1850 1039 inde

354 1059 536 1094 annuatim
570 1058 658 1093 ·xx²'·
689 1059 816 1093 solidos
843 1077 851 1086 ·
879 1057 1011 1105 recepit
1035 1057 1080 1092 ad
1106 1057 1245 1092 firmam
1272 1063 1481 1105 perpetuam
1509 1059 1703 1094 coneefl'am
1730 1058 1790 1095 fibi
1814 1066 1850 1097 et

353 1115 540 1150 heredibus
563 1116 629 1151 suis
647 1129 667 1151 a
684 1116 846 1162 predi&o
866 1114 1015 1150 Andrea
1037 1112 1250 1151 moravienfi
1268 1114 1430 1163 episcopo
1450 1115 1493 1150 de
1511 1116 1679 1151 consensu
1696 1118 1850 1164 predicti

353 1173 495 1220 capituli
518 1173 566 1207 sui
598 1192 606 1201 ·
638 1173 829 1208 tenendam
852 1172 890 1207 in
912 1177 1124 1220 perpetuum
1148 1172 1191 1207 de
1217 1171 1398 1220 Episcopis
1425 1173 1587 1209 (Doravie
1615 1173 1653 1208 in
1679 1174 1785 1210 feodo
1814 1181 1850 1211 et

352 1230 546 1265 hereditate
575 1249 582 1257 ·
610 1230 794 1265 reddendo
823 1230 906 1265 inde
934 1229 1076 1276 singulis
1104 1230 1206 1264 annis
1234 1229 1362 1265 eisdem
1391 1235 1537 1265 centum
1564 1230 1692 1266 solidos
1720 1232 1850 1269 scilicet

351 1286 605 1333 quinquaginta
626 1287 752 1322 solidos
770 1287 814 1321 ad
833 1286 956 1322 festum
976 1287 1098 1322 Sanffi
1117 1287 1263 1323 martini
1285 1292 1321 1322 et
1339 1287 1426 1322 alios
1443 1288 1700 1335 quinquaginta
1721 1289 1849 1326 solidos

350 1343 394 1379 ad
412 1343 636 1391 pentecosten
655 1363 663 1371 ·
682 1357 748 1392 pro
767 1344 864 1378 omni
887 1344 1028 1379 servitio
1047 1344 1092 1379 ad
1113 1344 1316 1392 predictum
1336 1344 1549 1392 Episcopum
1566 1345 1624 1380 vel
1642 1345 1848 1383 successores

351 1400 427 1436 suos
446 1401 645 1448 pertinente
673 1420 680 1428 ·
712 1401 816 1436 Salva
833 1401 996 1449 predicto
1016 1401 1190 1449 Episcopo
1210 1407 1245 1437 et
1263 1401 1511 1437 successoribus
1529 1402 1596 1437 suis
1613 1403 1848 1441 advocatione

352 1456 490 1493 ecclesie
510 1458 553 1493 de
573 1458 730 1506 Lunnyn
749 1478 757 1486 ·
781 1464 815 1493 et
834 1458 928 1494 salvo
946 1458 1118 1493 forinseco
1137 1458 1283 1494 servicio
1302 1459 1437 1493 domini
1458 1459 1568 1507 Regis
1585 1460 1631 1495 ad
1648 1461 1846 1508 predictam

352 1520 482 1549 terram
500 1515 700 1562 pertinente
718 1515 812 1562 quod
831 1515 900 1563 ipse
919 1515 1099 1551 W'alterus
1118 1521 1154 1551 et
1171 1516 1320 1551 heredes
1338 1516 1388 1551 sui
1406 1516 1537 1552 sacient
1554 1517 1591 1552 in
1608 1524 1821 1566 perpetuum
1838 1539 1845 1547 -

353 1572 389 1607 Si
410 1577 527 1606 autem
550 1585 613 1619 per
636 1585 800 1619 guerram
828 1573 1018 1621 contigerit
1043 1574 1223 1622 predictas
1247 1579 1360 1608 terras
1381 1574 1424 1609 de
1444 1573 1602 1622 Lunnyn
1627 1581 1662 1610 et
1687 1576 1730 1611 de
1755 1576 1847 1612 Dul-

353 1629 445 1676 dauy
468 1629 517 1664 ita
543 1629 671 1664 destrui
697 1630 754 1665 vel
778 1630 913 1665 turbari
940 1631 1035 1677 quod
1061 1631 1222 1679 predksta
1249 1631 1352 1666 firma
1381 1631 1465 1666 inde
1496 1631 1582 1667 solvi
1613 1645 1688 1667 non
1718 1632 1845 1681 poffit·

354 1686 505 1721 durante
536 1686 624 1721 statu
655 1687 716 1722 illo
741 1686 846 1735 juxta
875 1688 1060 1723 arbitrium
1086 1689 1171 1724 boni
1200 1689 1266 1724 viri
1292 1689 1348 1724 vel
1379 1701 1423 1724 ex
1452 1693 1530 1724 toto
1556 1690 1718 1737 predicta
1743 1691 1846 1726 firma

353 1743 554 1778 remittetur
580 1744 636 1779 vel
663 1757 728 1791 pro
754 1749 853 1792 parte
880 1745 1079 1781 rationabili
1106 1766 1113 1774 ·
1143 1746 1331 1782 Predic'tus
1349 1759 1436 1781 vero
1455 1746 1635 1782 W'alterus
1660 1760 1726 1795 pro
1750 1747 1784 1783 se
1810 1754 1846 1784 et

353 1800 540 1835 heredibus
558 1801 624 1835 suis
642 1801 800 1848 quietum
820 1802 984 1837 clamavit
1002 1803 1037 1837 in
1056 1809 1267 1851 perpetuum
1289 1803 1468 1851 Episcopis
1486 1804 1648 1840 moravia
1667 1804 1727 1852 jus
1748 1806 1846 1852 quod

354 1857 385 1892 se
405 1857 542 1892 dicebat
560 1858 688 1893 habere
707 1859 743 1893 in
762 1863 857 1894 terra
871 1859 914 1894 de
930 1859 1052 1908 Croyn
1071 1874 1150 1896 cum
1169 1861 1404 1897 advocatione
1423 1859 1564 1896 ecclesie
1583 1861 1737 1910 ejusdem
1751 1862 1821 1898 loci
1836 1883 1844 1891 ·

353 1914 447 1949 salvo
471 1913 530 1949 fibi
556 1920 592 1950 et
617 1915 805 1951 heredibus
830 1916 897 1951 suis
922 1917 957 1952 in
981 1924 1191 1966 perpetuum
1208 1918 1291 1966 jure
1310 1923 1518 1967 patronatus
1537 1918 1678 1955 ecclesie
1697 1920 1740 1955 de
1760 1919 1846 1956 Bra-

353 1971 446 2007 choli
465 1991 473 1999 ·
494 1971 674 2008 Convenit
692 1973 797 2008 etiam
816 1979 855 2008 ut
873 1974 1102 2011 instrumenta
1120 1976 1241 2011 omnia
1258 1989 1327 2024 que
1344 1976 1527 2025 predictus
1539 1976 1718 2012 VValterus
1735 1977 1845 2014 habu-

353 2034 429 2064 erat
455 2029 499 2065 de
524 2030 627 2065 terris
650 2030 820 2078 predictis
841 2036 875 2066 et
897 2031 1037 2067 ecclesia
1055 2033 1098 2068 de
1117 2033 1275 2082 Lunnyn
1302 2053 1310 2062 ·
1339 2039 1375 2069 et
1393 2033 1566 2082 Duldauy
1584 2052 1592 2061 ·
1612 2039 1648 2069 et
1667 2034 1788 2082 Croyn
1808 2040 1844 2071 et

353 2085 494 2122 ecclesia
517 2086 670 2135 ejusdem
691 2087 760 2122 loci
795 2107 804 2116 ·
840 2089 1034 2125 reddantur
1058 2096 1093 2126 et
1116 2091 1235 2126 inania
1252 2096 1466 2139 reputentur
1483 2096 1519 2127 et
1536 2091 1624 2126 caffa
1641 2096 1677 2126 et
1695 2091 1843 2127 omnino

352 2143 451 2178 nulla
485 2163 494 2171 ·
536 2144 579 2179 In
601 2145 844 2193 premissorum
862 2159 948 2182 vero
972 2147 1113 2183 firmum
1138 2153 1172 2183 et
1195 2148 1427 2184 indubitabile
1444 2147 1682 2184 testimonium
1700 2149 1731 2184 ei
1749 2149 1842 2196 parti

351 2200 456 2249 hujus
480 2200 648 2250 scripture
670 2202 707 2237 in
730 2203 875 2238 modum
901 2205 1110 2253 cyrographi
1135 2206 1298 2242 confecte
1315 2219 1384 2254 que
1402 2218 1510 2254 penes
1528 2204 1704 2241 ecclesiam
1723 2207 1841 2242 mora-

352 2258 503 2294 viensem
522 2259 671 2295 habetur
688 2260 839 2308 appensa
857 2260 935 2296 sunt
952 2260 1062 2309 figilla
1080 2263 1214 2298 domini
1234 2263 1345 2311 Regis
1363 2269 1398 2300 et
1415 2263 1568 2311 predififi
1587 2262 1736 2298 Walteri
1764 2282 1773 2291 ·
1805 2269 1841 2299 et
