<?xml version="1.0" encoding="UTF-8"?>
<!DOCTYPE html PUBLIC "-//W3C//DTD XHTML 1.0 Transitional//EN"
    "http://www.w3.org/TR/xhtml1/DTD/xhtml1-transitional.dtd">
<html xmlns="http://www.w3.org/1999/xhtml" xml:lang="en" lang="en">
 <head>
  <title>
</title>
<meta http-equiv="Content-Type" content="text/html;charset=utf-8" />
  <meta name='ocr-system' content='tesseract 3.04.00' />
  <meta name='ocr-capabilities' content='ocr_page ocr_carea ocr_par ocr_line ocrx_word'/>
</head>
<body>
  <div class='ocr_page' id='page_1' title='image "./registrumepisc5800morauoft_0488.png"; bbox 0 0 1912 2660; ppageno 0'>
   <div class='ocr_carea' id='block_1_1' title="bbox 302 117 1408 157">
    <p class='ocr_par' dir='ltr' id='par_1_1' title="bbox 302 117 1408 157">
     <span class='ocr_line' id='line_1_1' title="bbox 302 117 1408 157; baseline -0.003 0"><span class='ocrx_word' id='word_1_1' title='bbox 302 124 375 157; x_wconf 87' lang='grc'>880</span> <span class='ocrx_word' id='word_1_2' title='bbox 698 117 1015 156; x_wconf 88' lang='lat' dir='ltr'>REGISTRUM</span> <span class='ocrx_word' id='word_1_3' title='bbox 1043 117 1408 155; x_wconf 87' lang='lat' dir='ltr'><strong>MORAVIENSE.</strong></span> 
     </span>
    </p>
   </div>
   <div class='ocr_carea' id='block_1_2' title="bbox 304 215 1813 2110">
    <p class='ocr_par' dir='ltr' id='par_1_2' title="bbox 304 215 1812 1820">
     <span class='ocr_line' id='line_1_2' title="bbox 304 215 1804 267; baseline -0.003 -12"><span class='ocrx_word' id='word_1_4' title='bbox 304 219 560 267; x_wconf 84' lang='lat' dir='ltr'><strong>prenominatis</strong></span> <span class='ocrx_word' id='word_1_5' title='bbox 578 219 687 255; x_wconf 86' lang='lat' dir='ltr'>tacito</span> <span class='ocrx_word' id='word_1_6' title='bbox 707 218 751 254; x_wconf 89' lang='lat' dir='ltr'>de</span> <span class='ocrx_word' id='word_1_7' title='bbox 769 218 885 254; x_wconf 87' lang='lat' dir='ltr'>forma</span> <span class='ocrx_word' id='word_1_8' title='bbox 907 217 1145 253; x_wconf 85' lang='lat' dir='ltr'>ordinationis</span> <span class='ocrx_word' id='word_1_9' title='bbox 1172 222 1207 252; x_wconf 91' lang='lat' dir='ltr'>et</span> <span class='ocrx_word' id='word_1_10' title='bbox 1234 221 1336 252; x_wconf 88' lang='lat' dir='ltr'>extra</span> <span class='ocrx_word' id='word_1_11' title='bbox 1361 215 1512 251; x_wconf 84' lang='lat' dir='ltr'>formam</span> <span class='ocrx_word' id='word_1_12' title='bbox 1537 215 1644 263; x_wconf 87' lang='lat' dir='ltr'>ipsam</span> <span class='ocrx_word' id='word_1_13' title='bbox 1669 215 1804 251; x_wconf 81' lang='lat' dir='ltr'>causam</span> 
     </span>
     <span class='ocr_line' id='line_1_3' title="bbox 305 273 1806 325; baseline -0.003 -13"><span class='ocrx_word' id='word_1_14' title='bbox 305 277 502 325; x_wconf 83' lang='lat' dir='ltr'>optinuerit</span> <span class='ocrx_word' id='word_1_15' title='bbox 520 278 624 312; x_wconf 86' lang='lat' dir='ltr'>etiam</span> <span class='ocrx_word' id='word_1_16' title='bbox 639 276 820 324; x_wconf 88' lang='lat' dir='ltr'>judicibus</span> <span class='ocrx_word' id='word_1_17' title='bbox 839 289 883 312; x_wconf 86' lang='lat' dir='ltr'>ex</span> <span class='ocrx_word' id='word_1_18' title='bbox 901 276 1056 323; x_wconf 83' lang='lat' dir='ltr'>partium</span> <span class='ocrx_word' id='word_1_19' title='bbox 1075 274 1244 310; x_wconf 84' lang='lat' dir='ltr'>consensu</span> <span class='ocrx_word' id='word_1_20' title='bbox 1267 273 1447 320; x_wconf 84' lang='lat' dir='ltr'>affumptis</span> <span class='ocrx_word' id='word_1_21' title='bbox 1470 273 1646 308; x_wconf 83' lang='lat' dir='ltr'>committi</span> <span class='ocrx_word' id='word_1_22' title='bbox 1664 291 1672 301; x_wconf 91' lang='lat'><strong>·</strong></span> <span class='ocrx_word' id='word_1_23' title='bbox 1697 285 1806 319; x_wconf 90' lang='lat' dir='ltr'>quum</span> 
     </span>
     <span class='ocr_line' id='line_1_4' title="bbox 304 329 1804 382; baseline -0.003 -12"><span class='ocrx_word' id='word_1_24' title='bbox 304 345 372 382; x_wconf 91' lang='lat' dir='ltr'>ope</span> <span class='ocrx_word' id='word_1_25' title='bbox 399 334 618 382; x_wconf 87' lang='lat' dir='ltr'>exceptionis</span> <span class='ocrx_word' id='word_1_26' title='bbox 644 334 821 382; x_wconf 83' lang='lat' dir='ltr'>procefl&#39;us</span> <span class='ocrx_word' id='word_1_27' title='bbox 838 333 978 369; x_wconf 83' lang='lat' dir='ltr'>flendus</span> <span class='ocrx_word' id='word_1_28' title='bbox 996 332 1112 368; x_wconf 89' lang='lat' dir='ltr'>valeat</span> <span class='ocrx_word' id='word_1_29' title='bbox 1130 331 1295 379; x_wconf 89' lang='lat' dir='ltr'>impediri</span> <span class='ocrx_word' id='word_1_30' title='bbox 1312 330 1351 365; x_wconf 93' lang='lat' dir='ltr'>in</span> <span class='ocrx_word' id='word_1_31' title='bbox 1369 343 1399 365; x_wconf 91' lang='lat' dir='ltr'>c·</span> <span class='ocrx_word' id='word_1_32' title='bbox 1428 329 1599 366; x_wconf 75' lang='lat' dir='ltr'>Ceterum</span> <span class='ocrx_word' id='word_1_33' title='bbox 1617 349 1626 358; x_wconf 90' lang='lat'><strong>·</strong></span> <span class='ocrx_word' id='word_1_34' title='bbox 1652 330 1689 365; x_wconf 91' lang='lat' dir='ltr'>in</span> <span class='ocrx_word' id='word_1_35' title='bbox 1707 330 1778 367; x_wconf 90' lang='lat' dir='ltr'>fine</span> <span class='ocrx_word' id='word_1_36' title='bbox 1796 350 1804 359; x_wconf 91' lang='lat'><strong>·</strong></span> 
     </span>
     <span class='ocr_line' id='line_1_5' title="bbox 304 388 1805 439; baseline -0.003 -11"><span class='ocrx_word' id='word_1_37' title='bbox 304 396 340 427; x_wconf 90' lang='lat' dir='ltr'>et</span> <span class='ocrx_word' id='word_1_38' title='bbox 354 402 383 427; x_wconf 90' lang='lat' dir='ltr'>c·</span> <span class='ocrx_word' id='word_1_39' title='bbox 402 392 469 427; x_wconf 76' lang='lat' dir='ltr'>Ea·</span> <span class='ocrx_word' id='word_1_40' title='bbox 478 397 589 439; x_wconf 77' lang='lat' dir='ltr'>parte</span> <span class='ocrx_word' id='word_1_41' title='bbox 602 392 757 427; x_wconf 81' lang='lat' dir='ltr'>Decani</span> <span class='ocrx_word' id='word_1_42' title='bbox 772 409 781 419; x_wconf 89' lang='lat'><strong>·</strong></span> <span class='ocrx_word' id='word_1_43' title='bbox 800 392 837 425; x_wconf 90' lang='lat' dir='ltr'>in</span> <span class='ocrx_word' id='word_1_44' title='bbox 855 390 1032 438; x_wconf 86' lang='lat' dir='ltr'>principio</span> <span class='ocrx_word' id='word_1_45' title='bbox 1051 408 1060 417; x_wconf 90' lang='lat'><em>·</em></span> <span class='ocrx_word' id='word_1_46' title='bbox 1080 401 1129 424; x_wconf 99' lang='lat' dir='ltr'>DE</span> <span class='ocrx_word' id='word_1_47' title='bbox 1148 399 1363 424; x_wconf 78' lang='lat' dir='ltr'>RESCRIPTIS</span> <span class='ocrx_word' id='word_1_48' title='bbox 1381 406 1390 415; x_wconf 91' lang='lat'><strong>·</strong></span> <span class='ocrx_word' id='word_1_49' title='bbox 1411 392 1447 423; x_wconf 86' lang='lat' dir='ltr'>et</span> <span class='ocrx_word' id='word_1_50' title='bbox 1464 400 1528 435; x_wconf 88' lang='lat' dir='ltr'>per</span> <span class='ocrx_word' id='word_1_51' title='bbox 1546 401 1576 423; x_wconf 91' lang='lat' dir='ltr'>c·</span> <span class='ocrx_word' id='word_1_52' title='bbox 1592 388 1783 437; x_wconf 53' lang='lat' dir='ltr'>Personas</span> <span class='ocrx_word' id='word_1_53' title='bbox 1796 408 1805 416; x_wconf 91' lang='lat'><strong>·</strong></span> 
     </span>
     <span class='ocr_line' id='line_1_6' title="bbox 307 445 1807 496; baseline -0.002 -11"><span class='ocrx_word' id='word_1_54' title='bbox 307 449 404 496; x_wconf 79' lang='lat' dir='ltr'>sepe</span> <span class='ocrx_word' id='word_1_55' title='bbox 423 468 430 477; x_wconf 92' lang='lat'><strong>·</strong></span> <span class='ocrx_word' id='word_1_56' title='bbox 461 450 592 485; x_wconf 79' lang='lat' dir='ltr'>oblate</span> <span class='ocrx_word' id='word_1_57' title='bbox 611 469 619 477; x_wconf 93' lang='lat'><strong>·</strong></span> <span class='ocrx_word' id='word_1_58' title='bbox 639 449 706 484; x_wconf 69' lang='lat' dir='ltr'>Ex</span> <span class='ocrx_word' id='word_1_59' title='bbox 725 448 979 495; x_wconf 62' lang='lat' dir='ltr'>infirmatione</span> <span class='ocrx_word' id='word_1_60' title='bbox 998 466 1007 474; x_wconf 93' lang='lat'><strong>·</strong></span> <span class='ocrx_word' id='word_1_61' title='bbox 1027 458 1076 482; x_wconf 90' lang='lat' dir='ltr'>DE</span> <span class='ocrx_word' id='word_1_62' title='bbox 1094 456 1441 481; x_wconf 80' lang='lat' dir='ltr'>APPELLATIONIBUS</span> <span class='ocrx_word' id='word_1_63' title='bbox 1460 464 1469 472; x_wconf 91' lang='lat'><strong>·</strong></span> <span class='ocrx_word' id='word_1_64' title='bbox 1499 450 1535 480; x_wconf 89' lang='lat' dir='ltr'>et</span> <span class='ocrx_word' id='word_1_65' title='bbox 1551 445 1635 481; x_wconf 88' lang='lat' dir='ltr'>facit</span> <span class='ocrx_word' id='word_1_66' title='bbox 1653 458 1683 481; x_wconf 90' lang='lat' dir='ltr'>c·</span> <span class='ocrx_word' id='word_1_67' title='bbox 1702 446 1807 482; x_wconf 70' lang='lat' dir='ltr'>Exa-</span> 
     </span>
     <span class='ocr_line' id='line_1_7' title="bbox 304 502 1806 551; baseline -0.004 -8"><span class='ocrx_word' id='word_1_68' title='bbox 304 508 452 542; x_wconf 77' lang='lat' dir='ltr'>minata</span> <span class='ocrx_word' id='word_1_69' title='bbox 471 526 480 535; x_wconf 86' lang='lat'><strong>·</strong></span> <span class='ocrx_word' id='word_1_70' title='bbox 508 519 557 542; x_wconf 92' lang='lat' dir='ltr'>DE</span> <span class='ocrx_word' id='word_1_71' title='bbox 577 517 951 542; x_wconf 78' lang='lat' dir='ltr'>CONFIRMATIONIBUS</span> <span class='ocrx_word' id='word_1_72' title='bbox 972 523 980 532; x_wconf 88' lang='lat'><strong>·</strong></span> <span class='ocrx_word' id='word_1_73' title='bbox 1002 504 1050 538; x_wconf 92' lang='lat' dir='ltr'>ibi</span> <span class='ocrx_word' id='word_1_74' title='bbox 1068 508 1195 538; x_wconf 89' lang='lat' dir='ltr'>contra</span> <span class='ocrx_word' id='word_1_75' title='bbox 1212 503 1364 538; x_wconf 87' lang='lat' dir='ltr'>formam</span> <span class='ocrx_word' id='word_1_76' title='bbox 1377 502 1470 551; x_wconf 88' lang='lat' dir='ltr'>juris</span> <span class='ocrx_word' id='word_1_77' title='bbox 1488 507 1524 538; x_wconf 90' lang='lat' dir='ltr'>et</span> <span class='ocrx_word' id='word_1_78' title='bbox 1542 502 1779 550; x_wconf 87' lang='lat' dir='ltr'>compromiffi</span> <span class='ocrx_word' id='word_1_79' title='bbox 1797 523 1806 532; x_wconf 87' lang='lat'><strong>·</strong></span> 
     </span>
     <span class='ocr_line' id='line_1_8' title="bbox 306 560 1808 613; baseline -0.003 -13"><span class='ocrx_word' id='word_1_80' title='bbox 306 563 354 600; x_wconf 86' lang='lat' dir='ltr'>Et</span> <span class='ocrx_word' id='word_1_81' title='bbox 372 570 460 613; x_wconf 91' lang='lat' dir='ltr'>puto</span> <span class='ocrx_word' id='word_1_82' title='bbox 476 564 572 612; x_wconf 93' lang='lat' dir='ltr'>quod</span> <span class='ocrx_word' id='word_1_83' title='bbox 586 564 656 600; x_wconf 91' lang='lat' dir='ltr'>fide</span> <span class='ocrx_word' id='word_1_84' title='bbox 671 564 737 599; x_wconf 82' lang='lat' dir='ltr'>hiis</span> <span class='ocrx_word' id='word_1_85' title='bbox 752 563 949 610; x_wconf 84' lang='lat' dir='ltr'>excipiatur</span> <span class='ocrx_word' id='word_1_86' title='bbox 963 566 999 596; x_wconf 88' lang='lat' dir='ltr'>et</span> <span class='ocrx_word' id='word_1_87' title='bbox 1012 561 1109 608; x_wconf 92' lang='lat' dir='ltr'>quod</span> <span class='ocrx_word' id='word_1_88' title='bbox 1127 560 1207 596; x_wconf 89' lang='lat' dir='ltr'>talis</span> <span class='ocrx_word' id='word_1_89' title='bbox 1224 560 1328 596; x_wconf 89' lang='lat' dir='ltr'>litera</span> <span class='ocrx_word' id='word_1_90' title='bbox 1346 560 1536 608; x_wconf 91' lang='lat' dir='ltr'>obreptitia</span> <span class='ocrx_word' id='word_1_91' title='bbox 1548 573 1624 596; x_wconf 91' lang='lat' dir='ltr'>non</span> <span class='ocrx_word' id='word_1_92' title='bbox 1638 561 1699 596; x_wconf 85' lang='lat' dir='ltr'>dat</span> <span class='ocrx_word' id='word_1_93' title='bbox 1706 561 1808 609; x_wconf 90' lang='lat' dir='ltr'>juris-</span> 
     </span>
     <span class='ocr_line' id='line_1_9' title="bbox 306 617 1808 670; baseline -0.001 -13"><span class='ocrx_word' id='word_1_94' title='bbox 306 621 502 658; x_wconf 62' lang='lat' dir='ltr'>dictionem</span> <span class='ocrx_word' id='word_1_95' title='bbox 523 621 759 670; x_wconf 86' lang='lat' dir='ltr'>cognoscendi</span> <span class='ocrx_word' id='word_1_96' title='bbox 779 621 822 655; x_wconf 93' lang='lat' dir='ltr'>de</span> <span class='ocrx_word' id='word_1_97' title='bbox 842 619 944 655; x_wconf 87' lang='lat' dir='ltr'>causa</span> <span class='ocrx_word' id='word_1_98' title='bbox 967 618 1155 666; x_wconf 87' lang='lat' dir='ltr'>principali</span> <span class='ocrx_word' id='word_1_99' title='bbox 1177 617 1372 653; x_wconf 81' lang='lat' dir='ltr'>secundum</span> <span class='ocrx_word' id='word_1_100' title='bbox 1393 617 1666 654; x_wconf 87' lang='lat' dir='ltr'>affirmationem</span> <span class='ocrx_word' id='word_1_101' title='bbox 1686 618 1808 667; x_wconf 87' lang='lat' dir='ltr'>depre-</span> 
     </span>
     <span class='ocr_line' id='line_1_10' title="bbox 305 675 1808 727; baseline -0.002 -13"><span class='ocrx_word' id='word_1_102' title='bbox 305 679 417 715; x_wconf 83' lang='lat' dir='ltr'>cantis</span> <span class='ocrx_word' id='word_1_103' title='bbox 437 699 445 707; x_wconf 90' lang='lat'><em>-</em></span> <span class='ocrx_word' id='word_1_104' title='bbox 464 679 547 727; x_wconf 92' lang='lat' dir='ltr'>quia</span> <span class='ocrx_word' id='word_1_105' title='bbox 564 679 601 714; x_wconf 89' lang='lat' dir='ltr'>in</span> <span class='ocrx_word' id='word_1_106' title='bbox 616 678 821 714; x_wconf 86' lang='lat' dir='ltr'>narratione</span> <span class='ocrx_word' id='word_1_107' title='bbox 835 677 920 711; x_wconf 63' lang='lat' dir='ltr'>fafiti</span> <span class='ocrx_word' id='word_1_108' title='bbox 935 676 1069 723; x_wconf 89' lang='lat' dir='ltr'>aliquid</span> <span class='ocrx_word' id='word_1_109' title='bbox 1087 675 1136 711; x_wconf 88' lang='lat' dir='ltr'>est</span> <span class='ocrx_word' id='word_1_110' title='bbox 1154 675 1316 711; x_wconf 79' lang='lat' dir='ltr'>omifl&#39;um</span> <span class='ocrx_word' id='word_1_111' title='bbox 1335 694 1344 703; x_wconf 89' lang='lat'><strong>·</strong></span> <span class='ocrx_word' id='word_1_112' title='bbox 1363 680 1399 711; x_wconf 87' lang='lat' dir='ltr'>et</span> <span class='ocrx_word' id='word_1_113' title='bbox 1416 675 1485 711; x_wconf 89' lang='lat' dir='ltr'>hoc</span> <span class='ocrx_word' id='word_1_114' title='bbox 1499 676 1732 711; x_wconf 87' lang='lat' dir='ltr'>confirmetur</span> <span class='ocrx_word' id='word_1_115' title='bbox 1745 689 1808 725; x_wconf 87' lang='lat' dir='ltr'>per</span> 
     </span>
     <span class='ocr_line' id='line_1_11' title="bbox 306 733 1808 785; baseline -0.001 -13"><span class='ocrx_word' id='word_1_116' title='bbox 306 737 551 772; x_wconf 89' lang='lat' dir='ltr'>inventionem</span> <span class='ocrx_word' id='word_1_117' title='bbox 571 736 679 785; x_wconf 86' lang='lat' dir='ltr'>plegii</span> <span class='ocrx_word' id='word_1_118' title='bbox 692 755 699 763; x_wconf 91' lang='lat'><em>·</em></span> <span class='ocrx_word' id='word_1_119' title='bbox 719 735 816 783; x_wconf 91' lang='lat' dir='ltr'>quod</span> <span class='ocrx_word' id='word_1_120' title='bbox 831 734 903 769; x_wconf 85' lang='lat' dir='ltr'>dati</span> <span class='ocrx_word' id='word_1_121' title='bbox 912 733 1054 782; x_wconf 88' lang='lat' dir='ltr'>judices</span> <span class='ocrx_word' id='word_1_122' title='bbox 1068 733 1112 769; x_wconf 87' lang='lat' dir='ltr'>de</span> <span class='ocrx_word' id='word_1_123' title='bbox 1127 733 1197 768; x_wconf 87' lang='lat' dir='ltr'>alio</span> <span class='ocrx_word' id='word_1_124' title='bbox 1212 746 1317 780; x_wconf 93' lang='lat' dir='ltr'>quam</span> <span class='ocrx_word' id='word_1_125' title='bbox 1333 733 1377 768; x_wconf 90' lang='lat' dir='ltr'>de</span> <span class='ocrx_word' id='word_1_126' title='bbox 1390 746 1537 781; x_wconf 89' lang='lat' dir='ltr'>precum</span> <span class='ocrx_word' id='word_1_127' title='bbox 1552 733 1721 780; x_wconf 85' lang='lat' dir='ltr'>qualitate</span> <span class='ocrx_word' id='word_1_128' title='bbox 1734 747 1808 770; x_wconf 91' lang='lat' dir='ltr'>non</span> 
     </span>
     <span class='ocr_line' id='line_1_12' title="bbox 306 791 1806 842; baseline -0.002 -12"><span class='ocrx_word' id='word_1_129' title='bbox 306 794 522 842; x_wconf 84' lang='lat' dir='ltr'>cognoscent</span> <span class='ocrx_word' id='word_1_130' title='bbox 541 813 549 822; x_wconf 88' lang='lat'><strong>·</strong></span> <span class='ocrx_word' id='word_1_131' title='bbox 575 794 657 841; x_wconf 87' lang='lat' dir='ltr'>quia</span> <span class='ocrx_word' id='word_1_132' title='bbox 678 806 800 841; x_wconf 84' lang='lat' dir='ltr'>preces</span> <span class='ocrx_word' id='word_1_133' title='bbox 820 792 970 827; x_wconf 87' lang='lat' dir='ltr'>veritate</span> <span class='ocrx_word' id='word_1_134' title='bbox 993 804 1068 826; x_wconf 92' lang='lat' dir='ltr'>non</span> <span class='ocrx_word' id='word_1_135' title='bbox 1091 791 1258 826; x_wconf 88' lang='lat' dir='ltr'>nituntur</span> <span class='ocrx_word' id='word_1_136' title='bbox 1277 810 1285 818; x_wconf 92' lang='lat'><strong>·</strong></span> <span class='ocrx_word' id='word_1_137' title='bbox 1307 804 1337 827; x_wconf 87' lang='lat' dir='ltr'>c·</span> <span class='ocrx_word' id='word_1_138' title='bbox 1360 791 1407 826; x_wconf 75' lang='lat' dir='ltr'>Si</span> <span class='ocrx_word' id='word_1_139' title='bbox 1424 796 1558 827; x_wconf 75' lang='lat' dir='ltr'>contra</span> <span class='ocrx_word' id='word_1_140' title='bbox 1565 791 1636 837; x_wconf 70' lang='lat' dir='ltr'>y‘us</span> <span class='ocrx_word' id='word_1_141' title='bbox 1654 811 1663 820; x_wconf 93' lang='lat'><strong>·</strong></span> <span class='ocrx_word' id='word_1_142' title='bbox 1682 797 1718 827; x_wconf 91' lang='lat' dir='ltr'>et</span> <span class='ocrx_word' id='word_1_143' title='bbox 1735 805 1765 827; x_wconf 93' lang='lat' dir='ltr'>c·</span> <span class='ocrx_word' id='word_1_144' title='bbox 1783 791 1806 827; x_wconf 92' lang='lat' dir='ltr'>l·</span> 
     </span>
     <span class='ocr_line' id='line_1_13' title="bbox 307 848 1809 899; baseline -0.002 -11"><span class='ocrx_word' id='word_1_145' title='bbox 307 852 594 899; x_wconf 77' lang='lat' dir='ltr'>Prescriptz&#39;one</span> <span class='ocrx_word' id='word_1_146' title='bbox 614 871 621 879; x_wconf 92' lang='lat'><strong>·</strong></span> <span class='ocrx_word' id='word_1_147' title='bbox 647 850 730 886; x_wconf 88' lang='lat' dir='ltr'>licet</span> <span class='ocrx_word' id='word_1_148' title='bbox 757 850 901 897; x_wconf 89' lang='lat' dir='ltr'>quidam</span> <span class='ocrx_word' id='word_1_149' title='bbox 930 848 1044 884; x_wconf 87' lang='lat' dir='ltr'>velint</span> <span class='ocrx_word' id='word_1_150' title='bbox 1072 849 1190 884; x_wconf 88' lang='lat' dir='ltr'>dicere</span> <span class='ocrx_word' id='word_1_151' title='bbox 1218 849 1315 896; x_wconf 94' lang='lat' dir='ltr'>quod</span> <span class='ocrx_word' id='word_1_152' title='bbox 1343 862 1364 884; x_wconf 87' lang='lat' dir='ltr'>a</span> <span class='ocrx_word' id='word_1_153' title='bbox 1390 849 1480 884; x_wconf 79' lang='lat' dir='ltr'>datis</span> <span class='ocrx_word' id='word_1_154' title='bbox 1502 849 1684 897; x_wconf 88' lang='lat' dir='ltr'>judicibus</span> <span class='ocrx_word' id='word_1_155' title='bbox 1705 849 1809 897; x_wconf 82' lang='lat' dir='ltr'>juxta</span> 
     </span>
     <span class='ocr_line' id='line_1_14' title="bbox 307 905 1809 958; baseline -0.002 -13"><span class='ocrx_word' id='word_1_156' title='bbox 307 910 463 957; x_wconf 86' lang='lat' dir='ltr'>rigorem</span> <span class='ocrx_word' id='word_1_157' title='bbox 477 909 570 958; x_wconf 90' lang='lat' dir='ltr'>juris</span> <span class='ocrx_word' id='word_1_158' title='bbox 588 908 627 944; x_wconf 84' lang='lat' dir='ltr'>fit</span> <span class='ocrx_word' id='word_1_159' title='bbox 646 909 682 943; x_wconf 94' lang='lat' dir='ltr'>in</span> <span class='ocrx_word' id='word_1_160' title='bbox 697 908 844 955; x_wconf 86' lang='lat' dir='ltr'>negotio</span> <span class='ocrx_word' id='word_1_161' title='bbox 859 907 1128 955; x_wconf 87' lang='lat' dir='ltr'>procedendum</span> <span class='ocrx_word' id='word_1_162' title='bbox 1148 925 1156 934; x_wconf 94' lang='lat'><strong>·</strong></span> <span class='ocrx_word' id='word_1_163' title='bbox 1182 907 1265 953; x_wconf 90' lang='lat' dir='ltr'>quia</span> <span class='ocrx_word' id='word_1_164' title='bbox 1283 906 1450 954; x_wconf 83' lang='lat' dir='ltr'>delegans</span> <span class='ocrx_word' id='word_1_165' title='bbox 1468 906 1625 954; x_wconf 78' lang='lat' dir='ltr'>exprefl&#39;a</span> <span class='ocrx_word' id='word_1_166' title='bbox 1642 905 1702 941; x_wconf 93' lang='lat' dir='ltr'>fibi</span> <span class='ocrx_word' id='word_1_167' title='bbox 1720 907 1809 943; x_wconf 89' lang='lat' dir='ltr'>veri-</span> 
     </span>
     <span class='ocr_line' id='line_1_15' title="bbox 308 963 1809 1012; baseline -0.001 -10"><span class='ocrx_word' id='word_1_168' title='bbox 308 972 380 1002; x_wconf 87' lang='lat' dir='ltr'>tate</span> <span class='ocrx_word' id='word_1_169' title='bbox 399 967 518 1002; x_wconf 84' lang='lat' dir='ltr'>literas</span> <span class='ocrx_word' id='word_1_170' title='bbox 536 966 612 1001; x_wconf 85' lang='lat' dir='ltr'>suas</span> <span class='ocrx_word' id='word_1_171' title='bbox 634 965 888 1000; x_wconf 88' lang='lat' dir='ltr'>nichilominus</span> <span class='ocrx_word' id='word_1_172' title='bbox 907 963 1122 1000; x_wconf 79' lang='lat' dir='ltr'>conceffiss&#39;et</span> <span class='ocrx_word' id='word_1_173' title='bbox 1140 970 1175 999; x_wconf 91' lang='lat' dir='ltr'>et</span> <span class='ocrx_word' id='word_1_174' title='bbox 1193 964 1326 999; x_wconf 87' lang='lat' dir='ltr'>idcirco</span> <span class='ocrx_word' id='word_1_175' title='bbox 1346 964 1500 1011; x_wconf 84' lang='lat' dir='ltr'>delegati</span> <span class='ocrx_word' id='word_1_176' title='bbox 1519 964 1577 1000; x_wconf 91' lang='lat' dir='ltr'>sue</span> <span class='ocrx_word' id='word_1_177' title='bbox 1596 965 1809 1012; x_wconf 87' lang='lat' dir='ltr'>cognitionis</span> 
     </span>
     <span class='ocr_line' id='line_1_16' title="bbox 309 1022 1577 1070; baseline -0.002 -10"><span class='ocrx_word' id='word_1_178' title='bbox 309 1024 464 1060; x_wconf 90' lang='lat' dir='ltr'>officium</span> <span class='ocrx_word' id='word_1_179' title='bbox 484 1036 558 1059; x_wconf 89' lang='lat' dir='ltr'>non</span> <span class='ocrx_word' id='word_1_180' title='bbox 576 1023 760 1070; x_wconf 84' lang='lat' dir='ltr'>negabunt</span> <span class='ocrx_word' id='word_1_181' title='bbox 775 1022 881 1070; x_wconf 88' lang='lat' dir='ltr'>juxta</span> <span class='ocrx_word' id='word_1_182' title='bbox 899 1035 929 1057; x_wconf 92' lang='lat' dir='ltr'>c·</span> <span class='ocrx_word' id='word_1_183' title='bbox 953 1023 1080 1069; x_wconf 80' lang='lat' dir='ltr'>Super</span> <span class='ocrx_word' id='word_1_184' title='bbox 1099 1022 1221 1057; x_wconf 77' lang='lat' dir='ltr'>literis</span> <span class='ocrx_word' id='word_1_185' title='bbox 1240 1041 1248 1049; x_wconf 94' lang='lat'><strong>·</strong></span> <span class='ocrx_word' id='word_1_186' title='bbox 1268 1034 1317 1057; x_wconf 91' lang='lat' dir='ltr'>DE</span> <span class='ocrx_word' id='word_1_187' title='bbox 1336 1034 1549 1058; x_wconf 80' lang='lat' dir='ltr'>RESCRIPTIS</span> <span class='ocrx_word' id='word_1_188' title='bbox 1569 1042 1577 1050; x_wconf 91' lang='lat'><strong>·</strong></span> 
     </span>
     <span class='ocr_line' id='line_1_17' title="bbox 309 1077 1807 1127; baseline 0 -10"><span class='ocrx_word' id='word_1_189' title='bbox 309 1077 1807 1127; x_wconf 47' lang='lat' dir='ltr'>OEmmwmnfflQfflMffiMoeMmmfflpfflstwwmmvmffimfflw</span> 
     </span>
     <span class='ocr_line' id='line_1_18' title="bbox 307 1135 1810 1187; baseline 0 -13"><span class='ocrx_word' id='word_1_190' title='bbox 307 1145 395 1187; x_wconf 86' lang='lat' dir='ltr'>puto</span> <span class='ocrx_word' id='word_1_191' title='bbox 415 1138 511 1185; x_wconf 92' lang='lat' dir='ltr'>quod</span> <span class='ocrx_word' id='word_1_192' title='bbox 530 1151 603 1172; x_wconf 91' lang='lat' dir='ltr'>non</span> <span class='ocrx_word' id='word_1_193' title='bbox 624 1136 686 1172; x_wconf 81' lang='lat' dir='ltr'>nili</span> <span class='ocrx_word' id='word_1_194' title='bbox 704 1137 866 1184; x_wconf 88' lang='lat' dir='ltr'>respiciat</span> <span class='ocrx_word' id='word_1_195' title='bbox 885 1137 1082 1184; x_wconf 85' lang='lat' dir='ltr'>process&#39;um</span> <span class='ocrx_word' id='word_1_196' title='bbox 1095 1136 1223 1184; x_wconf 87' lang='lat' dir='ltr'>judicii</span> <span class='ocrx_word' id='word_1_197' title='bbox 1241 1135 1309 1172; x_wconf 87' lang='lat' dir='ltr'>five</span> <span class='ocrx_word' id='word_1_198' title='bbox 1328 1136 1400 1172; x_wconf 89' lang='lat' dir='ltr'>litis</span> <span class='ocrx_word' id='word_1_199' title='bbox 1418 1150 1493 1172; x_wconf 88' lang='lat' dir='ltr'>non</span> <span class='ocrx_word' id='word_1_200' title='bbox 1510 1138 1696 1185; x_wconf 86' lang='lat' dir='ltr'>negotium</span> <span class='ocrx_word' id='word_1_201' title='bbox 1717 1139 1810 1186; x_wconf 89' lang='lat' dir='ltr'>prin-</span> 
     </span>
     <span class='ocr_line' id='line_1_19' title="bbox 308 1195 1810 1244; baseline 0.001 -13"><span class='ocrx_word' id='word_1_202' title='bbox 308 1196 418 1244; x_wconf 88' lang='lat' dir='ltr'>cipale</span> <span class='ocrx_word' id='word_1_203' title='bbox 445 1202 485 1230; x_wconf 89' lang='lat' dir='ltr'>ut</span> <span class='ocrx_word' id='word_1_204' title='bbox 513 1196 549 1230; x_wconf 86' lang='lat' dir='ltr'>iu</span> <span class='ocrx_word' id='word_1_205' title='bbox 574 1208 604 1229; x_wconf 90' lang='lat' dir='ltr'>c·</span> <span class='ocrx_word' id='word_1_206' title='bbox 634 1195 886 1242; x_wconf 77' lang='lat' dir='ltr'>E.z·cepti022is</span> <span class='ocrx_word' id='word_1_207' title='bbox 907 1214 915 1221; x_wconf 92' lang='lat'><strong>·</strong></span> <span class='ocrx_word' id='word_1_208' title='bbox 948 1206 996 1228; x_wconf 86' lang='lat' dir='ltr'>DE</span> <span class='ocrx_word' id='word_1_209' title='bbox 1026 1206 1123 1229; x_wconf 84' lang='lat' dir='ltr'>LITIS</span> <span class='ocrx_word' id='word_1_210' title='bbox 1153 1205 1459 1229; x_wconf 82' lang='lat' dir='ltr'>CONTESTATIONE</span> <span class='ocrx_word' id='word_1_211' title='bbox 1479 1214 1487 1222; x_wconf 93' lang='lat'><em>-</em></span> <span class='ocrx_word' id='word_1_212' title='bbox 1516 1195 1553 1229; x_wconf 86' lang='lat' dir='ltr'>li·</span> <span class='ocrx_word' id='word_1_213' title='bbox 1572 1195 1619 1243; x_wconf 89' lang='lat' dir='ltr'>vj·</span> <span class='ocrx_word' id='word_1_214' title='bbox 1648 1196 1810 1232; x_wconf 87' lang='lat' dir='ltr'>dilatoria</span> 
     </span>
     <span class='ocr_line' id='line_1_20' title="bbox 308 1252 1811 1301; baseline 0.001 -13"><span class='ocrx_word' id='word_1_215' title='bbox 308 1254 401 1288; x_wconf 83' lang='lat' dir='ltr'>enim</span> <span class='ocrx_word' id='word_1_216' title='bbox 417 1252 676 1301; x_wconf 66' lang='lat' dir='ltr'>jurisdictionis</span> <span class='ocrx_word' id='word_1_217' title='bbox 696 1253 732 1287; x_wconf 91' lang='lat' dir='ltr'>in</span> <span class='ocrx_word' id='word_1_218' title='bbox 751 1252 897 1287; x_wconf 87' lang='lat' dir='ltr'>modum</span> <span class='ocrx_word' id='word_1_219' title='bbox 918 1252 1083 1287; x_wconf 83' lang='lat' dir='ltr'>dilatorie</span> <span class='ocrx_word' id='word_1_220' title='bbox 1098 1271 1231 1280; x_wconf 90' lang='lat'><strong>······</strong></span> <span class='ocrx_word' id='word_1_221' title='bbox 1247 1252 1354 1287; x_wconf 88' lang='lat' dir='ltr'>habet</span> <span class='ocrx_word' id='word_1_222' title='bbox 1367 1252 1521 1300; x_wconf 91' lang='lat' dir='ltr'>proponi</span> <span class='ocrx_word' id='word_1_223' title='bbox 1534 1272 1542 1280; x_wconf 96' lang='lat'><strong>·</strong></span> <span class='ocrx_word' id='word_1_224' title='bbox 1562 1258 1602 1288; x_wconf 94' lang='lat' dir='ltr'>ut</span> <span class='ocrx_word' id='word_1_225' title='bbox 1616 1252 1640 1288; x_wconf 93' lang='lat' dir='ltr'>fi</span> <span class='ocrx_word' id='word_1_226' title='bbox 1654 1253 1811 1289; x_wconf 84' lang='lat' dir='ltr'>dicamus</span> 
     </span>
     <span class='ocr_line' id='line_1_21' title="bbox 308 1309 1810 1359; baseline 0 -12"><span class='ocrx_word' id='word_1_227' title='bbox 308 1325 413 1358; x_wconf 90' lang='lat' dir='ltr'>quem</span> <span class='ocrx_word' id='word_1_228' title='bbox 432 1324 506 1346; x_wconf 90' lang='lat' dir='ltr'>non</span> <span class='ocrx_word' id='word_1_229' title='bbox 525 1311 591 1346; x_wconf 83' lang='lat' dir='ltr'>effe</span> <span class='ocrx_word' id='word_1_230' title='bbox 605 1310 765 1359; x_wconf 88' lang='lat' dir='ltr'>judicem</span> <span class='ocrx_word' id='word_1_231' title='bbox 786 1311 995 1345; x_wconf 69' lang='lat' dir='ltr'>contractus</span> <span class='ocrx_word' id='word_1_232' title='bbox 1013 1310 1071 1345; x_wconf 88' lang='lat' dir='ltr'>vel</span> <span class='ocrx_word' id='word_1_233' title='bbox 1090 1309 1213 1345; x_wconf 60' lang='lat' dir='ltr'>delicti</span> <span class='ocrx_word' id='word_1_234' title='bbox 1231 1309 1315 1357; x_wconf 89' lang='lat' dir='ltr'>quia</span> <span class='ocrx_word' id='word_1_235' title='bbox 1333 1310 1395 1345; x_wconf 92' lang='lat' dir='ltr'>sub</span> <span class='ocrx_word' id='word_1_236' title='bbox 1414 1323 1457 1345; x_wconf 88' lang='lat' dir='ltr'>eo</span> <span class='ocrx_word' id='word_1_237' title='bbox 1475 1323 1550 1345; x_wconf 92' lang='lat' dir='ltr'>non</span> <span class='ocrx_word' id='word_1_238' title='bbox 1565 1311 1728 1347; x_wconf 88' lang='lat' dir='ltr'>contraxi</span> <span class='ocrx_word' id='word_1_239' title='bbox 1745 1324 1810 1347; x_wconf 90' lang='lat' dir='ltr'>nec</span> 
     </span>
     <span class='ocr_line' id='line_1_22' title="bbox 309 1367 1811 1416; baseline 0 -12"><span class='ocrx_word' id='word_1_240' title='bbox 309 1369 442 1416; x_wconf 89' lang='lat' dir='ltr'>deliqui</span> <span class='ocrx_word' id='word_1_241' title='bbox 457 1388 464 1396; x_wconf 92' lang='lat'><strong>·</strong></span> <span class='ocrx_word' id='word_1_242' title='bbox 485 1369 543 1404; x_wconf 86' lang='lat' dir='ltr'>hic</span> <span class='ocrx_word' id='word_1_243' title='bbox 561 1382 648 1404; x_wconf 89' lang='lat' dir='ltr'>vero</span> <span class='ocrx_word' id='word_1_244' title='bbox 663 1368 872 1403; x_wconf 68' lang='lat' dir='ltr'>contractus</span> <span class='ocrx_word' id='word_1_245' title='bbox 886 1368 944 1403; x_wconf 90' lang='lat' dir='ltr'>vel</span> <span class='ocrx_word' id='word_1_246' title='bbox 963 1367 1135 1403; x_wconf 56' lang='lat' dir='ltr'>demtum</span> <span class='ocrx_word' id='word_1_247' title='bbox 1154 1367 1234 1402; x_wconf 85' lang='lat' dir='ltr'>sunt</span> <span class='ocrx_word' id='word_1_248' title='bbox 1248 1367 1351 1402; x_wconf 86' lang='lat' dir='ltr'>causa</span> <span class='ocrx_word' id='word_1_249' title='bbox 1368 1368 1557 1403; x_wconf 82' lang='lat' dir='ltr'>intrinseca</span> <span class='ocrx_word' id='word_1_250' title='bbox 1569 1367 1640 1404; x_wconf 90' lang='lat' dir='ltr'>fine</span> <span class='ocrx_word' id='word_1_251' title='bbox 1654 1382 1724 1416; x_wconf 88' lang='lat' dir='ltr'>qua</span> <span class='ocrx_word' id='word_1_252' title='bbox 1737 1382 1811 1404; x_wconf 91' lang='lat' dir='ltr'>non</span> 
     </span>
     <span class='ocr_line' id='line_1_23' title="bbox 310 1425 1811 1475; baseline 0 -13"><span class='ocrx_word' id='word_1_253' title='bbox 310 1426 356 1462; x_wconf 86' lang='lat' dir='ltr'>est</span> <span class='ocrx_word' id='word_1_254' title='bbox 369 1426 483 1475; x_wconf 83' lang='lat' dir='ltr'>judex</span> <span class='ocrx_word' id='word_1_255' title='bbox 502 1427 574 1474; x_wconf 88' lang='lat' dir='ltr'>ipso</span> <span class='ocrx_word' id='word_1_256' title='bbox 588 1426 671 1474; x_wconf 87' lang='lat' dir='ltr'>jure</span> <span class='ocrx_word' id='word_1_257' title='bbox 691 1431 817 1461; x_wconf 85' lang='lat' dir='ltr'>contra</span> <span class='ocrx_word' id='word_1_258' title='bbox 835 1426 989 1473; x_wconf 81' lang='lat' dir='ltr'>aliquem</span> <span class='ocrx_word' id='word_1_259' title='bbox 1008 1425 1153 1461; x_wconf 87' lang='lat' dir='ltr'>alterius</span> <span class='ocrx_word' id='word_1_260' title='bbox 1165 1425 1424 1473; x_wconf 66' lang='lat' dir='ltr'>jurisdictionis</span> <span class='ocrx_word' id='word_1_261' title='bbox 1443 1445 1451 1454; x_wconf 88' lang='lat'><strong>·</strong></span> <span class='ocrx_word' id='word_1_262' title='bbox 1476 1425 1535 1461; x_wconf 92' lang='lat' dir='ltr'>sed</span> <span class='ocrx_word' id='word_1_263' title='bbox 1553 1432 1811 1473; x_wconf 90' lang='lat' dir='ltr'>quantumcun-</span> 
     </span>
     <span class='ocr_line' id='line_1_24' title="bbox 309 1483 1810 1533; baseline 0.001 -14"><span class='ocrx_word' id='word_1_264' title='bbox 309 1498 378 1532; x_wconf 86' lang='lat' dir='ltr'>que</span> <span class='ocrx_word' id='word_1_265' title='bbox 405 1483 609 1519; x_wconf 87' lang='lat' dir='ltr'>menfiendo</span> <span class='ocrx_word' id='word_1_266' title='bbox 639 1484 717 1531; x_wconf 88' lang='lat' dir='ltr'>quis</span> <span class='ocrx_word' id='word_1_267' title='bbox 746 1483 853 1519; x_wconf 86' lang='lat' dir='ltr'>fuerit</span> <span class='ocrx_word' id='word_1_268' title='bbox 882 1483 1093 1531; x_wconf 85' lang='lat' dir='ltr'>impetratus</span> <span class='ocrx_word' id='word_1_269' title='bbox 1121 1483 1192 1531; x_wconf 90' lang='lat' dir='ltr'>ipse</span> <span class='ocrx_word' id='word_1_270' title='bbox 1213 1483 1329 1531; x_wconf 87' lang='lat' dir='ltr'>judex</span> <span class='ocrx_word' id='word_1_271' title='bbox 1354 1483 1510 1531; x_wconf 89' lang='lat' dir='ltr'>partium</span> <span class='ocrx_word' id='word_1_272' title='bbox 1538 1484 1611 1530; x_wconf 93' lang='lat' dir='ltr'>ipso</span> <span class='ocrx_word' id='word_1_273' title='bbox 1636 1484 1720 1533; x_wconf 92' lang='lat' dir='ltr'>jure</span> <span class='ocrx_word' id='word_1_274' title='bbox 1745 1497 1810 1520; x_wconf 89' lang='lat' dir='ltr'>nec</span> 
     </span>
     <span class='ocr_line' id='line_1_25' title="bbox 310 1540 1811 1589; baseline 0.001 -12"><span class='ocrx_word' id='word_1_275' title='bbox 310 1547 454 1577; x_wconf 86' lang='lat' dir='ltr'>tenetur</span> <span class='ocrx_word' id='word_1_276' title='bbox 480 1541 674 1589; x_wconf 86' lang='lat' dir='ltr'>impetrans</span> <span class='ocrx_word' id='word_1_277' title='bbox 702 1540 920 1577; x_wconf 90' lang='lat' dir='ltr'>menfionem</span> <span class='ocrx_word' id='word_1_278' title='bbox 947 1541 1063 1576; x_wconf 86' lang='lat' dir='ltr'>facere</span> <span class='ocrx_word' id='word_1_279' title='bbox 1093 1541 1137 1576; x_wconf 91' lang='lat' dir='ltr'>de</span> <span class='ocrx_word' id='word_1_280' title='bbox 1166 1542 1376 1589; x_wconf 90' lang='lat' dir='ltr'>exceptione</span> <span class='ocrx_word' id='word_1_281' title='bbox 1403 1541 1593 1577; x_wconf 88' lang='lat' dir='ltr'>adversarii</span> <span class='ocrx_word' id='word_1_282' title='bbox 1619 1542 1670 1577; x_wconf 89' lang='lat' dir='ltr'>sui</span> <span class='ocrx_word' id='word_1_283' title='bbox 1696 1543 1734 1578; x_wconf 87' lang='lat' dir='ltr'>in</span> <span class='ocrx_word' id='word_1_284' title='bbox 1759 1555 1811 1579; x_wconf 89' lang='lat' dir='ltr'>re-</span> 
     </span>
     <span class='ocr_line' id='line_1_26' title="bbox 311 1596 1812 1649; baseline 0.001 -15"><span class='ocrx_word' id='word_1_285' title='bbox 311 1600 439 1647; x_wconf 87' lang='lat' dir='ltr'>scripto</span> <span class='ocrx_word' id='word_1_286' title='bbox 462 1619 470 1627; x_wconf 87' lang='lat'><strong>·</strong></span> <span class='ocrx_word' id='word_1_287' title='bbox 499 1600 724 1635; x_wconf 85' lang='lat' dir='ltr'>taciturnitas</span> <span class='ocrx_word' id='word_1_288' title='bbox 754 1599 812 1635; x_wconf 87' lang='lat' dir='ltr'>vel</span> <span class='ocrx_word' id='word_1_289' title='bbox 844 1596 1034 1647; x_wconf 87' lang='lat' dir='ltr'>suppreffio</span> <span class='ocrx_word' id='word_1_290' title='bbox 1062 1597 1110 1634; x_wconf 90' lang='lat' dir='ltr'>est</span> <span class='ocrx_word' id='word_1_291' title='bbox 1139 1599 1242 1634; x_wconf 87' lang='lat' dir='ltr'>causa</span> <span class='ocrx_word' id='word_1_292' title='bbox 1272 1599 1467 1635; x_wconf 85' lang='lat' dir='ltr'>extrinseca</span> <span class='ocrx_word' id='word_1_293' title='bbox 1497 1604 1533 1635; x_wconf 90' lang='lat' dir='ltr'>et</span> <span class='ocrx_word' id='word_1_294' title='bbox 1559 1612 1634 1635; x_wconf 91' lang='lat' dir='ltr'>non</span> <span class='ocrx_word' id='word_1_295' title='bbox 1664 1599 1812 1649; x_wconf 87' lang='lat' dir='ltr'>impedit</span> 
     </span>
     <span class='ocr_line' id='line_1_27' title="bbox 307 1656 1811 1706; baseline 0.001 -13"><span class='ocrx_word' id='word_1_296' title='bbox 307 1657 595 1705; x_wconf 64' lang='lat' dir='ltr'>jurisdictionem</span> <span class='ocrx_word' id='word_1_297' title='bbox 615 1677 623 1685; x_wconf 89' lang='lat'><strong>·</strong></span> <span class='ocrx_word' id='word_1_298' title='bbox 660 1657 708 1693; x_wconf 88' lang='lat' dir='ltr'>Et</span> <span class='ocrx_word' id='word_1_299' title='bbox 735 1657 785 1692; x_wconf 80' lang='lat' dir='ltr'>ita</span> <span class='ocrx_word' id='word_1_300' title='bbox 804 1657 943 1706; x_wconf 86' lang='lat' dir='ltr'>judicio</span> <span class='ocrx_word' id='word_1_301' title='bbox 961 1670 1043 1692; x_wconf 92' lang='lat' dir='ltr'>meo</span> <span class='ocrx_word' id='word_1_302' title='bbox 1061 1657 1166 1693; x_wconf 87' lang='lat' dir='ltr'>litera</span> <span class='ocrx_word' id='word_1_303' title='bbox 1183 1656 1259 1705; x_wconf 92' lang='lat' dir='ltr'>jam</span> <span class='ocrx_word' id='word_1_304' title='bbox 1281 1656 1470 1704; x_wconf 89' lang='lat' dir='ltr'>impetrata</span> <span class='ocrx_word' id='word_1_305' title='bbox 1488 1657 1585 1693; x_wconf 90' lang='lat' dir='ltr'>dabit</span> <span class='ocrx_word' id='word_1_306' title='bbox 1597 1657 1811 1705; x_wconf 70' lang='lat' dir='ltr'>jurisdictio·</span> 
     </span>
     <span class='ocr_line' id='line_1_28' title="bbox 312 1713 1812 1764; baseline 0.001 -14"><span class='ocrx_word' id='word_1_307' title='bbox 312 1727 395 1750; x_wconf 88' lang='lat' dir='ltr'>nem</span> <span class='ocrx_word' id='word_1_308' title='bbox 411 1713 592 1762; x_wconf 88' lang='lat' dir='ltr'>judicibus</span> <span class='ocrx_word' id='word_1_309' title='bbox 617 1715 854 1762; x_wconf 83' lang='lat' dir='ltr'>cognoscendi</span> <span class='ocrx_word' id='word_1_310' title='bbox 878 1714 999 1750; x_wconf 89' lang='lat' dir='ltr'>saltem</span> <span class='ocrx_word' id='word_1_311' title='bbox 1025 1715 1069 1750; x_wconf 91' lang='lat' dir='ltr'>de</span> <span class='ocrx_word' id='word_1_312' title='bbox 1090 1727 1237 1763; x_wconf 89' lang='lat' dir='ltr'>precum</span> <span class='ocrx_word' id='word_1_313' title='bbox 1256 1714 1425 1761; x_wconf 90' lang='lat' dir='ltr'>qualitate</span> <span class='ocrx_word' id='word_1_314' title='bbox 1444 1727 1519 1750; x_wconf 92' lang='lat' dir='ltr'>non</span> <span class='ocrx_word' id='word_1_315' title='bbox 1537 1715 1581 1750; x_wconf 93' lang='lat' dir='ltr'>de</span> <span class='ocrx_word' id='word_1_316' title='bbox 1599 1716 1701 1751; x_wconf 84' lang='lat' dir='ltr'>causa</span> <span class='ocrx_word' id='word_1_317' title='bbox 1717 1717 1812 1764; x_wconf 92' lang='lat' dir='ltr'>priu-</span> 
     </span>
     <span class='ocr_line' id='line_1_29' title="bbox 314 1771 904 1820; baseline 0.002 -13"><span class='ocrx_word' id='word_1_318' title='bbox 314 1771 418 1820; x_wconf 84' lang='lat' dir='ltr'>cipali</span> <span class='ocrx_word' id='word_1_319' title='bbox 436 1777 477 1806; x_wconf 91' lang='lat' dir='ltr'>ut</span> <span class='ocrx_word' id='word_1_320' title='bbox 495 1772 652 1819; x_wconf 85' lang='lat' dir='ltr'>superius</span> <span class='ocrx_word' id='word_1_321' title='bbox 672 1772 719 1807; x_wconf 87' lang='lat' dir='ltr'>est</span> <span class='ocrx_word' id='word_1_322' title='bbox 738 1773 876 1808; x_wconf 64' lang='lat' dir='ltr'>dictum</span> <span class='ocrx_word' id='word_1_323' title='bbox 894 1790 904 1801; x_wconf 54' lang='grc' dir='ltr'>ι</span> 
     </span>
    </p>

    <p class='ocr_par' dir='ltr' id='par_1_3' title="bbox 313 1828 1813 2110">
     <span class='ocr_line' id='line_1_30' title="bbox 313 1828 1811 1879; baseline 0.001 -13"><span class='ocrx_word' id='word_1_324' title='bbox 313 1830 497 1866; x_wconf 86' lang='lat' dir='ltr'>Johanues</span> <span class='ocrx_word' id='word_1_325' title='bbox 517 1828 728 1865; x_wconf 88' lang='lat' dir='ltr'>Ananienfis</span> <span class='ocrx_word' id='word_1_326' title='bbox 751 1830 788 1865; x_wconf 91' lang='lat' dir='ltr'>in</span> <span class='ocrx_word' id='word_1_327' title='bbox 814 1831 959 1866; x_wconf 85' lang='lat' dir='ltr'>novella</span> <span class='ocrx_word' id='word_1_328' title='bbox 979 1832 1016 1865; x_wconf 91' lang='lat' dir='ltr'>in</span> <span class='ocrx_word' id='word_1_329' title='bbox 1036 1843 1065 1866; x_wconf 90' lang='lat' dir='ltr'>c·</span> <span class='ocrx_word' id='word_1_330' title='bbox 1085 1831 1252 1878; x_wconf 77' lang='lat' dir='ltr'>Insuper</span> <span class='ocrx_word' id='word_1_331' title='bbox 1270 1850 1277 1857; x_wconf 92' lang='lat'>·</span> <span class='ocrx_word' id='word_1_332' title='bbox 1304 1842 1352 1865; x_wconf 86' lang='lat' dir='ltr'>DE</span> <span class='ocrx_word' id='word_1_333' title='bbox 1371 1842 1548 1866; x_wconf 82' lang='lat' dir='ltr'>TESTIBUS</span> <span class='ocrx_word' id='word_1_334' title='bbox 1568 1850 1576 1858; x_wconf 94' lang='lat'><strong>·</strong></span> <span class='ocrx_word' id='word_1_335' title='bbox 1604 1831 1691 1867; x_wconf 88' lang='lat' dir='ltr'>dicit</span> <span class='ocrx_word' id='word_1_336' title='bbox 1717 1831 1811 1879; x_wconf 92' lang='lat' dir='ltr'>quod</span> 
     </span>
     <span class='ocr_line' id='line_1_31' title="bbox 315 1885 1811 1937; baseline 0.002 -16"><span class='ocrx_word' id='word_1_337' title='bbox 315 1885 338 1922; x_wconf 81' lang='lat' dir='ltr'>si</span> <span class='ocrx_word' id='word_1_338' title='bbox 361 1887 635 1922; x_wconf 82' lang='lat' dir='ltr'>communitates</span> <span class='ocrx_word' id='word_1_339' title='bbox 654 1893 688 1922; x_wconf 92' lang='lat' dir='ltr'>et</span> <span class='ocrx_word' id='word_1_340' title='bbox 707 1888 790 1923; x_wconf 90' lang='lat' dir='ltr'>ville</span> <span class='ocrx_word' id='word_1_341' title='bbox 810 1902 878 1935; x_wconf 92' lang='lat' dir='ltr'>que</span> <span class='ocrx_word' id='word_1_342' title='bbox 898 1889 1078 1937; x_wconf 84' lang='lat' dir='ltr'>disputant</span> <span class='ocrx_word' id='word_1_343' title='bbox 1105 1889 1149 1924; x_wconf 90' lang='lat' dir='ltr'>de</span> <span class='ocrx_word' id='word_1_344' title='bbox 1175 1888 1309 1936; x_wconf 87' lang='lat' dir='ltr'>pascuis</span> <span class='ocrx_word' id='word_1_345' title='bbox 1335 1893 1371 1923; x_wconf 92' lang='lat' dir='ltr'>et</span> <span class='ocrx_word' id='word_1_346' title='bbox 1397 1888 1602 1924; x_wconf 87' lang='lat' dir='ltr'>nemoribus</span> <span class='ocrx_word' id='word_1_347' title='bbox 1626 1889 1663 1924; x_wconf 92' lang='lat' dir='ltr'>in</span> <span class='ocrx_word' id='word_1_348' title='bbox 1687 1888 1811 1936; x_wconf 89' lang='lat' dir='ltr'>quibus</span> 
     </span>
     <span class='ocr_line' id='line_1_32' title="bbox 315 1943 1812 1994; baseline 0.002 -15"><span class='ocrx_word' id='word_1_349' title='bbox 315 1943 420 1980; x_wconf 89' lang='lat' dir='ltr'>bestie</span> <span class='ocrx_word' id='word_1_350' title='bbox 439 1943 658 1992; x_wconf 86' lang='lat' dir='ltr'>fingulorum</span> <span class='ocrx_word' id='word_1_351' title='bbox 678 1945 869 1993; x_wconf 87' lang='lat' dir='ltr'>depascunt</span> <span class='ocrx_word' id='word_1_352' title='bbox 887 1952 922 1982; x_wconf 88' lang='lat' dir='ltr'>et</span> <span class='ocrx_word' id='word_1_353' title='bbox 940 1945 1067 1994; x_wconf 86' lang='lat' dir='ltr'>finguli</span> <span class='ocrx_word' id='word_1_354' title='bbox 1085 1946 1210 1993; x_wconf 90' lang='lat' dir='ltr'>lingna</span> <span class='ocrx_word' id='word_1_355' title='bbox 1227 1946 1390 1981; x_wconf 88' lang='lat' dir='ltr'>incidunt</span> <span class='ocrx_word' id='word_1_356' title='bbox 1407 1945 1580 1982; x_wconf 86' lang='lat' dir='ltr'>inducant</span> <span class='ocrx_word' id='word_1_357' title='bbox 1594 1946 1755 1982; x_wconf 89' lang='lat' dir='ltr'>homines</span> <span class='ocrx_word' id='word_1_358' title='bbox 1768 1946 1812 1982; x_wconf 88' lang='lat' dir='ltr'>de</span> 
     </span>
     <span class='ocr_line' id='line_1_33' title="bbox 315 2001 1812 2051; baseline 0.003 -15"><span class='ocrx_word' id='word_1_359' title='bbox 315 2001 401 2037; x_wconf 86' lang='lat' dir='ltr'>villa</span> <span class='ocrx_word' id='word_1_360' title='bbox 424 2001 495 2049; x_wconf 86' lang='lat' dir='ltr'>ipsa</span> <span class='ocrx_word' id='word_1_361' title='bbox 518 2002 555 2036; x_wconf 91' lang='lat' dir='ltr'>in</span> <span class='ocrx_word' id='word_1_362' title='bbox 579 2001 680 2037; x_wconf 75' lang='lat' dir='ltr'>testes</span> <span class='ocrx_word' id='word_1_363' title='bbox 700 2021 707 2029; x_wconf 94' lang='lat'><strong>·</strong></span> <span class='ocrx_word' id='word_1_364' title='bbox 728 2003 824 2049; x_wconf 91' lang='lat' dir='ltr'>quod</span> <span class='ocrx_word' id='word_1_365' title='bbox 848 2004 1002 2051; x_wconf 90' lang='lat' dir='ltr'>ipsorum</span> <span class='ocrx_word' id='word_1_366' title='bbox 1027 2004 1267 2040; x_wconf 86' lang='lat' dir='ltr'>testimonium</span> <span class='ocrx_word' id='word_1_367' title='bbox 1290 2016 1365 2038; x_wconf 91' lang='lat' dir='ltr'>non</span> <span class='ocrx_word' id='word_1_368' title='bbox 1389 2003 1437 2039; x_wconf 87' lang='lat' dir='ltr'>est</span> <span class='ocrx_word' id='word_1_369' title='bbox 1458 2003 1639 2051; x_wconf 88' lang='lat' dir='ltr'>ydoneum</span> <span class='ocrx_word' id='word_1_370' title='bbox 1659 2023 1667 2032; x_wconf 91' lang='lat'><strong>·</strong></span> <span class='ocrx_word' id='word_1_371' title='bbox 1693 2009 1728 2040; x_wconf 89' lang='lat' dir='ltr'>et</span> <span class='ocrx_word' id='word_1_372' title='bbox 1745 2004 1812 2040; x_wconf 91' lang='lat' dir='ltr'>hoc</span> 
     </span>
     <span class='ocr_line' id='line_1_34' title="bbox 315 2059 1813 2110; baseline 0.002 -16"><span class='ocrx_word' id='word_1_373' title='bbox 315 2064 440 2094; x_wconf 90' lang='lat' dir='ltr'>tenent</span> <span class='ocrx_word' id='word_1_374' title='bbox 467 2059 661 2095; x_wconf 86' lang='lat' dir='ltr'>secundum</span> <span class='ocrx_word' id='word_1_375' title='bbox 689 2060 800 2107; x_wconf 92' lang='lat' dir='ltr'>ipsum</span> <span class='ocrx_word' id='word_1_376' title='bbox 827 2060 982 2097; x_wconf 87' lang='lat' dir='ltr'>Jacobus</span> <span class='ocrx_word' id='word_1_377' title='bbox 1011 2062 1054 2097; x_wconf 91' lang='lat' dir='ltr'>de</span> <span class='ocrx_word' id='word_1_378' title='bbox 1087 2061 1209 2098; x_wconf 89' lang='lat' dir='ltr'>Arena</span> <span class='ocrx_word' id='word_1_379' title='bbox 1227 2079 1235 2089; x_wconf 91' lang='lat'><strong>·</strong></span> <span class='ocrx_word' id='word_1_380' title='bbox 1261 2061 1389 2096; x_wconf 90' lang='lat' dir='ltr'>Petrus</span> <span class='ocrx_word' id='word_1_381' title='bbox 1418 2061 1463 2096; x_wconf 88' lang='lat' dir='ltr'>de</span> <span class='ocrx_word' id='word_1_382' title='bbox 1490 2061 1592 2097; x_wconf 91' lang='lat' dir='ltr'>Bella</span> <span class='ocrx_word' id='word_1_383' title='bbox 1618 2061 1752 2110; x_wconf 90' lang='lat' dir='ltr'>pertica</span> <span class='ocrx_word' id='word_1_384' title='bbox 1778 2067 1813 2098; x_wconf 88' lang='lat' dir='ltr'>et</span> 
     </span>
    </p>
   </div>
   <div class='ocr_carea' id='block_1_3' title="bbox 317 2116 1813 2211">
    <p class='ocr_par' dir='ltr' id='par_1_4' title="bbox 317 2116 1813 2211">
     <span class='ocr_line' id='line_1_35' title="bbox 317 2116 1813 2168; baseline 0.001 -15"><span class='ocrx_word' id='word_1_385' title='bbox 317 2116 441 2164; x_wconf 77' lang='lat' dir='ltr'>Cynus</span> <span class='ocrx_word' id='word_1_386' title='bbox 469 2117 506 2152; x_wconf 93' lang='lat' dir='ltr'>in</span> <span class='ocrx_word' id='word_1_387' title='bbox 534 2116 558 2152; x_wconf 92' lang='lat' dir='ltr'>l·</span> <span class='ocrx_word' id='word_1_388' title='bbox 588 2117 804 2153; x_wconf 72' lang='lat' dir='ltr'>Parentes·</span> <span class='ocrx_word' id='word_1_389' title='bbox 838 2131 867 2153; x_wconf 88' lang='lat' dir='ltr'>c·</span> <span class='ocrx_word' id='word_1_390' title='bbox 897 2131 945 2154; x_wconf 90' lang='lat' dir='ltr'>DE</span> <span class='ocrx_word' id='word_1_391' title='bbox 975 2131 1151 2156; x_wconf 74' lang='lat' dir='ltr'>TESans</span> <span class='ocrx_word' id='word_1_392' title='bbox 1171 2139 1179 2148; x_wconf 92' lang='lat'><strong>·</strong></span> <span class='ocrx_word' id='word_1_393' title='bbox 1209 2124 1245 2156; x_wconf 91' lang='lat' dir='ltr'>et</span> <span class='ocrx_word' id='word_1_394' title='bbox 1268 2118 1495 2167; x_wconf 88' lang='lat' dir='ltr'>quamplures</span> <span class='ocrx_word' id='word_1_395' title='bbox 1525 2119 1584 2155; x_wconf 88' lang='lat' dir='ltr'>alii</span> <span class='ocrx_word' id='word_1_396' title='bbox 1614 2119 1750 2168; x_wconf 85' lang='lat' dir='ltr'>antiqui</span> <span class='ocrx_word' id='word_1_397' title='bbox 1778 2124 1813 2154; x_wconf 89' lang='lat' dir='ltr'>et</span> 
     </span>
     <span class='ocr_line' id='line_1_36' title="bbox 318 2174 508 2211; baseline -0.005 0"><span class='ocrx_word' id='word_1_398' title='bbox 318 2174 481 2211; x_wconf 84' lang='lat' dir='ltr'>moderni</span> <span class='ocrx_word' id='word_1_399' title='bbox 501 2195 508 2202; x_wconf 91' lang='lat'>-</span> 
     </span>
    </p>
   </div>
  </div>
 </body>
</html>
