2060 2660
531 189 844 226 REGISTRUM
872 190 1231 228 MORAVIENSE.
1551 197 1622 232 259

142 347 279 383 Afficum
297 344 436 380 Decani
454 349 490 380 et
507 344 651 392 capituli
670 345 772 393 super
789 345 977 393 horologio
997 365 1005 373 ·

40 463 111 496 208
139 460 216 496 Nos
234 460 403 495 Decanus
421 464 456 495 et
474 460 669 507 capitulum
688 459 898 495 cathedralis
917 458 1056 495 ecclefie
1077 459 1309 495 Moravienfis
1327 461 1544 496 declaramus
1566 463 1622 497 de-

38 1322 108 1357 209

138 517 315 553 cernimus
332 521 368 552 et
386 517 633 552 concludimus
651 517 688 552 in
706 517 772 552 hiis
795 517 928 565 scriptis
945 517 1041 564 quod
1061 517 1259 552 willelmus
1278 517 1504 565 Wynchestre
1528 520 1622 554 diffla

138 573 278 610 ecclefie
295 574 531 610 thesaurarius
550 580 585 610 et
603 574 677 622 ejus
699 574 906 610 successores
927 587 993 622 pro
1017 580 1177 622 tempore
1196 574 1379 610 existentes
1398 575 1622 623 horologium

137 632 232 667 dicte
261 630 400 667 ecclefie
431 631 605 667 custodire
636 645 760 679 regere
792 637 828 667 et
861 631 996 667 tociens
1028 632 1196 679 quociens
1230 645 1319 679 opus
1346 632 1453 667 fuerit
1480 633 1623 669 reficere

137 689 331 737 sumptibus
348 694 384 724 et
401 687 558 737 expensis
576 689 634 724 sue
649 689 862 724 thesaurarie
877 689 1022 724 deberet
1036 702 1116 724 cum
1132 689 1260 724 effectu
1273 709 1281 717 ·
1301 695 1409 737 prout
1426 690 1462 724 in
1480 689 1624 736 registro

137 746 231 782 ἀίἇὶρ
250 745 390 782 ecclefie
407 746 547 794 plenius
565 747 769 782 continetur
790 766 798 774 ·
823 752 858 781 et
877 746 1031 781 eundem
1049 746 1094 781 ad
1112 746 1180 781 hoc
1198 746 1398 782 faciendum
1416 748 1625 794 pronuncia-

137 817 214 839 mus
229 823 237 832 ·
269 803 406 839 Actum
425 804 550 851 quinto
570 803 780 839 Decembris
797 816 892 839 anno
913 803 1063 838 Domini
1081 802 1263 839 millesimo
1281 803 1624 851 quadringentesimo

136 860 374 909 ofituagefimo
400 862 529 897 octavo
549 881 557 889 ·
585 861 802 909 presentibus
821 867 856 896 et
873 861 1074 896 sedentibus
1091 874 1156 906 pro
1175 861 1347 896 canonico
1369 862 1413 896 de
1433 861 1625 897 Forchilles

137 918 172 953 in
191 924 300 954 turno
321 918 530 954 Alexandro
550 919 703 954 Stewart
721 918 932 953 cancellario
948 938 955 946 ·
975 918 997 954 J
1001 919 1140 953 ohanne
1155 917 1383 966 lVynchestre
1402 918 1598 954 subdecano
1616 939 1623 947 ·

136 975 271 1012 Jacobo
304 975 462 1010 Allirdes
492 976 742 1011 archidiacono
765 995 773 1003 ·
809 976 975 1012 ,Iohanne
1005 975 1153 1011 Stewart
1183 976 1227 1011 de
1259 976 1376 1023 Spyne
1400 995 1409 1003 ·
1448 975 1625 1011 Willelmo

139 1033 295 1068 Mowatt
326 1033 369 1068 de
397 1033 524 1081 Dupill
544 1053 552 1060 ·
586 1033 728 1068 Thoma
757 1032 877 1068 Grant
906 1033 1027 1068 Sancti
1059 1033 1176 1080 Egidii
1208 1033 1252 1068 de
1282 1033 1390 1080 Elgin
1420 1039 1455 1068 et
1485 1033 1627 1069 Thoma

137 1090 289 1125 Stewart
307 1090 351 1125 de
365 1090 517 1125 Duthell
536 1090 776 1138 prebendariis
795 1090 890 1126 dicte
908 1088 1047 1125 ecclesie
1062 1090 1240 1126 canonicis
1258 1090 1451 1138 capitulum
1471 1090 1624 1138 ejusdem

137 1147 456 1195 representantibus
474 1167 482 1175 ·

139 1319 249 1354 Anno
268 1319 418 1355 Domini
437 1325 503 1355 etc·
523 1320 681 1355 lxxxviii·
701 1319 825 1355 mensis
843 1333 928 1356 vero
947 1319 1161 1355 Novembris
1182 1319 1239 1355 die
1263 1325 1390 1367 quarto
1407 1320 1625 1356 venerabiles

136 1376 339 1424 egregiique
363 1377 430 1412 viri
457 1378 591 1412 domini
619 1383 654 1413 et
681 1377 832 1425 magistri
852 1377 1015 1413 Gavinus
1033 1377 1187 1412 Dunbar
1210 1377 1364 1412 decanus
1382 1396 1391 1404 ·
1418 1376 1626 1412 Alexander

136 1434 289 1469 Stewart
306 1434 536 1469 cancellarius
556 1440 591 1470 et
610 1435 810 1470 VVillelmus
829 1434 1058 1482 W'ynchester
1082 1434 1316 1469 thesaurarius
1339 1434 1549 1469 cathedralis
1573 1447 1626 1469 ec-

135 1490 234 1526 clesie
255 1490 487 1527 Moravienfis
506 1511 514 1519 ·
533 1491 687 1528 Jacobus
706 1491 865 1527 Allirdes
883 1491 1152 1527 archidiaconus
1168 1489 1400 1526 Moravienfis
1414 1510 1422 1519 ·
1441 1491 1624 1528 Johannes

136 1548 366 1596 Wynchestre
385 1549 480 1584 diste
499 1548 638 1584 ecclefie
657 1549 873 1584 subdecanus
892 1569 900 1577 ·
929 1548 1106 1596 ceterique
1129 1547 1231 1596 ipfius
1253 1548 1413 1583 canonici
1432 1548 1624 1595 capitulum

134 1605 288 1653 ejusdem
306 1606 586 1653 representantes
605 1625 613 1634 ·

136 1662 194 1697 De
213 1667 248 1698 et
266 1662 367 1710 super
386 1665 500 1710 [pena
518 1662 559 1708 a]
579 1676 653 1698 non
671 1662 900 1699 residentibus
917 1663 1069 1698 levanda
1087 1662 1194 1697 modo
1213 1667 1249 1697 et
1265 1662 1380 1697 forma
1399 1661 1625 1708 subsequente

133 1719 384 1755 concluserunt
402 1725 437 1755 et
456 1720 691 1756 decreverunt
710 1740 718 1748 ·

133 1776 210 1812 Nos
222 1776 386 1812 Gavinus
401 1777 554 1812 Dunbar
568 1778 721 1813 decanus
739 1797 746 1806 ·
768 1777 975 1813 Alexander
990 1777 1143 1813 Stewart
1156 1776 1386 1812 cancellarius
1402 1795 1410 1804 ·
1426 1776 1625 1811 Willelmus

129 1834 364 1882 ·Wynchester
382 1835 618 1870 thesaurarius
638 1835 847 1870 cathedralis
865 1834 1005 1870 ecclefie
1025 1833 1258 1870 Moravienfis
1277 1853 1285 1861 ·
1317 1833 1499 1870 Johannes
1518 1833 1626 1881 Wyn-

133 1890 265 1927 chestre
292 1892 387 1926 dicte
414 1890 555 1927 ecclesie
582 1892 799 1927 subdecanus
826 1892 1004 1938 ceterique
1026 1889 1129 1939 ipfius
1147 1891 1309 1926 canonici
1327 1890 1521 1938 capitulum
1540 1890 1626 1938 ejus-

134 1948 213 1984 dem
232 1948 513 1996 representantes
531 1962 570 1984 ac
589 1950 682 1996 apud
698 1950 846 1985 eandem
865 1947 1041 1984 ecclesiam
1058 1967 1066 1976 ·
1084 1948 1129 1983 ad
1147 1948 1304 1983 futuram
1321 1948 1373 1983 rei
1391 1948 1595 1983 memoriam
1613 1967 1621 1974 ·

137 2006 173 2040 in
191 2005 344 2041 vestrum
367 2006 527 2041 omnium
554 2012 589 2041 et
615 2005 832 2054 singulorum
857 2019 1009 2053 quorum
1033 2004 1176 2041 interest
1194 2004 1400 2053 [notitiam]
1420 2005 1625 2040 deducimus

135 2069 169 2098 et
189 2063 317 2098 deduci
332 2062 498 2098 volumus
516 2064 553 2098 in
571 2064 637 2098 hiis
655 2064 789 2112 scriptis
806 2064 902 2111 quod
921 2063 1149 2098 canonicatus
1168 2068 1203 2098 et
1220 2062 1399 2110 prebende
1417 2062 1625 2110 cathedralis

134 2118 272 2155 ecclesie
293 2119 527 2155 Moravienfis
545 2121 613 2155 illis
631 2121 861 2156 conferantur
883 2120 1039 2168 personis
1063 2133 1131 2167 que
1152 2119 1343 2155 seeundum
1366 2119 1505 2155 suarum
1523 2124 1625 2154 natu-

134 2189 208 2218 ram
228 2182 264 2212 et
279 2177 529 2213 fundacionem
545 2178 806 2226 prebendarum
820 2178 914 2226 apud
929 2177 1078 2213 eandem
1092 2175 1242 2213 residere
1256 2182 1292 2212 et
1305 2176 1420 2212 officia
1434 2188 1622 2222 curamque

135 2234 324 2271 earundem
345 2248 409 2283 per
427 2234 460 2269 se
479 2235 596 2271 debite
611 2235 752 2271 valeant
771 2248 936 2271 exercere
951 2254 959 2262 ·
974 2233 1037 2270 nifi
1054 2234 1147 2270 sorte
1165 2235 1209 2270 de
1228 2233 1335 2270 nostri
1353 2234 1499 2269 licencia
1516 2232 1623 2280 petita
