2060 2660
537 167 853 206 REGISTRUM
881 170 1240 208 MORAVIENSE.
1552 180 1622 219 227

140 268 257 316 plures
280 266 510 302 alienationes
528 272 563 302 et
581 266 818 303 concefliones
836 268 873 303 in
890 268 941 303 sui
959 273 995 303 et
1013 281 1145 304 corone
1165 268 1278 316 Regie
1302 282 1342 305 ac
1365 270 1505 306 suorum
1526 273 1624 309 here-

141 325 225 360 dum
244 330 279 360 et
296 323 525 359 successorum
542 324 734 372 dampnum
755 330 791 360 et
808 325 1044 373 prejudicium
1058 338 1164 372 quam
1178 326 1370 361 maximum
1387 333 1422 362 et
1435 341 1625 375 gravamen

139 382 231 417 facte
253 381 385 416 fuerint
403 381 520 416 minus
532 380 625 429 juste
644 387 679 416 et
697 382 733 416 in
752 382 814 417 tali
833 387 926 417 etate
943 395 1012 429 que
1031 382 1075 417 de
1093 382 1176 430 jure
1198 384 1378 418 communi
1396 383 1482 420 stare
1500 391 1534 420 et
1551 386 1625 421 sub-

138 437 249 474 fistere
267 451 341 473 non
365 437 537 473 deberent
556 458 564 466 ·
583 439 837 486 attendensque
855 444 891 474 et
908 439 1194 475 animadvertens
1212 439 1306 474 idem
1330 440 1494 475 dominus
1512 442 1626 477 noster

140 495 219 531 Rex
246 495 340 542 quod
370 495 415 530 ad
445 500 575 530 etatem
600 495 794 543 legitimam
822 496 988 532 videlicet
1014 496 1142 543 viginti
1169 496 1325 543 quinque
1353 509 1528 532 annorum
1552 498 1626 546 jam

137 552 300 600 pervenit
326 557 362 587 et
388 552 588 600 hujusmodi
622 566 691 600 que
725 553 763 588 in
796 553 926 588 minori
955 558 1047 589 etate
1074 553 1111 588 in
1136 553 1372 601 prejudicium
1406 567 1536 590 corone
1570 555 1627 590 sue

137 609 231 645 facta
247 609 381 645 fuerint
398 608 500 657 possit
512 609 667 657 juridice
686 623 855 646 revocare
887 629 895 638 ·
927 610 1113 658 privilegio
1126 610 1218 659 juris
1236 611 1435 646 communis
1452 610 1512 646 fibi
1530 609 1628 647 affist-

138 671 219 702 ente
244 685 252 694 ·
286 666 426 702 Idcirco
454 667 594 714 publice
621 667 701 702 vive
729 668 826 703 vocis
854 667 999 703 oraculo
1028 668 1255 715 solempniter
1282 668 1463 703 revocavit
1491 669 1630 703 cafl'avit

138 728 173 759 et
198 723 396 759 annullavit
423 737 546 759 omnes
572 729 608 759 et
638 722 789 771 fingulas
818 725 1029 760 donationes
1053 723 1289 760 coneeffiones
1313 724 1569 760 infeodationes
1595 731 1630 761 et

137 780 366 816 alienationes
393 794 456 829 per
482 781 594 829 ipsum
619 781 803 817 dominum
832 782 989 817 nostrum
1017 782 1156 829 Regem
1187 781 1450 829 quibuscunque
1477 782 1631 830 personis

137 837 375 885 cujuscunque
410 838 510 874 sexus
543 838 649 873 status
684 840 816 886 gradus
847 839 982 874 ordinis
1014 844 1076 874 aut
1107 839 1321 874 conditionis
1354 839 1537 874 extiterint
1571 839 1631 874 sub

137 895 402 942 quibuscunque
421 895 612 931 verborum
639 896 761 931 formis
784 897 892 944 usque
910 897 948 931 in
966 897 1058 932 diem
1078 896 1294 944 presentium
1312 896 1546 931 confectionis
1565 897 1632 931 sac-

138 958 190 987 tas
225 952 269 987 de
303 952 566 1000 quibuscunque
600 953 703 988 terris
734 953 857 988 officiis
892 953 1027 989 forestis
1064 953 1229 988 custumis
1263 953 1440 988 bonorum
1475 959 1510 989 et
1543 966 1632 989 mer-

139 1010 232 1044 cium
271 1023 567 1057 quorumcunque
602 1011 720 1046 vardis
754 1011 894 1046 releviis
937 1011 1129 1058 maritagiis
1173 1011 1353 1045 curiarum
1393 1011 1494 1046 sectis
1534 1010 1633 1046 castri

140 1066 256 1101 vardis
286 1066 533 1113 piscationibus
564 1067 761 1114 burgorum
795 1068 905 1102 firmis
932 1067 1211 1103 feodifirmarum
1244 1067 1514 1103 affedationibus
1548 1068 1633 1102 aliis-

140 1136 208 1170 que
226 1122 486 1170 pofl'essionibus
510 1124 706 1159 redditibus
729 1124 870 1172 juribus
893 1130 929 1160 et
954 1124 1121 1172 proficuis
1148 1137 1229 1159 cum
1256 1125 1478 1172 pertinentiis
1496 1125 1632 1171 quibus-

141 1193 280 1226 cunque
315 1181 360 1215 ad
395 1194 563 1216 coronam
597 1181 749 1228 Regiam
783 1181 867 1216 alias
899 1181 1137 1229 spectantibus
1166 1200 1174 1209 ·
1207 1194 1350 1216 necnon
1388 1182 1431 1217 de
1470 1181 1633 1216 omnibus

141 1242 176 1272 et
199 1236 341 1284 lingulis
365 1237 590 1273 talliamentis
610 1257 618 1265 ·
648 1238 946 1273 infeodationibus
973 1238 1199 1285 regalitatum
1225 1238 1327 1273 factis
1346 1243 1381 1273 et
1405 1237 1571 1274 conceffis
1590 1239 1633 1273 de

141 1293 404 1341 quibuscunque
434 1295 536 1329 terris
564 1295 759 1330 redditibus
787 1301 822 1330 et
853 1294 1114 1343 pofl'essionibus
1141 1308 1210 1341 que
1235 1307 1300 1340 per
1326 1295 1511 1330 dominum
1536 1296 1633 1343 geni-

142 1357 256 1386 torem
274 1351 374 1386 suum
392 1351 581 1387 recolende
601 1352 771 1387 memorie
790 1352 932 1400 poffeffa
950 1352 1095 1387 fuerunt
1112 1352 1365 1399 quoquomodo
1383 1357 1543 1400 tempore
1562 1352 1634 1388 obi-

141 1414 198 1443 tus
220 1408 270 1443 sui
297 1414 332 1443 et
358 1421 379 1443 a
405 1414 564 1456 tempore
584 1409 671 1444 dicti
695 1409 811 1444 obitus
835 1409 1099 1456 quibuscunque
1117 1409 1273 1456 personis
1291 1408 1351 1443 sub
1369 1409 1633 1456 quibuscunque

142 1465 263 1499 formis
281 1465 388 1512 usque
414 1465 451 1500 in
472 1466 667 1513 presentem
688 1466 780 1501 diem
801 1486 809 1494 ·
830 1472 865 1502 et
889 1479 964 1501 non
982 1466 1093 1501 solum
1118 1466 1162 1500 de
1180 1466 1248 1500 illis
1266 1479 1334 1512 que
1353 1466 1470 1501 dststus
1493 1467 1634 1513 genitor

144 1523 223 1557 suus
247 1528 407 1570 tempore
432 1523 548 1558 obitus
574 1523 624 1558 sui
646 1524 761 1559 tenuit
779 1529 814 1559 et
832 1523 979 1571 possedit
996 1536 1122 1558 verum
1136 1523 1241 1558 etiam
1260 1523 1304 1558 de
1323 1523 1487 1558 omnibus
1504 1523 1580 1558 aliis
1599 1528 1634 1558 et

145 1577 286 1625 lingulis
313 1580 416 1615 terris
449 1580 644 1615 redditibus
667 1581 769 1615 novis
799 1580 1098 1616 infeodationibus
1126 1580 1185 1615 seu
1216 1580 1544 1615 confirmationibus
1571 1593 1634 1627 per

147 1649 232 1682 quas
263 1636 384 1671 warde
419 1637 550 1672 relevia
581 1637 638 1672 seu
669 1637 853 1684 maritagia
883 1637 1084 1672 alienantur
1118 1655 1127 1664 ·
1156 1649 1298 1672 necnon
1322 1637 1404 1684 jure
1427 1641 1635 1684 patronatus

145 1705 440 1740 quorumcunque
471 1694 693 1741 hospitalium
724 1694 782 1729 vel
813 1693 1035 1729 ecclesiarum
1061 1691 1339 1729 conceffionibus
1369 1694 1633 1741 quibuscunque

146 1748 295 1785 ecclesiis
313 1750 370 1785 vel
392 1750 478 1786 locis
502 1751 604 1785 sactis
627 1770 634 1778 ·
661 1764 742 1786 cum
771 1751 935 1786 omnibus
964 1750 1041 1786 aliis
1065 1755 1100 1785 et
1127 1749 1270 1797 fingulis
1296 1751 1399 1785 terris
1417 1755 1452 1786 et
1470 1750 1635 1785 dominiis

124 1834 126 1836 .
146 1806 409 1853 quibuscunque
436 1821 504 1854 que
531 1808 575 1842 ad
602 1821 727 1843 manus
749 1808 824 1843 suas
842 1807 1001 1856 proprias
1018 1820 1082 1855 per
1099 1807 1356 1842 forisfacturam
1375 1807 1431 1843 vel
1454 1807 1537 1842 alias
1560 1807 1635 1855 post

147 1863 282 1899 obitum
304 1864 391 1899 dieti
409 1865 459 1899 sui
477 1865 648 1912 genitoris
666 1865 773 1912 usque
791 1865 828 1900 in
845 1865 1058 1900 hodiernum
1077 1864 1170 1899 diem
1194 1865 1449 1911 quoquomodo
1467 1877 1635 1912 pervene-

147 1926 232 1956 runt
258 1921 315 1956 seu
344 1922 531 1969 pervenire
559 1927 755 1969 potuerunt
781 1922 839 1957 seu
867 1922 973 1958 etiam
1002 1920 1203 1956 debuerunt
1228 1940 1236 1948 ·
1272 1934 1317 1957 ex
1343 1934 1385 1957 eo
1403 1921 1499 1969 quod
1517 1921 1635 1969 plures

147 1982 183 2013 et
210 1978 343 2014 diverse
371 1978 572 2027 hujusmodi
599 1979 831 2014 alienationes
859 1984 895 2015 et
922 1976 1159 2014 concelliones
1187 1977 1230 2013 ab
1259 1991 1301 2013 eo
1328 1983 1467 2014 extorte
1490 1978 1635 2014 suerunt

147 2047 211 2082 per
224 2035 295 2071 vim
315 2040 350 2071 et
368 2041 503 2071 metum
516 2036 576 2083 qui
594 2036 720 2071 cadere
734 2041 899 2084 poterant
912 2036 950 2071 in
963 2035 1079 2071 virum
1094 2034 1310 2071 constantem
1328 2041 1364 2070 et
1380 2034 1557 2083 signanter
1569 2047 1634 2082 pro

148 2092 221 2127 vita
243 2093 303 2128 sua
328 2093 504 2140 legiorum
533 2093 675 2128 suorum
704 2093 968 2129 conservatione
997 2097 1032 2128 et
1056 2092 1165 2128 salute
1197 2112 1205 2120 ·
1234 2092 1371 2139 alieque
1406 2092 1634 2127 alienationes

148 2148 346 2196 supradicte
364 2163 427 2198 per
446 2150 554 2185 malas
572 2156 607 2185 et
624 2150 722 2185 salsas
740 2150 975 2198 suggestiones
989 2155 1024 2186 et
1041 2162 1116 2184 non
1133 2149 1245 2185 solum
1263 2149 1308 2184 ad
1327 2149 1632 2197 importunitatem

149 2207 346 2253 petentium
374 2220 498 2243 verum
527 2207 631 2243 etiam
658 2220 722 2255 per
750 2207 992 2243 carnalitatem
1018 2206 1278 2242 consulentium
1305 2207 1342 2241 in
1365 2206 1426 2241 tali
1453 2210 1545 2241 etate
1565 2216 1632 2250 que
