1980 2758
106 763 145 793 11

580 145 894 181 REGISTRUM
922 145 1283 183 MORAVIENSE.
1653 154 1675 188 9

188 246 358 282 municati
376 264 384 273 ·
403 257 470 281 nec
488 243 848 279 excommunicationi
866 243 1004 279 deferre
1022 243 1202 280 voluerint
1221 263 1229 271 ·
1248 243 1335 279 ficut
1352 247 1675 283 excommunicatos

188 304 301 339 donec
312 302 387 351 juri
405 301 589 350 paruerint
606 300 731 336 evitari
748 300 882 335 faciatis
901 319 909 329 ·
929 305 965 336 et
985 305 1027 336 ut
1049 299 1136 336 ficut
1155 300 1343 336 Christiani
1361 302 1406 337 ad
1423 300 1600 338 ecclefiam
1622 317 1675 340 re-

187 360 294 396 deant
312 379 320 387 ·
340 364 375 395 et
392 359 530 408 judicio
547 358 637 394 stent
655 355 795 393 ecclefie
814 376 822 385 ·
841 357 903 392 ubi
924 357 1094 393 districtio
1113 356 1254 393 ecclesie
1273 371 1348 393 non
1373 358 1498 394 sufficit
1514 371 1578 406 per
1595 373 1675 396 auc-

186 417 366 452 toritatem
389 416 524 464 regiam
550 414 769 462 compellatis
796 434 804 442 ·
833 414 994 462 Hugone
1020 415 1231 450 cancellario
1258 428 1337 451 meo
1365 435 1373 443 ·
1403 414 1450 450 A·
1478 415 1603 451 abbate
1630 417 1673 452 de

186 473 439 509 Dunfermelin
466 493 474 501 ·
503 472 616 521 Apud
633 471 768 509 melros
787 491 795 499 ·

185 645 244 681 De
262 644 412 681 ecclesiis
430 645 474 680 de
493 645 627 693 Foreys
645 649 680 680 et
699 644 785 692 Dyk
804 662 813 671 ·

186 760 254 794 ·W·
274 760 345 795 Dei
368 760 484 807 gratia
507 760 589 794 Rex
610 759 815 794 Scottorum
838 757 1002 793 omnibus
1020 757 1139 805 probis
1156 757 1359 794 hominibus
1373 760 1488 796 tocius
1505 767 1600 799 terre
1618 764 1676 800 sue

184 817 320 853 clericis
339 822 375 852 et
398 817 494 852 laicis
520 816 666 852 salutem
687 835 695 843 ·
724 816 845 852 Sciant
871 815 1050 863 presentes
1074 819 1110 850 et
1133 815 1245 850 futuri
1263 828 1320 851 me
1339 816 1468 853 dedisse
1487 824 1522 854 et
1540 823 1678 857 conces-

184 873 254 910 fiffe
281 880 316 910 et
341 875 406 909 hac
434 879 531 910 carta
561 887 641 909 mea
666 873 885 909 confirmasse
910 872 1068 907 Ricardo
1099 872 1262 920 episcopo
1289 873 1333 909 de
1360 873 1528 911 Moravia
1554 877 1675 914 decem

184 932 288 967 libras
303 932 346 967 de
360 932 463 967 firma
479 931 584 978 burgi
601 931 668 966 mei
689 931 733 966 de
752 930 860 978 Elgin
874 928 1017 977 singulis
1034 929 1136 964 annis
1153 930 1398 978 percipiendas
1413 950 1420 959 ·
1441 933 1555 970 donec
1569 936 1678 972 eccle-

183 988 264 1024 fiam
283 989 326 1024 de
346 989 479 1037 Foreys
498 994 533 1024 et
551 987 728 1024 ecclesiam
754 988 797 1023 de
816 987 912 1023 Dich
930 1000 1055 1022 vacare
1073 987 1264 1034 contigerit
1304 1008 1312 1015 ·
1354 988 1453 1031 Quas
1476 1003 1558 1026 cum
1577 1005 1677 1028 vaca-

184 1047 302 1082 verint
324 1047 406 1082 dedi
431 1052 467 1081 et
489 1044 637 1081 concessl
659 1045 821 1093 medieto
845 1044 1003 1080 Ricardo
1030 1044 1192 1092 episcopo
1220 1050 1255 1080 et
1280 1045 1528 1083 suecessoribus
1546 1049 1622 1097 ejus
1639 1050 1677 1086 in

184 1109 397 1151 perpetuum
423 1104 460 1138 in
483 1103 630 1138 liberam
655 1108 690 1138 et
711 1116 836 1150 puram
864 1107 899 1137 et
924 1106 1133 1149 perpetuam
1159 1101 1384 1138 elemosinam
1411 1123 1419 1131 ·
1449 1104 1506 1140 Ita
1532 1107 1675 1153 quidem

185 1161 282 1207 quod
307 1160 331 1195 fi
349 1161 509 1196 redditus
526 1160 770 1208 predffi‘carum
789 1157 1012 1195 ecclefiarum
1036 1172 1118 1194 cum
1135 1159 1341 1195 vacaverint
1363 1160 1534 1198 summam
1553 1164 1675 1200 decem

184 1218 354 1253 librarum
373 1231 447 1253 non
465 1218 672 1253 contineant
694 1236 702 1244 ·
724 1217 820 1263 quod
842 1216 955 1252 deerit
972 1216 1010 1250 in
1027 1214 1177 1251 ecclefiis
1194 1215 1263 1251 istis
1281 1217 1325 1252 de
1343 1217 1466 1254 decem
1483 1219 1581 1256 libris
1598 1234 1675 1269 per-

183 1276 299 1311 ficiam
318 1276 350 1311 ei
373 1275 456 1310 alibi
473 1274 665 1310 secundum
685 1273 943 1309 estimacionem
962 1273 1174 1320 legittimam
1190 1273 1386 1321 proborum
1404 1275 1590 1312 hominum
1605 1297 1613 1306 ·
1627 1279 1675 1314 Et

183 1331 207 1367 fi
232 1333 325 1368 forte
346 1345 454 1367 unam
481 1332 722 1380 predictarum
750 1329 972 1366 ecclesiarum
990 1330 1191 1378 priusquam
1209 1330 1313 1366 aliam
1331 1344 1458 1368 vacare
1483 1335 1675 1382 contigerit

183 1391 228 1425 de
245 1390 414 1437 predi6tis
433 1390 556 1425 decem
573 1388 671 1423 libris
689 1388 851 1436 episcopo
869 1393 1010 1423 tantum
1035 1387 1175 1423 decidet
1200 1393 1374 1435 quantum
1396 1390 1556 1427 redditus
1579 1392 1674 1428 illius

184 1446 324 1483 ecclesie
352 1460 434 1482 cum
462 1446 622 1482 vacuerit
652 1445 846 1481 secundum
871 1445 1082 1492 legittimam
1106 1445 1301 1492 proborum
1328 1446 1514 1483 hominum
1541 1449 1673 1486 estima-

182 1505 320 1539 cionem
339 1504 470 1539 valebit
496 1523 505 1531 ·
529 1503 651 1545 Quare
662 1502 812 1538 firmiter
829 1502 985 1550 precipio
1003 1502 1141 1537 ballivis
1158 1503 1245 1538 meis
1264 1503 1307 1539 de
1326 1503 1435 1551 Elgin
1449 1524 1458 1532 ·
1476 1510 1518 1540 ut
1534 1507 1672 1554 prefato

183 1561 356 1609 Episcopo
379 1561 557 1609 medietas
584 1560 706 1596 decem
733 1560 839 1595 libras
856 1558 1000 1607 singulis
1023 1559 1125 1594 annis
1148 1560 1192 1595 de
1215 1559 1318 1595 firma
1334 1562 1573 1608 prenominati
1591 1563 1671 1599 bur-

180 1619 216 1666 gi
240 1618 310 1654 mei
339 1619 383 1654 de
408 1618 515 1665 Elgin
542 1616 613 1653 fine
641 1618 759 1664 aliqua
786 1616 943 1652 molestia
965 1616 1023 1652 vel
1049 1616 1238 1652 vexatione
1262 1617 1465 1665 persolvant
1487 1638 1495 1646 ·
1515 1623 1581 1655 v⁰¹¹¹e
1599 1640 1607 1648 ·
1627 1622 1671 1657 ad

181 1675 342 1723 pascham
372 1695 380 1703 ·
408 1680 444 1711 et
469 1678 534 1710 vque
561 1694 569 1702 ·
597 1674 702 1710 libras
732 1674 777 1709 ad
806 1674 931 1710 festum
960 1674 1071 1709 sancti
1101 1674 1286 1710 michaelis
1311 1694 1320 1702 ·
1347 1674 1511 1711 Testibus
1541 1679 1670 1714 comite

180 1732 301 1769 David
312 1732 420 1768 fratre
439 1745 520 1768 meo
540 1752 548 1759 ·
569 1731 617 1767 A·
632 1732 757 1767 abbate
775 1732 819 1767 de
839 1730 1115 1779 Dumfermelyn
1133 1750 1141 1758 ·
1163 1730 1323 1779 Hugone
1337 1733 1550 1769 cancellario
1564 1748 1644 1770 meo
1660 1756 1667 1764 ·

179 1791 308 1827 comite
331 1790 512 1825 Duncano
534 1809 542 1816 ·
572 1790 701 1824 comite
721 1789 874 1824 Patricio
893 1808 901 1816 ·
921 1788 1051 1824 comite
1078 1787 1208 1824 Gilleb’
1228 1808 1236 1817 ·
1265 1789 1428 1826 Roberto
1455 1791 1499 1826 de
1526 1791 1643 1828 Lund'
1659 1813 1667 1821 ·

181 1847 338 1884 Ricardo
357 1848 400 1882 de
423 1846 610 1882 Prebenda
633 1846 762 1882 clerico
780 1859 860 1881 meo
880 1865 888 1874 ·
908 1845 1090 1882 Willelmo
1107 1846 1182 1882 filio
1197 1846 1377 1883 Fresekini
1396 1867 1404 1875 ·
1425 1847 1605 1885 Willelmo
1624 1851 1667 1886 de

171 1905 317 1941 Laceles
336 1924 344 1932 ·
375 1905 485 1940 Petro
504 1904 547 1939 de
567 1904 690 1939 Polloc
718 1923 725 1931 ·
755 1902 866 1951 Apud
885 1903 993 1950 Elgin
1012 1922 1021 1930 ·

180 2078 239 2113 De
257 2077 386 2113 eisdem
404 2075 553 2112 ecclesiis
568 2096 576 2103 ·

101 2191 145 2222 12
181 2191 249 2225 ·W·
268 2191 340 2226 Dei
357 2191 471 2238 gratia
490 2191 571 2227 Rex
589 2191 792 2227 Scottorum
811 2190 978 2239 episcopis
1006 2210 1014 2218 -
1039 2190 1222 2226 abbatibus
1251 2210 1259 2218 ·
1288 2191 1475 2227 comitibus
1500 2211 1508 2219 ·
1527 2192 1664 2229 baroni-

180 2248 244 2283 bus
256 2267 264 2275 ·
274 2247 472 2295 justiciariis
485 2267 493 2276 ·
507 2247 773 2284 vicecomitibus
787 2267 796 2275 ·
810 2246 991 2296 prepositis
1006 2267 1014 2275 ·
1026 2247 1187 2285 ministris
1199 2253 1234 2284 et
1246 2248 1410 2284 omnibus
1420 2249 1538 2296 probis
1552 2250 1662 2286 homi-

905 2317 926 2340 Β
