2066 2780
320 708 367 744 60

313 2132 352 2166 (51

398 150 444 184 06
790 150 1101 187 REGISTRUM
1133 149 1492 185 MORAVIENSE.

398 247 558 284 'restibus
575 248 752 295 Frelkyno
772 249 907 284 decano
927 268 934 276 ·
953 248 1114 296 magistro
1132 248 1291 283 Henrico
1306 245 1522 281 thesaurario
1542 264 1549 271 ·
1572 244 1655 279 Ada
1668 244 1865 282 subdecano
1879 268 1886 275 ·

396 304 556 352 magistro
572 305 753 341 Willelmo
768 326 776 333 ·
797 306 957 352 (magistro
974 306 1135 340 Roberto
1150 305 1193 339 de
1213 304 1343 339 Duffus
1362 322 1370 330 ·
1392 301 1553 336 Roberto
1573 314 1682 348 parvo
1699 321 1707 329 ·
1727 303 1887 350 magistro

398 362 578 397 Edwardo
606 382 613 390 ·
642 363 820 398 canonicis
847 362 986 398 ecclesie
1015 359 1243 398 moraviensis
1269 380 1276 387 ·
1308 358 1500 406 Radulpho
1529 358 1713 406 capellano
1740 361 1858 396 nostro
1879 381 1886 388 ·

396 420 550 466 Syrnone
569 420 612 455 de
627 420 783 468 Guneby
803 439 811 447 ·
832 421 986 467 Symone
1005 419 1048 454 de
1067 418 1189 464 Oreby
1209 437 1216 444 ·
1237 422 1272 451 et
1290 416 1365 451 aliis
1381 435 1388 442 ·

395 593 507 639 Super
527 593 703 640 prebenda
722 593 765 626 de
786 591 938 639 Kynnor
957 596 992 625 et
1012 589 1216 624 Dunbanan
1238 608 1245 614 ·

396 706 561 741 Andreas
589 704 808 753 permistione
836 706 955 740 divina
978 701 1206 740 moraviensis
1230 702 1411 749 episcopus
1429 702 1513 737 viris
1530 703 1790 739 venerabilibus
1808 705 1887 739 filiis

394 770 428 798 et
454 763 619 798 fratribus
638 764 673 797 in
693 762 830 798 Christo
858 762 996 797 dileffis
1023 761 1158 795 decano
1185 765 1221 794 et
1247 759 1403 806 capitulo
1426 759 1638 796 moravienfi
1663 766 1820 796 eternam
1851 763 1885 797 in

398 820 556 855 Domino
584 820 726 856 salutem
757 840 764 847 ·
795 820 964 854 Inlierere
988 818 1169 865 cupientes
1187 816 1338 864 vestigiis
1356 817 1567 852 venerabilis
1584 819 1693 866 patris
1710 825 1746 854 et
1764 821 1886 867 prede-

393 878 530 912 cessoris
550 877 654 912 nostri
674 878 766 912 bone
780 877 950 912 memorie
964 875 1071 911 Bricii
1091 894 1098 902 ·
1118 875 1179 921 qui
1194 875 1328 921 primus
1341 874 1378 909 in
1393 873 1535 910 ecclefia
1548 875 1760 911 moraviensi
1775 877 1883 911 divini

393 935 508 969 uultus
535 935 797 982 ampliationem
825 947 898 969 non
926 933 1035 968 solum
1064 933 1120 980 pie
1143 932 1201 967 sed
1225 937 1297 966 tam
1320 931 1470 979 provide
1492 945 1595 979 quam
1617 932 1762 968 solerter
1780 947 1884 980 quain

393 992 528 1027 strenue
547 992 749 1039 procuravit
764 1011 772 1019 ·
794 992 829 1026 in
849 989 990 1026 ecclesia
1004 989 1120 1024 nostra
1138 989 1331 1024 cathedrali
1350 1002 1459 1024 unam
1476 989 1712 1037 superaddere
1731 991 1885 1026 decrevi-

392 1062 468 1083 nius
496 1049 710 1096 prebendam
731 1069 738 1076 ·
767 1062 869 1095 quain
890 1047 1133 1083 constituimus
1152 1047 1196 1082 de
1215 1045 1364 1082 ecclesiis
1383 1047 1426 1082 de
1448 1046 1576 1094 Kynor
1594 1053 1629 1082 et
1649 1048 1854 1084 Dunbanan
1876 1070 1882 1076 -

390 1119 492 1151 quam
508 1106 666 1152 magister
681 1106 860 1141 Robertus
876 1106 919 1140 de
935 1104 1112 1152 Stryhylle
1131 1104 1185 1139 vir
1204 1104 1414 1139 venerabilis
1433 1109 1468 1139 et
1485 1104 1657 1152 providus
1671 1105 1707 1139 in
1722 1106 1884 1141 manibus

390 1162 513 1197 nostris
540 1162 726 1210 resignavit
755 1183 761 1190 -
793 1163 869 1197 Has
888 1163 996 1210 igitur
1016 1160 1174 1197 ecclesias
1193 1161 1293 1196 vobis
1310 1175 1374 1209 per
1392 1175 1456 1196 vos
1474 1160 1615 1197 ecclesie
1634 1162 1744 1198 vestre
1763 1177 1884 1211 perpe-

389 1227 450 1253 tuo
478 1220 601 1254 damus
620 1226 654 1254 et
673 1221 900 1255 concedimus
919 1226 954 1255 et
972 1220 1037 1254 hac
1055 1224 1153 1254 carta
1170 1218 1287 1254 nostra
1305 1219 1557 1254 confirmamus
1578 1219 1615 1254 in
1638 1219 1854 1267 prebendam
1875 1241 1882 1248 ·

389 1277 491 1311 salva
519 1277 619 1311 nobis
646 1283 681 1311 et
708 1277 955 1312 succefforibus
982 1276 1106 1312 nostris
1133 1277 1208 1324 ejus
1233 1276 1426 1311 donatione
1453 1277 1617 1323 quotiens
1650 1290 1727 1312 eain
1759 1291 1883 1313 vacare

387 1334 575 1381 eontigerit
599 1354 606 1360 ·
631 1348 779 1381 eamque
805 1334 966 1382 magistro
990 1334 1058 1368 -w-
1087 1334 1217 1369 clerico
1244 1333 1363 1369 nostro
1387 1334 1462 1368 filio
1482 1334 1633 1369 Roberti
1657 1334 1701 1370 de
1720 1335 1884 1371 Lindelia

389 1392 602 1427 conferimus
622 1392 656 1426 in
677 1406 800 1440 puram
821 1398 855 1427 et
874 1398 1081 1440 perpetuam
1101 1390 1325 1427 elemosinam
1351 1411 1359 1418 ·
1388 1391 1440 1427 Ut
1467 1391 1668 1439 supradicta
1694 1392 1737 1427 de
1764 1400 1882 1427 cetero

389 1450 422 1483 in
443 1449 588 1484 dubium
608 1462 680 1486 non
700 1450 840 1485 valeant
859 1450 1018 1485 revocari
1036 1449 1085 1485 set
1103 1449 1221 1497 potius
1245 1449 1424 1497 perpetuis
1443 1449 1644 1484 inconcussa
1661 1455 1696 1484 et
1714 1450 1883 1485 inviolata

389 1513 617 1552 permaneant
636 1507 854 1554 temporibus
873 1527 881 1534 ·
901 1521 942 1542 ea
959 1506 1060 1554 figilli
1074 1506 1182 1542 nostri
1196 1505 1413 1554 appositione
1427 1507 1674 1542 roboravimus
1693 1527 1700 1534 ·
1722 1506 1756 1542 T
1758 1507 1882 1543 estibus

390 1563 581 1610 Ranulplio
594 1565 765 1599 canonico
778 1563 1006 1600 moraviensis
1019 1563 1158 1600 ecclesie
1172 1584 1179 1591 ·
1198 1564 1360 1599 Roberto
1372 1564 1545 1600 canonico
1557 1564 1710 1612 ejusdem
1725 1564 1864 1600 ecelefie
1873 1586 1880 1592 ·

390 1619 534 1654 domino
550 1620 783 1656 Constantino
803 1622 977 1657 monacho
997 1623 1040 1657 de
1059 1622 1241 1657 Neubotel
1261 1641 1268 1649 ·
1297 1622 1482 1669 mychaele
1501 1622 1671 1669 pincerna
1690 1641 1696 1649 ·
1727 1623 1881 1669 Symone

390 1676 518 1711 clerico
538 1696 545 1703 ·
565 1677 700 1713 Jacobo
718 1685 753 1713 et
769 1679 958 1714 Fleumaco
978 1699 985 1706 ·
1008 1679 1228 1714 Archibaldo
1244 1679 1288 1714 de
1303 1677 1471 1726 W'ymeth
1492 1698 1499 1706 ·
1520 1678 1691 1714 Gervafio
1712 1699 1719 1706 ·
1742 1679 1880 1726 Augus-

389 1734 464 1767 tino
484 1734 653 1769 serviente
674 1735 789 1770 nostro
810 1756 817 1762 -
838 1742 871 1770 et
891 1737 965 1771 aliis
985 1757 991 1763 -

389 1904 572 1939 Concellio
602 1906 735 1941 domini
766 1907 912 1943 Andree
941 1909 1089 1957 episcopi
1122 1911 1284 1947 moravie
1317 1910 1419 1957 super
1454 1909 1642 1957 prebendis
1673 1909 1717 1944 de
1744 1912 1842 1957 (Dwy
1871 1930 1878 1937 ·

388 1962 431 1996 ‹le
462 1962 612 2008 Kynnor
639 1969 674 1998 et
702 1964 905 1999 Dunbanau
939 1985 945 1992 -
983 1966 1025 2001 de
1056 1967 1166 2015 Petyn
1197 1974 1232 2003 et
1260 1967 1463 2015 Bracholyn
1495 1986 1503 1994 ·
1540 1967 1584 2002 de
1609 1966 1814 2014 Butruthyn
1845 1975 1878 2003 et

391 2019 590 2054 Aberlouer
610 2040 616 2046 ·

388 2133 565 2168 Omnibus
592 2134 658 2169 lioc
687 2135 849 2182 scriptum
879 2137 1001 2171 visuris
1031 2138 1084 2172 vel
1114 2140 1288 2174 audituris
1316 2140 1482 2175 Andreas
1508 2137 1730 2187 permistione
1760 2139 1878 2173 divina

389 2190 618 2225 moraviensis
632 2192 812 2239 episcopus
830 2200 987 2228 eternam
1008 2195 1043 2229 in
1064 2195 1223 2231 Domino
1242 2197 1387 2232 salutem
1408 2217 1416 2224 ·
1444 2196 1626 2232 Noveritis
1644 2194 1794 2230 universi
1814 2209 1878 2230 nos

388 2247 432 2281 ob
452 2249 715 2284 venerationem
738 2250 866 2285 Samuele
886 2250 1071 2287 Trinitatis
1091 2259 1125 2288 et
1142 2254 1293 2300 gloriose
1311 2255 1483 2301 beateque
1495 2253 1655 2300 Virginis
1676 2253 1745 2288 Dei
1760 2253 1878 2288 Gene-
