<?xml version="1.0" encoding="UTF-8"?>
<!DOCTYPE html PUBLIC "-//W3C//DTD XHTML 1.0 Transitional//EN"
    "http://www.w3.org/TR/xhtml1/DTD/xhtml1-transitional.dtd">
<html xmlns="http://www.w3.org/1999/xhtml" xml:lang="en" lang="en">
 <head>
  <title>
</title>
<meta http-equiv="Content-Type" content="text/html;charset=utf-8" />
  <meta name='ocr-system' content='tesseract 3.04.00' />
  <meta name='ocr-capabilities' content='ocr_page ocr_carea ocr_par ocr_line ocrx_word'/>
</head>
<body>
  <div class='ocr_page' id='page_1' title='image "./registrumepisc5800morauoft_0151.png"; bbox 0 0 2066 2780; ppageno 0'>
   <div class='ocr_carea' id='block_1_1' title="bbox 578 133 1665 171">
    <p class='ocr_par' dir='ltr' id='par_1_1' title="bbox 578 133 1665 171">
     <span class='ocr_line' id='line_1_1' title="bbox 578 133 1665 171; baseline 0 -1"><span class='ocrx_word' id='word_1_1' title='bbox 578 134 681 170; x_wconf 91' lang='lat' dir='ltr'>REG</span> <span class='ocrx_word' id='word_1_2' title='bbox 689 134 894 170; x_wconf 91' lang='lat' dir='ltr'>ISTRUM</span> <span class='ocrx_word' id='word_1_3' title='bbox 923 133 1283 170; x_wconf 89' lang='lat' dir='ltr'>MORAVIENSE.</span> <span class='ocrx_word' id='word_1_4' title='bbox 1617 139 1665 171; x_wconf 73' lang='lat'>43</span> 
     </span>
    </p>
   </div>
   <div class='ocr_carea' id='block_1_2' title="bbox 107 230 1683 1943">
    <p class='ocr_par' dir='ltr' id='par_1_2' title="bbox 107 230 1683 1943">
     <span class='ocr_line' id='line_1_2' title="bbox 180 230 1664 280; baseline -0.001 -9"><span class='ocrx_word' id='word_1_5' title='bbox 180 236 252 271; x_wconf 91' lang='lat' dir='ltr'>Dei</span> <span class='ocrx_word' id='word_1_6' title='bbox 270 232 542 270; x_wconf 86' lang='lat' dir='ltr'>misericordiam</span> <span class='ocrx_word' id='word_1_7' title='bbox 561 237 596 267; x_wconf 93' lang='lat' dir='ltr'>et</span> <span class='ocrx_word' id='word_1_8' title='bbox 613 238 751 280; x_wconf 85' lang='lat' dir='ltr'><strong>gratam</strong></span> <span class='ocrx_word' id='word_1_9' title='bbox 769 230 960 267; x_wconf 70' lang='lat' dir='ltr'>beatissime</span> <span class='ocrx_word' id='word_1_10' title='bbox 978 232 1099 266; x_wconf 90' lang='lat' dir='ltr'>matris</span> <span class='ocrx_word' id='word_1_11' title='bbox 1117 231 1192 279; x_wconf 87' lang='lat' dir='ltr'>ejus</span> <span class='ocrx_word' id='word_1_12' title='bbox 1210 236 1380 278; x_wconf 84' lang='lat' dir='ltr'>perpetue</span> <span class='ocrx_word' id='word_1_13' title='bbox 1393 232 1538 279; x_wconf 86' lang='lat' dir='ltr'>virginis</span> <span class='ocrx_word' id='word_1_14' title='bbox 1552 234 1664 269; x_wconf 77' lang='lat' dir='ltr'>(Darie</span> 
     </span>
     <span class='ocr_line' id='line_1_3' title="bbox 178 287 1666 338; baseline -0.001 -11"><span class='ocrx_word' id='word_1_15' title='bbox 178 290 458 327; x_wconf 83' lang='lat' dir='ltr'>interceffionem</span> <span class='ocrx_word' id='word_1_16' title='bbox 488 288 528 324; x_wconf 87' lang='lat' dir='ltr'>fit</span> <span class='ocrx_word' id='word_1_17' title='bbox 558 303 627 337; x_wconf 84' lang='lat' dir='ltr'>pax</span> <span class='ocrx_word' id='word_1_18' title='bbox 657 289 812 338; x_wconf 87' lang='lat' dir='ltr'>ejusdem</span> <span class='ocrx_word' id='word_1_19' title='bbox 843 288 994 324; x_wconf 87' lang='lat' dir='ltr'>Domini</span> <span class='ocrx_word' id='word_1_20' title='bbox 1022 287 1130 323; x_wconf 88' lang='lat' dir='ltr'>nostri</span> <span class='ocrx_word' id='word_1_21' title='bbox 1159 288 1243 324; x_wconf 90' lang='lat' dir='ltr'>Jesu</span> <span class='ocrx_word' id='word_1_22' title='bbox 1275 287 1402 323; x_wconf 85' lang='lat' dir='ltr'>Christi</span> <span class='ocrx_word' id='word_1_23' title='bbox 1436 290 1599 335; x_wconf 80' lang='lat' dir='ltr'>quatinus</span> <span class='ocrx_word' id='word_1_24' title='bbox 1630 296 1666 325; x_wconf 88' lang='lat' dir='ltr'>et</span> 
     </span>
     <span class='ocr_line' id='line_1_4' title="bbox 178 342 1667 394; baseline -0.001 -11"><span class='ocrx_word' id='word_1_25' title='bbox 178 349 234 384; x_wconf 90' lang='lat' dir='ltr'>hic</span> <span class='ocrx_word' id='word_1_26' title='bbox 259 348 417 382; x_wconf 58' lang='lat' dir='ltr'>fructum</span> <span class='ocrx_word' id='word_1_27' title='bbox 442 347 536 382; x_wconf 90' lang='lat' dir='ltr'>bone</span> <span class='ocrx_word' id='word_1_28' title='bbox 563 347 714 382; x_wconf 55' lang='lat' dir='ltr'>affitionis</span> <span class='ocrx_word' id='word_1_29' title='bbox 737 342 934 394; x_wconf 88' lang='lat' dir='ltr'>percipiant</span> <span class='ocrx_word' id='word_1_30' title='bbox 960 350 996 381; x_wconf 87' lang='lat' dir='ltr'>et</span> <span class='ocrx_word' id='word_1_31' title='bbox 1019 345 1114 393; x_wconf 91' lang='lat' dir='ltr'>apud</span> <span class='ocrx_word' id='word_1_32' title='bbox 1138 344 1334 380; x_wconf 63' lang='lat' dir='ltr'>district-um</span> <span class='ocrx_word' id='word_1_33' title='bbox 1353 344 1510 392; x_wconf 88' lang='lat' dir='ltr'>judicem</span> <span class='ocrx_word' id='word_1_34' title='bbox 1534 347 1667 393; x_wconf 88' lang='lat' dir='ltr'>premia</span> 
     </span>
     <span class='ocr_line' id='line_1_5' title="bbox 179 401 1669 452; baseline -0.002 -12"><span class='ocrx_word' id='word_1_35' title='bbox 179 411 300 441; x_wconf 89' lang='lat' dir='ltr'>eterne</span> <span class='ocrx_word' id='word_1_36' title='bbox 317 404 412 452; x_wconf 85' lang='lat' dir='ltr'>pacis</span> <span class='ocrx_word' id='word_1_37' title='bbox 429 403 613 439; x_wconf 82' lang='lat' dir='ltr'>inveniant</span> <span class='ocrx_word' id='word_1_38' title='bbox 632 423 640 432; x_wconf 88' lang='lat'><strong>·</strong></span> <span class='ocrx_word' id='word_1_39' title='bbox 661 403 783 439; x_wconf 90' lang='lat' dir='ltr'>Amen</span> <span class='ocrx_word' id='word_1_40' title='bbox 806 423 814 431; x_wconf 92' lang='lat'><em>·</em></span> <span class='ocrx_word' id='word_1_41' title='bbox 845 403 896 439; x_wconf 88' lang='lat' dir='ltr'>Ut</span> <span class='ocrx_word' id='word_1_42' title='bbox 913 407 1033 438; x_wconf 89' lang='lat' dir='ltr'>autem</span> <span class='ocrx_word' id='word_1_43' title='bbox 1050 402 1117 437; x_wconf 87' lang='lat' dir='ltr'>hec</span> <span class='ocrx_word' id='word_1_44' title='bbox 1133 401 1250 437; x_wconf 87' lang='lat' dir='ltr'>nostre</span> <span class='ocrx_word' id='word_1_45' title='bbox 1267 401 1525 437; x_wconf 83' lang='lat' dir='ltr'>constitutionis</span> <span class='ocrx_word' id='word_1_46' title='bbox 1542 404 1669 450; x_wconf 82' lang='lat' dir='ltr'>pagina</span> 
     </span>
     <span class='ocr_line' id='line_1_6' title="bbox 179 458 1670 510; baseline -0.002 -13"><span class='ocrx_word' id='word_1_47' title='bbox 179 468 250 497; x_wconf 87' lang='lat' dir='ltr'>tam</span> <span class='ocrx_word' id='word_1_48' title='bbox 268 461 488 510; x_wconf 81' lang='lat' dir='ltr'>presentibus</span> <span class='ocrx_word' id='word_1_49' title='bbox 506 474 612 508; x_wconf 88' lang='lat' dir='ltr'>quam</span> <span class='ocrx_word' id='word_1_50' title='bbox 629 461 757 496; x_wconf 89' lang='lat' dir='ltr'>futuris</span> <span class='ocrx_word' id='word_1_51' title='bbox 775 460 838 495; x_wconf 90' lang='lat' dir='ltr'>fiat</span> <span class='ocrx_word' id='word_1_52' title='bbox 855 460 999 507; x_wconf 83' lang='lat' dir='ltr'>cognita</span> <span class='ocrx_word' id='word_1_53' title='bbox 1016 464 1052 495; x_wconf 90' lang='lat' dir='ltr'>et</span> <span class='ocrx_word' id='word_1_54' title='bbox 1070 459 1234 494; x_wconf 88' lang='lat' dir='ltr'>omnibus</span> <span class='ocrx_word' id='word_1_55' title='bbox 1251 458 1289 494; x_wconf 90' lang='lat' dir='ltr'>in</span> <span class='ocrx_word' id='word_1_56' title='bbox 1305 458 1483 506; x_wconf 89' lang='lat' dir='ltr'>posterum</span> <span class='ocrx_word' id='word_1_57' title='bbox 1506 460 1670 507; x_wconf 87' lang='lat' dir='ltr'>tempori-</span> 
     </span>
     <span class='ocr_line' id='line_1_7' title="bbox 178 514 1670 567; baseline -0.003 -13"><span class='ocrx_word' id='word_1_58' title='bbox 178 519 242 555; x_wconf 85' lang='lat' dir='ltr'>bus</span> <span class='ocrx_word' id='word_1_59' title='bbox 265 524 472 567; x_wconf 89' lang='lat' dir='ltr'>permaneat</span> <span class='ocrx_word' id='word_1_60' title='bbox 495 518 622 554; x_wconf 84' lang='lat' dir='ltr'>stabilis</span> <span class='ocrx_word' id='word_1_61' title='bbox 641 524 676 554; x_wconf 92' lang='lat' dir='ltr'>et</span> <span class='ocrx_word' id='word_1_62' title='bbox 694 518 896 553; x_wconf 84' lang='lat' dir='ltr'>inconcussa</span> <span class='ocrx_word' id='word_1_63' title='bbox 914 530 992 553; x_wconf 91' lang='lat' dir='ltr'>eam</span> <span class='ocrx_word' id='word_1_64' title='bbox 1010 515 1111 564; x_wconf 85' lang='lat' dir='ltr'>figilli</span> <span class='ocrx_word' id='word_1_65' title='bbox 1128 516 1237 551; x_wconf 87' lang='lat' dir='ltr'>nostri</span> <span class='ocrx_word' id='word_1_66' title='bbox 1257 514 1474 564; x_wconf 80' lang='lat' dir='ltr'>appositione</span> <span class='ocrx_word' id='word_1_67' title='bbox 1492 521 1528 551; x_wconf 90' lang='lat' dir='ltr'>et</span> <span class='ocrx_word' id='word_1_68' title='bbox 1545 517 1670 564; x_wconf 88' lang='lat' dir='ltr'>episco-</span> 
     </span>
     <span class='ocr_line' id='line_1_8' title="bbox 178 573 1671 624; baseline -0.001 -13"><span class='ocrx_word' id='word_1_69' title='bbox 178 576 248 624; x_wconf 90' lang='lat' dir='ltr'>pali</span> <span class='ocrx_word' id='word_1_70' title='bbox 266 576 481 612; x_wconf 63' lang='lat' dir='ltr'>auctoritate</span> <span class='ocrx_word' id='word_1_71' title='bbox 499 576 666 611; x_wconf 85' lang='lat' dir='ltr'>duximus</span> <span class='ocrx_word' id='word_1_72' title='bbox 683 575 922 611; x_wconf 90' lang='lat' dir='ltr'>roborandam</span> <span class='ocrx_word' id='word_1_73' title='bbox 937 593 946 603; x_wconf 88' lang='lat'><strong>·</strong></span> <span class='ocrx_word' id='word_1_74' title='bbox 963 574 1254 622; x_wconf 85' lang='lat' dir='ltr'>Recapitulantes</span> <span class='ocrx_word' id='word_1_75' title='bbox 1268 578 1303 609; x_wconf 93' lang='lat' dir='ltr'>et</span> <span class='ocrx_word' id='word_1_76' title='bbox 1316 573 1465 608; x_wconf 88' lang='lat' dir='ltr'>firmiter</span> <span class='ocrx_word' id='word_1_77' title='bbox 1482 573 1671 610; x_wconf 82' lang='lat' dir='ltr'>statuentes</span> 
     </span>
     <span class='ocr_line' id='line_1_9' title="bbox 178 629 1671 681; baseline -0.001 -13"><span class='ocrx_word' id='word_1_78' title='bbox 178 633 274 681; x_wconf 94' lang='lat' dir='ltr'>quod</span> <span class='ocrx_word' id='word_1_79' title='bbox 293 634 448 668; x_wconf 87' lang='lat' dir='ltr'>decanus</span> <span class='ocrx_word' id='word_1_80' title='bbox 466 638 502 668; x_wconf 92' lang='lat' dir='ltr'>et</span> <span class='ocrx_word' id='word_1_81' title='bbox 519 633 681 668; x_wconf 83' lang='lat' dir='ltr'>canonici</span> <span class='ocrx_word' id='word_1_82' title='bbox 699 632 860 681; x_wconf 66' lang='lat' dir='ltr'>predicte</span> <span class='ocrx_word' id='word_1_83' title='bbox 874 631 1030 667; x_wconf 86' lang='lat' dir='ltr'>matricis</span> <span class='ocrx_word' id='word_1_84' title='bbox 1043 636 1079 667; x_wconf 91' lang='lat' dir='ltr'>et</span> <span class='ocrx_word' id='word_1_85' title='bbox 1093 630 1302 667; x_wconf 86' lang='lat' dir='ltr'>cathedralis</span> <span class='ocrx_word' id='word_1_86' title='bbox 1316 629 1455 666; x_wconf 74' lang='lat' dir='ltr'>ecclesie</span> <span class='ocrx_word' id='word_1_87' title='bbox 1470 631 1514 667; x_wconf 92' lang='lat' dir='ltr'>de</span> <span class='ocrx_word' id='word_1_88' title='bbox 1529 631 1648 679; x_wconf 89' lang='lat' dir='ltr'>Spyny</span> <span class='ocrx_word' id='word_1_89' title='bbox 1664 652 1671 659; x_wconf 93' lang='lat'><strong>·</strong></span> 
     </span>
     <span class='ocr_line' id='line_1_10' title="bbox 178 688 1674 736; baseline -0.001 -10"><span class='ocrx_word' id='word_1_90' title='bbox 178 691 316 726; x_wconf 90' lang='lat' dir='ltr'>ratione</span> <span class='ocrx_word' id='word_1_91' title='bbox 335 691 526 726; x_wconf 86' lang='lat' dir='ltr'>decanatus</span> <span class='ocrx_word' id='word_1_92' title='bbox 551 696 587 726; x_wconf 85' lang='lat' dir='ltr'>et</span> <span class='ocrx_word' id='word_1_93' title='bbox 611 691 843 725; x_wconf 89' lang='lat' dir='ltr'>canoniarum</span> <span class='ocrx_word' id='word_1_94' title='bbox 869 690 1010 724; x_wconf 88' lang='lat' dir='ltr'>suarum</span> <span class='ocrx_word' id='word_1_95' title='bbox 1029 708 1038 717; x_wconf 89' lang='lat'><strong>·</strong></span> <span class='ocrx_word' id='word_1_96' title='bbox 1058 689 1187 724; x_wconf 90' lang='lat' dir='ltr'>eisdem</span> <span class='ocrx_word' id='word_1_97' title='bbox 1204 689 1384 736; x_wconf 84' lang='lat' dir='ltr'>gaudeant</span> <span class='ocrx_word' id='word_1_98' title='bbox 1400 688 1621 725; x_wconf 82' lang='lat' dir='ltr'>libertatibus</span> <span class='ocrx_word' id='word_1_99' title='bbox 1639 696 1674 725; x_wconf 88' lang='lat' dir='ltr'>et</span> 
     </span>
     <span class='ocr_line' id='line_1_11' title="bbox 183 745 1675 796; baseline -0.001 -13"><span class='ocrx_word' id='word_1_100' title='bbox 183 748 465 783; x_wconf 88' lang='lat' dir='ltr'>immunitatibus</span> <span class='ocrx_word' id='word_1_101' title='bbox 484 754 519 783; x_wconf 89' lang='lat' dir='ltr'>et</span> <span class='ocrx_word' id='word_1_102' title='bbox 533 748 799 796; x_wconf 86' lang='lat' dir='ltr'>preeminentiis</span> <span class='ocrx_word' id='word_1_103' title='bbox 813 747 850 782; x_wconf 91' lang='lat' dir='ltr'>in</span> <span class='ocrx_word' id='word_1_104' title='bbox 864 745 1005 783; x_wconf 84' lang='lat' dir='ltr'>ecclesia</span> <span class='ocrx_word' id='word_1_105' title='bbox 1019 746 1212 782; x_wconf 89' lang='lat' dir='ltr'>cathedrali</span> <span class='ocrx_word' id='word_1_106' title='bbox 1226 751 1261 782; x_wconf 89' lang='lat' dir='ltr'>et</span> <span class='ocrx_word' id='word_1_107' title='bbox 1275 746 1433 782; x_wconf 89' lang='lat' dir='ltr'>canoniis</span> <span class='ocrx_word' id='word_1_108' title='bbox 1445 746 1513 781; x_wconf 87' lang='lat' dir='ltr'>suis</span> <span class='ocrx_word' id='word_1_109' title='bbox 1527 752 1562 782; x_wconf 90' lang='lat' dir='ltr'>et</span> <span class='ocrx_word' id='word_1_110' title='bbox 1576 752 1675 782; x_wconf 89' lang='lat' dir='ltr'>extra</span> 
     </span>
     <span class='ocr_line' id='line_1_12' title="bbox 179 802 1675 853; baseline -0.001 -13"><span class='ocrx_word' id='word_1_111' title='bbox 179 806 305 853; x_wconf 88' lang='lat' dir='ltr'>quibus</span> <span class='ocrx_word' id='word_1_112' title='bbox 324 805 478 840; x_wconf 86' lang='lat' dir='ltr'>decanus</span> <span class='ocrx_word' id='word_1_113' title='bbox 496 811 532 842; x_wconf 88' lang='lat' dir='ltr'>et</span> <span class='ocrx_word' id='word_1_114' title='bbox 551 805 713 841; x_wconf 86' lang='lat' dir='ltr'>canonici</span> <span class='ocrx_word' id='word_1_115' title='bbox 731 804 998 840; x_wconf 87' lang='lat' dir='ltr'>Lincolnienses</span> <span class='ocrx_word' id='word_1_116' title='bbox 1024 805 1062 839; x_wconf 91' lang='lat' dir='ltr'>in</span> <span class='ocrx_word' id='word_1_117' title='bbox 1086 802 1228 839; x_wconf 80' lang='lat' dir='ltr'>ecclesia</span> <span class='ocrx_word' id='word_1_118' title='bbox 1245 802 1486 839; x_wconf 82' lang='lat' dir='ltr'>Lincolnienfi</span> <span class='ocrx_word' id='word_1_119' title='bbox 1511 809 1547 839; x_wconf 88' lang='lat' dir='ltr'>et</span> <span class='ocrx_word' id='word_1_120' title='bbox 1573 816 1675 839; x_wconf 84' lang='lat' dir='ltr'>cano-</span> 
     </span>
     <span class='ocr_line' id='line_1_13' title="bbox 179 861 1676 910; baseline -0.001 -12"><span class='ocrx_word' id='word_1_121' title='bbox 179 863 246 898; x_wconf 90' lang='lat' dir='ltr'>niis</span> <span class='ocrx_word' id='word_1_122' title='bbox 264 863 332 898; x_wconf 82' lang='lat' dir='ltr'>suis</span> <span class='ocrx_word' id='word_1_123' title='bbox 349 863 506 910; x_wconf 83' lang='lat' dir='ltr'>gaudere</span> <span class='ocrx_word' id='word_1_124' title='bbox 524 862 719 898; x_wconf 91' lang='lat' dir='ltr'>noscuntur</span> <span class='ocrx_word' id='word_1_125' title='bbox 736 862 875 898; x_wconf 89' lang='lat' dir='ltr'>ratione</span> <span class='ocrx_word' id='word_1_126' title='bbox 893 862 1085 897; x_wconf 89' lang='lat' dir='ltr'>decanatus</span> <span class='ocrx_word' id='word_1_127' title='bbox 1103 866 1139 897; x_wconf 89' lang='lat' dir='ltr'>et</span> <span class='ocrx_word' id='word_1_128' title='bbox 1157 861 1389 897; x_wconf 84' lang='lat' dir='ltr'>canoniarum</span> <span class='ocrx_word' id='word_1_129' title='bbox 1409 861 1549 896; x_wconf 89' lang='lat' dir='ltr'>suarum</span> <span class='ocrx_word' id='word_1_130' title='bbox 1569 881 1577 889; x_wconf 92' lang='lat'><em>-</em></span> <span class='ocrx_word' id='word_1_131' title='bbox 1597 861 1676 909; x_wconf 89' lang='lat' dir='ltr'>Ego</span> 
     </span>
     <span class='ocr_line' id='line_1_14' title="bbox 182 918 1676 969; baseline -0.001 -14"><span class='ocrx_word' id='word_1_132' title='bbox 182 920 320 955; x_wconf 89' lang='lat' dir='ltr'>Bricius</span> <span class='ocrx_word' id='word_1_133' title='bbox 338 918 568 957; x_wconf 71' lang='lat' dir='ltr'>moraviensis</span> <span class='ocrx_word' id='word_1_134' title='bbox 586 920 767 969; x_wconf 90' lang='lat' dir='ltr'>episcopus</span> <span class='ocrx_word' id='word_1_135' title='bbox 786 919 960 955; x_wconf 90' lang='lat' dir='ltr'>subscribo</span> <span class='ocrx_word' id='word_1_136' title='bbox 990 939 998 947; x_wconf 95' lang='lat'><strong>·</strong></span> <span class='ocrx_word' id='word_1_137' title='bbox 1030 919 1110 967; x_wconf 82' lang='lat' dir='ltr'>Ego</span> <span class='ocrx_word' id='word_1_138' title='bbox 1130 919 1343 967; x_wconf 88' lang='lat' dir='ltr'>Radulphus</span> <span class='ocrx_word' id='word_1_139' title='bbox 1360 918 1467 954; x_wconf 88' lang='lat' dir='ltr'>abbas</span> <span class='ocrx_word' id='word_1_140' title='bbox 1484 919 1528 954; x_wconf 91' lang='lat' dir='ltr'>de</span> <span class='ocrx_word' id='word_1_141' title='bbox 1549 918 1676 955; x_wconf 89' lang='lat' dir='ltr'>Kinlos</span> 
     </span>
     <span class='ocr_line' id='line_1_15' title="bbox 181 976 1678 1025; baseline 0 -13"><span class='ocrx_word' id='word_1_142' title='bbox 181 977 355 1012; x_wconf 84' lang='lat' dir='ltr'>subscribo</span> <span class='ocrx_word' id='word_1_143' title='bbox 392 997 400 1005; x_wconf 89' lang='lat'><strong>·</strong></span> <span class='ocrx_word' id='word_1_144' title='bbox 437 977 517 1025; x_wconf 86' lang='lat' dir='ltr'>Ego</span> <span class='ocrx_word' id='word_1_145' title='bbox 537 977 714 1013; x_wconf 86' lang='lat' dir='ltr'>Ricardus</span> <span class='ocrx_word' id='word_1_146' title='bbox 735 977 834 1025; x_wconf 87' lang='lat' dir='ltr'>prior</span> <span class='ocrx_word' id='word_1_147' title='bbox 857 977 901 1013; x_wconf 91' lang='lat' dir='ltr'>de</span> <span class='ocrx_word' id='word_1_148' title='bbox 922 977 1117 1013; x_wconf 88' lang='lat' dir='ltr'>Hurchard</span> <span class='ocrx_word' id='word_1_149' title='bbox 1138 976 1312 1012; x_wconf 88' lang='lat' dir='ltr'>subscribo</span> <span class='ocrx_word' id='word_1_150' title='bbox 1348 994 1357 1005; x_wconf 90' lang='lat'><strong>·</strong></span> <span class='ocrx_word' id='word_1_151' title='bbox 1393 976 1473 1024; x_wconf 89' lang='lat' dir='ltr'>Ego</span> <span class='ocrx_word' id='word_1_152' title='bbox 1492 976 1678 1012; x_wconf 88' lang='lat' dir='ltr'>Gilbertus</span> 
     </span>
     <span class='ocr_line' id='line_1_16' title="bbox 182 1033 1680 1082; baseline 0.001 -13"><span class='ocrx_word' id='word_1_153' title='bbox 182 1034 287 1069; x_wconf 88' lang='lat' dir='ltr'>abbas</span> <span class='ocrx_word' id='word_1_154' title='bbox 308 1035 351 1069; x_wconf 92' lang='lat' dir='ltr'>de</span> <span class='ocrx_word' id='word_1_155' title='bbox 372 1034 581 1082; x_wconf 89' lang='lat' dir='ltr'>Abyrbroth</span> <span class='ocrx_word' id='word_1_156' title='bbox 599 1034 773 1070; x_wconf 90' lang='lat' dir='ltr'>subscribo</span> <span class='ocrx_word' id='word_1_157' title='bbox 796 1048 876 1070; x_wconf 90' lang='lat' dir='ltr'>cum</span> <span class='ocrx_word' id='word_1_158' title='bbox 902 1035 1084 1070; x_wconf 92' lang='lat' dir='ltr'>communi</span> <span class='ocrx_word' id='word_1_159' title='bbox 1106 1033 1250 1069; x_wconf 89' lang='lat' dir='ltr'>confilio</span> <span class='ocrx_word' id='word_1_160' title='bbox 1268 1039 1466 1070; x_wconf 88' lang='lat' dir='ltr'>conventus</span> <span class='ocrx_word' id='word_1_161' title='bbox 1490 1053 1498 1061; x_wconf 94' lang='lat'><strong>·</strong></span> <span class='ocrx_word' id='word_1_162' title='bbox 1517 1034 1598 1082; x_wconf 83' lang='lat' dir='ltr'>Ego</span> <span class='ocrx_word' id='word_1_163' title='bbox 1617 1033 1680 1070; x_wconf 89' lang='lat' dir='ltr'>Ri-</span> 
     </span>
     <span class='ocr_line' id='line_1_17' title="bbox 183 1090 1679 1140; baseline 0 -14"><span class='ocrx_word' id='word_1_164' title='bbox 183 1091 310 1127; x_wconf 84' lang='lat' dir='ltr'>cardus</span> <span class='ocrx_word' id='word_1_165' title='bbox 327 1092 432 1126; x_wconf 86' lang='lat' dir='ltr'>abbas</span> <span class='ocrx_word' id='word_1_166' title='bbox 450 1092 494 1127; x_wconf 93' lang='lat' dir='ltr'>de</span> <span class='ocrx_word' id='word_1_167' title='bbox 514 1091 656 1127; x_wconf 92' lang='lat' dir='ltr'>Kelcou</span> <span class='ocrx_word' id='word_1_168' title='bbox 673 1091 847 1126; x_wconf 89' lang='lat' dir='ltr'>subscribo</span> <span class='ocrx_word' id='word_1_169' title='bbox 866 1105 948 1127; x_wconf 91' lang='lat' dir='ltr'>cum</span> <span class='ocrx_word' id='word_1_170' title='bbox 966 1092 1149 1127; x_wconf 88' lang='lat' dir='ltr'>communi</span> <span class='ocrx_word' id='word_1_171' title='bbox 1170 1090 1314 1126; x_wconf 89' lang='lat' dir='ltr'>confilio</span> <span class='ocrx_word' id='word_1_172' title='bbox 1337 1096 1536 1127; x_wconf 88' lang='lat' dir='ltr'>conventus</span> <span class='ocrx_word' id='word_1_173' title='bbox 1563 1111 1571 1119; x_wconf 93' lang='lat'><strong>·</strong></span> <span class='ocrx_word' id='word_1_174' title='bbox 1599 1091 1679 1140; x_wconf 85' lang='lat' dir='ltr'>Ego</span> 
     </span>
     <span class='ocr_line' id='line_1_18' title="bbox 184 1148 1680 1197; baseline 0.001 -14"><span class='ocrx_word' id='word_1_175' title='bbox 184 1149 253 1184; x_wconf 87' lang='lat' dir='ltr'>-W·</span> <span class='ocrx_word' id='word_1_176' title='bbox 268 1149 416 1197; x_wconf 90' lang='lat' dir='ltr'>persona</span> <span class='ocrx_word' id='word_1_177' title='bbox 434 1149 478 1184; x_wconf 90' lang='lat' dir='ltr'>de</span> <span class='ocrx_word' id='word_1_178' title='bbox 495 1149 683 1184; x_wconf 87' lang='lat' dir='ltr'>Eddendu’</span> <span class='ocrx_word' id='word_1_179' title='bbox 701 1148 875 1184; x_wconf 90' lang='lat' dir='ltr'>subscribo</span> <span class='ocrx_word' id='word_1_180' title='bbox 895 1168 904 1176; x_wconf 93' lang='lat'><strong>·</strong></span> <span class='ocrx_word' id='word_1_181' title='bbox 923 1149 1003 1195; x_wconf 87' lang='lat' dir='ltr'>Ego</span> <span class='ocrx_word' id='word_1_182' title='bbox 1014 1148 1038 1185; x_wconf 89' lang='lat' dir='ltr'><strong>J</strong></span> <span class='ocrx_word' id='word_1_183' title='bbox 1039 1149 1198 1184; x_wconf 87' lang='lat' dir='ltr'>ohannes</span> <span class='ocrx_word' id='word_1_184' title='bbox 1210 1148 1360 1197; x_wconf 84' lang='lat' dir='ltr'>persona</span> <span class='ocrx_word' id='word_1_185' title='bbox 1374 1149 1418 1184; x_wconf 90' lang='lat' dir='ltr'>de</span> <span class='ocrx_word' id='word_1_186' title='bbox 1433 1149 1591 1197; x_wconf 88' lang='lat' dir='ltr'>Artydol</span> <span class='ocrx_word' id='word_1_187' title='bbox 1604 1149 1680 1185; x_wconf 91' lang='lat' dir='ltr'>sub-</span> 
     </span>
     <span class='ocr_line' id='line_1_19' title="bbox 183 1205 1679 1253; baseline 0.001 -12"><span class='ocrx_word' id='word_1_188' title='bbox 183 1206 295 1242; x_wconf 87' lang='lat' dir='ltr'>scribo</span> <span class='ocrx_word' id='word_1_189' title='bbox 332 1226 340 1234; x_wconf 93' lang='lat'><strong>·</strong></span> <span class='ocrx_word' id='word_1_190' title='bbox 373 1206 452 1253; x_wconf 84' lang='lat' dir='ltr'>Ego</span> <span class='ocrx_word' id='word_1_191' title='bbox 472 1206 673 1253; x_wconf 85' lang='lat' dir='ltr'>Gregorius</span> <span class='ocrx_word' id='word_1_192' title='bbox 689 1206 843 1241; x_wconf 87' lang='lat' dir='ltr'>vicarius</span> <span class='ocrx_word' id='word_1_193' title='bbox 861 1206 905 1241; x_wconf 91' lang='lat' dir='ltr'>de</span> <span class='ocrx_word' id='word_1_194' title='bbox 924 1206 1032 1241; x_wconf 90' lang='lat' dir='ltr'>Altre</span> <span class='ocrx_word' id='word_1_195' title='bbox 1049 1205 1223 1241; x_wconf 88' lang='lat' dir='ltr'>subscribo</span> <span class='ocrx_word' id='word_1_196' title='bbox 1259 1224 1268 1234; x_wconf 86' lang='lat'><strong>·</strong></span> <span class='ocrx_word' id='word_1_197' title='bbox 1305 1205 1384 1253; x_wconf 83' lang='lat' dir='ltr'>Ego</span> <span class='ocrx_word' id='word_1_198' title='bbox 1404 1205 1571 1242; x_wconf 85' lang='lat' dir='ltr'>Andreas</span> <span class='ocrx_word' id='word_1_199' title='bbox 1588 1207 1679 1242; x_wconf 87' lang='lat' dir='ltr'>vica-</span> 
     </span>
     <span class='ocr_line' id='line_1_20' title="bbox 184 1262 1678 1311; baseline 0.001 -13"><span class='ocrx_word' id='word_1_200' title='bbox 184 1264 257 1299; x_wconf 92' lang='lat' dir='ltr'>rius</span> <span class='ocrx_word' id='word_1_201' title='bbox 275 1264 319 1298; x_wconf 90' lang='lat' dir='ltr'>de</span> <span class='ocrx_word' id='word_1_202' title='bbox 339 1263 513 1311; x_wconf 80' lang='lat' dir='ltr'>Kingufl&#39;y</span> <span class='ocrx_word' id='word_1_203' title='bbox 531 1263 705 1298; x_wconf 89' lang='lat' dir='ltr'>subscribo</span> <span class='ocrx_word' id='word_1_204' title='bbox 733 1282 741 1291; x_wconf 93' lang='lat'><strong>·</strong></span> <span class='ocrx_word' id='word_1_205' title='bbox 770 1263 850 1310; x_wconf 81' lang='lat' dir='ltr'>Ego</span> <span class='ocrx_word' id='word_1_206' title='bbox 869 1263 1082 1299; x_wconf 76' lang='lat' dir='ltr'>malcolmus</span> <span class='ocrx_word' id='word_1_207' title='bbox 1107 1262 1260 1298; x_wconf 87' lang='lat' dir='ltr'>vicarius</span> <span class='ocrx_word' id='word_1_208' title='bbox 1286 1263 1330 1298; x_wconf 91' lang='lat' dir='ltr'>de</span> <span class='ocrx_word' id='word_1_209' title='bbox 1356 1262 1453 1298; x_wconf 86' lang='lat' dir='ltr'>Keth</span> <span class='ocrx_word' id='word_1_210' title='bbox 1477 1263 1651 1299; x_wconf 89' lang='lat' dir='ltr'>subscribo</span> <span class='ocrx_word' id='word_1_211' title='bbox 1671 1283 1678 1291; x_wconf 93' lang='lat'><strong>·</strong></span> 
     </span>
     <span class='ocr_line' id='line_1_21' title="bbox 185 1320 1681 1368; baseline 0.001 -13"><span class='ocrx_word' id='word_1_212' title='bbox 185 1321 264 1368; x_wconf 85' lang='lat' dir='ltr'>Ego</span> <span class='ocrx_word' id='word_1_213' title='bbox 285 1321 376 1355; x_wconf 87' lang='lat' dir='ltr'>Ran’</span> <span class='ocrx_word' id='word_1_214' title='bbox 394 1321 547 1356; x_wconf 89' lang='lat' dir='ltr'>vicarius</span> <span class='ocrx_word' id='word_1_215' title='bbox 571 1321 615 1356; x_wconf 93' lang='lat' dir='ltr'>de</span> <span class='ocrx_word' id='word_1_216' title='bbox 635 1320 883 1368; x_wconf 81' lang='lat' dir='ltr'>Buchtrethyn</span> <span class='ocrx_word' id='word_1_217' title='bbox 908 1320 1083 1355; x_wconf 90' lang='lat' dir='ltr'>subscribo</span> <span class='ocrx_word' id='word_1_218' title='bbox 1115 1339 1123 1348; x_wconf 92' lang='lat'>-</span> <span class='ocrx_word' id='word_1_219' title='bbox 1160 1320 1240 1367; x_wconf 87' lang='lat' dir='ltr'>Ego</span> <span class='ocrx_word' id='word_1_220' title='bbox 1260 1320 1441 1355; x_wconf 89' lang='lat' dir='ltr'>Robertus</span> <span class='ocrx_word' id='word_1_221' title='bbox 1463 1321 1615 1356; x_wconf 91' lang='lat' dir='ltr'>vicarius</span> <span class='ocrx_word' id='word_1_222' title='bbox 1637 1322 1681 1357; x_wconf 89' lang='lat' dir='ltr'>de</span> 
     </span>
     <span class='ocr_line' id='line_1_22' title="bbox 186 1377 1681 1427; baseline 0.001 -14"><span class='ocrx_word' id='word_1_223' title='bbox 186 1378 355 1426; x_wconf 87' lang='lat' dir='ltr'>Dufphus</span> <span class='ocrx_word' id='word_1_224' title='bbox 373 1378 546 1414; x_wconf 87' lang='lat' dir='ltr'>subscribo</span> <span class='ocrx_word' id='word_1_225' title='bbox 567 1397 575 1405; x_wconf 88' lang='lat'>·</span> <span class='ocrx_word' id='word_1_226' title='bbox 596 1378 675 1425; x_wconf 85' lang='lat' dir='ltr'>Ego</span> <span class='ocrx_word' id='word_1_227' title='bbox 695 1377 896 1426; x_wconf 88' lang='lat' dir='ltr'>Gylmakal’</span> <span class='ocrx_word' id='word_1_228' title='bbox 914 1378 1066 1413; x_wconf 92' lang='lat' dir='ltr'>vicarius</span> <span class='ocrx_word' id='word_1_229' title='bbox 1085 1378 1128 1413; x_wconf 90' lang='lat' dir='ltr'>de</span> <span class='ocrx_word' id='word_1_230' title='bbox 1146 1377 1345 1413; x_wconf 85' lang='lat' dir='ltr'>Fotherues</span> <span class='ocrx_word' id='word_1_231' title='bbox 1366 1377 1539 1413; x_wconf 89' lang='lat' dir='ltr'>subscribo</span> <span class='ocrx_word' id='word_1_232' title='bbox 1562 1397 1570 1406; x_wconf 93' lang='lat'><strong>·</strong></span> <span class='ocrx_word' id='word_1_233' title='bbox 1601 1378 1681 1427; x_wconf 87' lang='lat' dir='ltr'>Ego</span> 
     </span>
     <span class='ocr_line' id='line_1_23' title="bbox 185 1434 1683 1484; baseline 0 -13"><span class='ocrx_word' id='word_1_234' title='bbox 185 1436 353 1472; x_wconf 77' lang='lat' dir='ltr'>macbeth</span> <span class='ocrx_word' id='word_1_235' title='bbox 370 1436 523 1471; x_wconf 86' lang='lat' dir='ltr'>vicarius</span> <span class='ocrx_word' id='word_1_236' title='bbox 541 1435 585 1471; x_wconf 91' lang='lat' dir='ltr'>de</span> <span class='ocrx_word' id='word_1_237' title='bbox 603 1435 788 1483; x_wconf 87' lang='lat' dir='ltr'>Dulergus</span> <span class='ocrx_word' id='word_1_238' title='bbox 806 1435 980 1470; x_wconf 90' lang='lat' dir='ltr'>subscribo</span> <span class='ocrx_word' id='word_1_239' title='bbox 1012 1454 1021 1463; x_wconf 83' lang='lat'><strong>·</strong></span> <span class='ocrx_word' id='word_1_240' title='bbox 1046 1435 1126 1483; x_wconf 86' lang='lat' dir='ltr'>Ego</span> <span class='ocrx_word' id='word_1_241' title='bbox 1146 1434 1319 1470; x_wconf 87' lang='lat' dir='ltr'>Patricius</span> <span class='ocrx_word' id='word_1_242' title='bbox 1336 1434 1485 1482; x_wconf 90' lang='lat' dir='ltr'>persona</span> <span class='ocrx_word' id='word_1_243' title='bbox 1502 1435 1546 1471; x_wconf 91' lang='lat' dir='ltr'>de</span> <span class='ocrx_word' id='word_1_244' title='bbox 1565 1435 1683 1484; x_wconf 85' lang='lat' dir='ltr'>Abyr-</span> 
     </span>
     <span class='ocr_line' id='line_1_24' title="bbox 186 1491 1682 1541; baseline 0 -13"><span class='ocrx_word' id='word_1_245' title='bbox 186 1493 298 1541; x_wconf 84' lang='lat' dir='ltr'>nythy</span> <span class='ocrx_word' id='word_1_246' title='bbox 315 1492 489 1528; x_wconf 87' lang='lat' dir='ltr'>subscribo</span> <span class='ocrx_word' id='word_1_247' title='bbox 509 1512 517 1520; x_wconf 94' lang='lat'><strong>·</strong></span> <span class='ocrx_word' id='word_1_248' title='bbox 538 1492 617 1540; x_wconf 85' lang='lat' dir='ltr'>Ego</span> <span class='ocrx_word' id='word_1_249' title='bbox 636 1492 836 1528; x_wconf 90' lang='lat' dir='ltr'>Gillebride</span> <span class='ocrx_word' id='word_1_250' title='bbox 854 1493 1003 1540; x_wconf 86' lang='lat' dir='ltr'>persona</span> <span class='ocrx_word' id='word_1_251' title='bbox 1020 1493 1064 1528; x_wconf 90' lang='lat' dir='ltr'>de</span> <span class='ocrx_word' id='word_1_252' title='bbox 1079 1491 1247 1527; x_wconf 89' lang='lat' dir='ltr'>Abirtarf</span> <span class='ocrx_word' id='word_1_253' title='bbox 1259 1491 1433 1527; x_wconf 89' lang='lat' dir='ltr'>subscribo</span> <span class='ocrx_word' id='word_1_254' title='bbox 1452 1511 1461 1520; x_wconf 86' lang='lat'><strong>·</strong></span> <span class='ocrx_word' id='word_1_255' title='bbox 1481 1492 1561 1540; x_wconf 89' lang='lat' dir='ltr'>Ego</span> <span class='ocrx_word' id='word_1_256' title='bbox 1580 1492 1682 1529; x_wconf 89' lang='lat' dir='ltr'>Gon-</span> 
     </span>
     <span class='ocr_line' id='line_1_25' title="bbox 186 1549 1683 1598; baseline 0.001 -13"><span class='ocrx_word' id='word_1_257' title='bbox 186 1563 299 1598; x_wconf 84' lang='lat' dir='ltr'>ganus</span> <span class='ocrx_word' id='word_1_258' title='bbox 316 1551 465 1598; x_wconf 87' lang='lat' dir='ltr'>persona</span> <span class='ocrx_word' id='word_1_259' title='bbox 483 1550 527 1586; x_wconf 92' lang='lat' dir='ltr'>de</span> <span class='ocrx_word' id='word_1_260' title='bbox 548 1550 757 1598; x_wconf 91' lang='lat' dir='ltr'>Kyncardin</span> <span class='ocrx_word' id='word_1_261' title='bbox 774 1550 950 1586; x_wconf 90' lang='lat' dir='ltr'>subscribo</span> <span class='ocrx_word' id='word_1_262' title='bbox 962 1570 970 1578; x_wconf 94' lang='lat'><strong>·</strong></span> <span class='ocrx_word' id='word_1_263' title='bbox 983 1550 1063 1598; x_wconf 87' lang='lat' dir='ltr'>Ego</span> <span class='ocrx_word' id='word_1_264' title='bbox 1082 1550 1268 1586; x_wconf 86' lang='lat' dir='ltr'>Gilbertus</span> <span class='ocrx_word' id='word_1_265' title='bbox 1282 1549 1551 1585; x_wconf 83' lang='lat' dir='ltr'>archidiaconus</span> <span class='ocrx_word' id='word_1_266' title='bbox 1565 1552 1683 1587; x_wconf 72' lang='lat' dir='ltr'>mora-</span> 
     </span>
     <span class='ocr_line' id='line_1_26' title="bbox 186 1606 1683 1656; baseline 0.001 -14"><span class='ocrx_word' id='word_1_267' title='bbox 186 1606 310 1643; x_wconf 87' lang='lat' dir='ltr'>vienfis</span> <span class='ocrx_word' id='word_1_268' title='bbox 328 1607 502 1642; x_wconf 90' lang='lat' dir='ltr'>subscribo</span> <span class='ocrx_word' id='word_1_269' title='bbox 535 1627 542 1635; x_wconf 94' lang='lat'>·</span> <span class='ocrx_word' id='word_1_270' title='bbox 574 1608 653 1655; x_wconf 85' lang='lat' dir='ltr'>Ego</span> <span class='ocrx_word' id='word_1_271' title='bbox 674 1607 882 1643; x_wconf 87' lang='lat' dir='ltr'>Alexander</span> <span class='ocrx_word' id='word_1_272' title='bbox 900 1607 1049 1656; x_wconf 88' lang='lat' dir='ltr'>persona</span> <span class='ocrx_word' id='word_1_273' title='bbox 1067 1608 1110 1643; x_wconf 92' lang='lat' dir='ltr'>de</span> <span class='ocrx_word' id='word_1_274' title='bbox 1129 1607 1247 1655; x_wconf 83' lang='lat' dir='ltr'>Elgyn</span> <span class='ocrx_word' id='word_1_275' title='bbox 1266 1606 1440 1642; x_wconf 91' lang='lat' dir='ltr'>subscribo</span> <span class='ocrx_word' id='word_1_276' title='bbox 1468 1626 1477 1635; x_wconf 88' lang='lat'><strong>·</strong></span> <span class='ocrx_word' id='word_1_277' title='bbox 1506 1607 1586 1655; x_wconf 82' lang='lat' dir='ltr'>Ego</span> <span class='ocrx_word' id='word_1_278' title='bbox 1606 1608 1683 1644; x_wconf 88' lang='lat' dir='ltr'>An-</span> 
     </span>
     <span class='ocr_line' id='line_1_27' title="bbox 187 1663 1683 1713; baseline 0.001 -13"><span class='ocrx_word' id='word_1_279' title='bbox 187 1666 288 1701; x_wconf 88' lang='lat' dir='ltr'>dreas</span> <span class='ocrx_word' id='word_1_280' title='bbox 302 1665 423 1700; x_wconf 60' lang='lat' dir='ltr'>refi&#39;cor</span> <span class='ocrx_word' id='word_1_281' title='bbox 437 1663 578 1700; x_wconf 85' lang='lat' dir='ltr'>ecclefie</span> <span class='ocrx_word' id='word_1_282' title='bbox 593 1665 715 1700; x_wconf 71' lang='lat' dir='ltr'>Santffi</span> <span class='ocrx_word' id='word_1_283' title='bbox 731 1665 828 1700; x_wconf 86' lang='lat' dir='ltr'>Petri</span> <span class='ocrx_word' id='word_1_284' title='bbox 843 1665 886 1700; x_wconf 93' lang='lat' dir='ltr'>de</span> <span class='ocrx_word' id='word_1_285' title='bbox 901 1665 1070 1713; x_wconf 88' lang='lat' dir='ltr'>Dufphus</span> <span class='ocrx_word' id='word_1_286' title='bbox 1083 1664 1257 1700; x_wconf 89' lang='lat' dir='ltr'>subscribo</span> <span class='ocrx_word' id='word_1_287' title='bbox 1277 1683 1286 1692; x_wconf 91' lang='lat'>·</span> <span class='ocrx_word' id='word_1_288' title='bbox 1306 1664 1386 1712; x_wconf 85' lang='lat' dir='ltr'>Ego</span> <span class='ocrx_word' id='word_1_289' title='bbox 1398 1664 1578 1700; x_wconf 92' lang='lat' dir='ltr'>Walterus</span> <span class='ocrx_word' id='word_1_290' title='bbox 1591 1666 1683 1701; x_wconf 86' lang='lat' dir='ltr'>vica-</span> 
     </span>
     <span class='ocr_line' id='line_1_28' title="bbox 186 1721 1683 1770; baseline -0.001 -12"><span class='ocrx_word' id='word_1_291' title='bbox 186 1723 259 1758; x_wconf 86' lang='lat' dir='ltr'>rius</span> <span class='ocrx_word' id='word_1_292' title='bbox 274 1722 396 1757; x_wconf 66' lang='lat' dir='ltr'>Samsti</span> <span class='ocrx_word' id='word_1_293' title='bbox 409 1722 585 1758; x_wconf 91' lang='lat' dir='ltr'>Columbe</span> <span class='ocrx_word' id='word_1_294' title='bbox 600 1723 643 1757; x_wconf 93' lang='lat' dir='ltr'>de</span> <span class='ocrx_word' id='word_1_295' title='bbox 660 1722 773 1770; x_wconf 85' lang='lat' dir='ltr'>Petyn</span> <span class='ocrx_word' id='word_1_296' title='bbox 788 1722 962 1758; x_wconf 90' lang='lat' dir='ltr'>subscribo</span> <span class='ocrx_word' id='word_1_297' title='bbox 981 1741 990 1750; x_wconf 92' lang='lat'><strong>·</strong></span> <span class='ocrx_word' id='word_1_298' title='bbox 1006 1722 1085 1770; x_wconf 81' lang='lat' dir='ltr'>Ego</span> <span class='ocrx_word' id='word_1_299' title='bbox 1101 1721 1314 1757; x_wconf 90' lang='lat' dir='ltr'>Lambertus</span> <span class='ocrx_word' id='word_1_300' title='bbox 1330 1722 1480 1770; x_wconf 88' lang='lat' dir='ltr'>persona</span> <span class='ocrx_word' id='word_1_301' title='bbox 1497 1722 1542 1758; x_wconf 89' lang='lat' dir='ltr'>de</span> <span class='ocrx_word' id='word_1_302' title='bbox 1560 1722 1683 1759; x_wconf 84' lang='lat' dir='ltr'>Forais</span> 
     </span>
     <span class='ocr_line' id='line_1_29' title="bbox 107 1774 1682 1828; baseline 0.001 -13"><span class='ocrx_word' id='word_1_303' title='bbox 107 1774 110 1777; x_wconf 18' lang='grc' dir='ltr'><em>Α</em></span> <span class='ocrx_word' id='word_1_304' title='bbox 187 1779 361 1816; x_wconf 91' lang='lat' dir='ltr'>subscribo</span> <span class='ocrx_word' id='word_1_305' title='bbox 376 1799 384 1807; x_wconf 95' lang='lat'><strong>·</strong></span> <span class='ocrx_word' id='word_1_306' title='bbox 405 1778 485 1827; x_wconf 85' lang='lat' dir='ltr'>Ego</span> <span class='ocrx_word' id='word_1_307' title='bbox 500 1780 699 1827; x_wconf 88' lang='lat' dir='ltr'>Stephanus</span> <span class='ocrx_word' id='word_1_308' title='bbox 712 1779 862 1828; x_wconf 89' lang='lat' dir='ltr'>persona</span> <span class='ocrx_word' id='word_1_309' title='bbox 875 1780 919 1815; x_wconf 92' lang='lat' dir='ltr'>de</span> <span class='ocrx_word' id='word_1_310' title='bbox 931 1779 1020 1815; x_wconf 89' lang='lat' dir='ltr'>Glas</span> <span class='ocrx_word' id='word_1_311' title='bbox 1033 1779 1207 1815; x_wconf 92' lang='lat' dir='ltr'>subscribo</span> <span class='ocrx_word' id='word_1_312' title='bbox 1227 1798 1236 1807; x_wconf 92' lang='lat'><strong>·</strong></span> <span class='ocrx_word' id='word_1_313' title='bbox 1257 1779 1337 1827; x_wconf 85' lang='lat' dir='ltr'>Ego</span> <span class='ocrx_word' id='word_1_314' title='bbox 1354 1779 1504 1828; x_wconf 88' lang='lat' dir='ltr'>persona</span> <span class='ocrx_word' id='word_1_315' title='bbox 1522 1780 1566 1816; x_wconf 90' lang='lat' dir='ltr'>de</span> <span class='ocrx_word' id='word_1_316' title='bbox 1579 1780 1682 1816; x_wconf 90' lang='lat' dir='ltr'>Dun-</span> 
     </span>
     <span class='ocr_line' id='line_1_30' title="bbox 188 1836 1682 1886; baseline 0.001 -14"><span class='ocrx_word' id='word_1_317' title='bbox 188 1836 327 1872; x_wconf 86' lang='lat' dir='ltr'>batlach</span> <span class='ocrx_word' id='word_1_318' title='bbox 345 1837 520 1872; x_wconf 90' lang='lat' dir='ltr'>subscribo</span> <span class='ocrx_word' id='word_1_319' title='bbox 552 1856 561 1865; x_wconf 90' lang='lat'><strong>·</strong></span> <span class='ocrx_word' id='word_1_320' title='bbox 593 1837 673 1885; x_wconf 82' lang='lat' dir='ltr'>Ego</span> <span class='ocrx_word' id='word_1_321' title='bbox 693 1838 827 1885; x_wconf 82' lang='lat' dir='ltr'>Symon</span> <span class='ocrx_word' id='word_1_322' title='bbox 844 1837 994 1885; x_wconf 83' lang='lat' dir='ltr'>persona</span> <span class='ocrx_word' id='word_1_323' title='bbox 1011 1836 1055 1872; x_wconf 92' lang='lat' dir='ltr'>de</span> <span class='ocrx_word' id='word_1_324' title='bbox 1074 1837 1212 1885; x_wconf 88' lang='lat' dir='ltr'>Dolays</span> <span class='ocrx_word' id='word_1_325' title='bbox 1229 1836 1404 1873; x_wconf 91' lang='lat' dir='ltr'>subscribo</span> <span class='ocrx_word' id='word_1_326' title='bbox 1435 1857 1444 1865; x_wconf 89' lang='lat'><strong>·</strong></span> <span class='ocrx_word' id='word_1_327' title='bbox 1470 1837 1551 1885; x_wconf 84' lang='lat' dir='ltr'>Ego</span> <span class='ocrx_word' id='word_1_328' title='bbox 1570 1837 1682 1886; x_wconf 86' lang='lat' dir='ltr'>Hugo</span> 
     </span>
     <span class='ocr_line' id='line_1_31' title="bbox 189 1894 1532 1943; baseline 0 -13"><span class='ocrx_word' id='word_1_329' title='bbox 189 1894 337 1942; x_wconf 86' lang='lat' dir='ltr'>persona</span> <span class='ocrx_word' id='word_1_330' title='bbox 354 1894 398 1930; x_wconf 90' lang='lat' dir='ltr'>de</span> <span class='ocrx_word' id='word_1_331' title='bbox 418 1895 590 1930; x_wconf 87' lang='lat' dir='ltr'>Rothuan</span> <span class='ocrx_word' id='word_1_332' title='bbox 605 1914 613 1922; x_wconf 91' lang='lat'><em>·</em></span> <span class='ocrx_word' id='word_1_333' title='bbox 634 1895 713 1942; x_wconf 83' lang='lat' dir='ltr'>Ego</span> <span class='ocrx_word' id='word_1_334' title='bbox 734 1895 910 1931; x_wconf 86' lang='lat' dir='ltr'>Ricardus</span> <span class='ocrx_word' id='word_1_335' title='bbox 927 1895 1075 1943; x_wconf 89' lang='lat' dir='ltr'>persona</span> <span class='ocrx_word' id='word_1_336' title='bbox 1092 1895 1136 1930; x_wconf 88' lang='lat' dir='ltr'>de</span> <span class='ocrx_word' id='word_1_337' title='bbox 1152 1895 1313 1943; x_wconf 87' lang='lat' dir='ltr'>Rotheys</span> <span class='ocrx_word' id='word_1_338' title='bbox 1331 1894 1505 1931; x_wconf 90' lang='lat' dir='ltr'>subscribo</span> <span class='ocrx_word' id='word_1_339' title='bbox 1524 1915 1532 1923; x_wconf 92' lang='lat'><strong>·</strong></span> 
     </span>
    </p>
   </div>
   <div class='ocr_carea' id='block_1_3' title="bbox 192 2065 1631 2116">
    <p class='ocr_par' dir='ltr' id='par_1_3' title="bbox 192 2065 1631 2116">
     <span class='ocr_line' id='line_1_32' title="bbox 192 2065 1631 2116; baseline 0.001 -15"><span class='ocrx_word' id='word_1_340' title='bbox 192 2065 373 2102; x_wconf 60' lang='lat' dir='ltr'>Protefi&#39;do</span> <span class='ocrx_word' id='word_1_341' title='bbox 396 2066 599 2102; x_wconf 88' lang='lat' dir='ltr'>Innocentii</span> <span class='ocrx_word' id='word_1_342' title='bbox 618 2066 713 2115; x_wconf 87' lang='lat' dir='ltr'>Pape</span> <span class='ocrx_word' id='word_1_343' title='bbox 731 2067 775 2102; x_wconf 94' lang='lat' dir='ltr'>de</span> <span class='ocrx_word' id='word_1_344' title='bbox 793 2066 999 2115; x_wconf 88' lang='lat' dir='ltr'>quibusdam</span> <span class='ocrx_word' id='word_1_345' title='bbox 1016 2067 1206 2116; x_wconf 85' lang='lat' dir='ltr'>prebendis</span> <span class='ocrx_word' id='word_1_346' title='bbox 1222 2066 1364 2104; x_wconf 82' lang='lat' dir='ltr'>ecclesie</span> <span class='ocrx_word' id='word_1_347' title='bbox 1383 2066 1612 2105; x_wconf 70' lang='lat' dir='ltr'>moraviensis</span> <span class='ocrx_word' id='word_1_348' title='bbox 1624 2087 1631 2094; x_wconf 89' lang='lat'>-</span> 
     </span>
    </p>
   </div>
   <div class='ocr_carea' id='block_1_4' title="bbox 117 2188 1685 2296">
    <p class='ocr_par' dir='ltr' id='par_1_4' title="bbox 117 2188 1685 2296">
     <span class='ocr_line' id='line_1_33' title="bbox 117 2188 1685 2238; baseline 0.002 -16"><span class='ocrx_word' id='word_1_349' title='bbox 117 2191 166 2229; x_wconf 79' lang='lat'>47</span> <span class='ocrx_word' id='word_1_350' title='bbox 194 2188 427 2225; x_wconf 88' lang='lat' dir='ltr'>Innocentius</span> <span class='ocrx_word' id='word_1_351' title='bbox 444 2190 626 2238; x_wconf 90' lang='lat' dir='ltr'>episcopus</span> <span class='ocrx_word' id='word_1_352' title='bbox 643 2189 764 2227; x_wconf 88' lang='lat' dir='ltr'>servus</span> <span class='ocrx_word' id='word_1_353' title='bbox 780 2190 962 2226; x_wconf 88' lang='lat' dir='ltr'>servorum</span> <span class='ocrx_word' id='word_1_354' title='bbox 981 2191 1054 2227; x_wconf 86' lang='lat' dir='ltr'>Dei</span> <span class='ocrx_word' id='word_1_355' title='bbox 1081 2191 1222 2227; x_wconf 61' lang='lat' dir='ltr'>dilectis</span> <span class='ocrx_word' id='word_1_356' title='bbox 1247 2191 1328 2227; x_wconf 87' lang='lat' dir='ltr'>filiis</span> <span class='ocrx_word' id='word_1_357' title='bbox 1349 2191 1500 2227; x_wconf 88' lang='lat' dir='ltr'>Decano</span> <span class='ocrx_word' id='word_1_358' title='bbox 1528 2195 1564 2226; x_wconf 90' lang='lat' dir='ltr'>et</span> <span class='ocrx_word' id='word_1_359' title='bbox 1593 2191 1685 2238; x_wconf 91' lang='lat' dir='ltr'>capi-</span> 
     </span>
     <span class='ocr_line' id='line_1_34' title="bbox 193 2245 1684 2296; baseline 0.001 -15"><span class='ocrx_word' id='word_1_360' title='bbox 193 2245 270 2281; x_wconf 90' lang='lat' dir='ltr'>tulo</span> <span class='ocrx_word' id='word_1_361' title='bbox 294 2247 457 2283; x_wconf 71' lang='lat' dir='ltr'>moravie</span> <span class='ocrx_word' id='word_1_362' title='bbox 485 2247 631 2283; x_wconf 88' lang='lat' dir='ltr'>salutem</span> <span class='ocrx_word' id='word_1_363' title='bbox 659 2251 696 2283; x_wconf 88' lang='lat' dir='ltr'>et</span> <span class='ocrx_word' id='word_1_364' title='bbox 725 2247 950 2296; x_wconf 82' lang='lat' dir='ltr'>apostolicam</span> <span class='ocrx_word' id='word_1_365' title='bbox 976 2248 1265 2285; x_wconf 68' lang='lat' dir='ltr'>benediEtionem</span> <span class='ocrx_word' id='word_1_366' title='bbox 1305 2267 1315 2277; x_wconf 88' lang='lat'><strong>·</strong></span> <span class='ocrx_word' id='word_1_367' title='bbox 1355 2248 1462 2286; x_wconf 85' lang='lat' dir='ltr'>Justis</span> <span class='ocrx_word' id='word_1_368' title='bbox 1487 2248 1684 2296; x_wconf 89' lang='lat' dir='ltr'>petentium</span> 
     </span>
    </p>
   </div>
  </div>
 </body>
</html>
