2060 2660
358 174 429 210 ί268
754 176 860 212 REG
867 175 1071 213 ISTRUM
1099 176 1464 213 MORAVIENSE.

359 273 549 311 beatiffime
575 275 724 323 virginis
750 275 868 312 Marie
894 296 901 304 ·
935 276 1167 311 dedicationis
1196 276 1292 311 ὀίὅὶθ
1321 273 1462 310 ecclesie
1483 273 1717 309 Moravienfis
1737 294 1744 302 ·
1778 275 1856 310 reli-

356 346 508 380 quorum
539 332 714 370 Omnium
743 334 959 370 Sanctorum
991 340 1026 369 et
1054 334 1176 369 83ηᾶὶί
1207 333 1354 368 Andree
1383 331 1530 379 apostoli
1559 351 1566 359 ·
1599 332 1747 379 quilibet
1780 346 1858 381 pre-

357 390 531 427 bendatus
562 392 658 428 diete
687 390 827 428 ecelefie
858 405 971 427 unum
1001 391 1185 426 denarium
1215 390 1344 425 usualis
1370 395 1514 425 monete
1541 389 1643 437 regni
1672 390 1795 426 Scocie
1823 397 1857 427 et

357 448 505 495 quilibet
534 449 738 498 capellanus
764 450 919 498 ejusdem
948 462 1060 484 unum
1090 448 1235 483 obolum
1265 447 1361 482 ἀίἆὶε
1390 451 1533 482 monete
1560 448 1654 496 apud
1681 447 1857 484 summum

358 506 468 542 altare
487 508 641 556 ejusdem
661 508 753 543 infra
771 507 948 543 miffarum
967 505 1161 553 solempnia
1179 510 1340 553 ternpore
1359 504 1404 540 ad
1422 504 1491 540 hoc
1508 504 1637 540 statuto
1657 505 1831 542 offerant·

358 623 449 659 Item
481 623 663 659 statuimus
694 629 729 659 et
761 623 968 658 ordinamus
998 621 1095 668 quod
1126 620 1341 656 reformetur
1371 626 1475 669 porta
1506 621 1645 669 lapidea
1675 622 1857 658 orientalis

356 681 443 717 dic'ti
461 681 602 730 collegii
621 682 658 717 in
680 682 795 717 forma
813 680 932 716 debita
949 678 1106 727 expensis
1131 678 1277 727 septime
1300 679 1408 727 partis
1432 692 1507 714 non
1526 677 1751 715 residentium
1773 700 1780 708 ·
1810 680 1857 716 Et

354 739 450 787 quod
479 753 590 788 prope
617 740 775 775 mansum
804 739 848 774 de
871 738 1002 773 Botare
1027 737 1187 784 erigatur
1209 741 1313 785 porta
1334 736 1472 785 lapidea
1491 750 1572 772 cum
1591 737 1732 785 lapideo
1752 751 1855 774 muro

355 797 399 832 ad
419 797 618 845 hujusmodi
636 802 776 846 portam
795 795 984 832 neceffario
1010 794 1154 843 prefatis
1181 793 1339 843 expensis
1358 814 1366 822 ·
1396 795 1443 830 Et
1469 801 1574 843 porta
1599 809 1668 843 que
1694 796 1792 832 ducit
1811 798 1854 832 ad

356 855 525 903 oppidum
546 855 760 890 reformetur
778 860 819 889 ut
836 853 921 888 alias
939 853 1055 888 fuerat
1073 852 1279 887 conclusum
1299 872 1307 880 ·
1336 853 1384 888 Et
1403 853 1621 901 deputentur
1640 859 1675 889 et
1690 854 1856 890 ordinen-

356 919 414 948 tur
428 913 556 960 ydonei
573 912 767 948 earundem
785 910 945 947 custodes
963 923 1027 959 per
1046 910 1163 945 ἀίἇὶοε
1182 910 1373 946 Decanum
1393 916 1428 946 et
1447 911 1641 959 capitulum
1656 931 1664 939 ·
1694 912 1741 947 Et
1759 913 1854 960 quod

355 970 530 1019 porticule
557 970 765 1019 posteriores
793 967 1014 1004 mansionum
1042 968 1237 1004 earundem
1261 968 1354 1004 infra
1371 969 1454 1004 hinc
1473 974 1509 1004 et
1527 969 1681 1017 primum
1703 970 1855 1018 Augusti

354 1028 472 1064 debite
494 1028 734 1064 reformentur
756 1033 791 1063 et
813 1026 1027 1062 claudantur
1046 1046 1054 1053 ·
1083 1032 1118 1062 et
1145 1025 1206 1074 ipfi
1230 1026 1392 1062 canonici
1421 1026 1523 1075 super
1552 1027 1620 1062 hoc
1644 1027 1855 1063 litteratorie

355 1091 569 1121 moneantur
588 1105 595 1113 ·
621 1085 682 1121 sub
705 1098 798 1134 pena
820 1085 943 1120 decem
965 1084 1159 1119 solidorum
1178 1084 1307 1120 usualis
1326 1090 1470 1121 monete
1489 1085 1590 1133 regni
1611 1085 1729 1121 Scotie
1747 1086 1856 1122 refor-

354 1143 549 1179 matoribus
568 1144 761 1179 earundem
781 1142 1074 1192 applicandorum
1098 1162 1106 1171 ·

353 1259 522 1295 Officium
542 1259 768 1296 Thesaurarii
784 1279 791 1288 ·

356 1376 446 1411 Item
471 1375 692 1411 declaramus
716 1381 825 1424 prout
850 1375 936 1411 alias
954 1376 1213 1412 declaravimus
1233 1395 1240 1403 ·
1269 1376 1314 1411 ad
1333 1375 1489 1411 officium
1509 1375 1736 1412 Thesaurarii
1758 1377 1854 1413 dicte

354 1433 494 1470 ecclesie
513 1434 724 1470 cathedralis
738 1433 973 1470 Moravienfis
991 1434 1126 1483 spectat
1140 1440 1176 1470 et
1190 1434 1347 1482 pertinet
1364 1434 1587 1482 horelegium
1602 1434 1698 1470 ἀίὅὶθ
1714 1434 1855 1471 ecclesie

353 1491 527 1528 custodire
546 1497 582 1528 et
600 1505 724 1540 regere
744 1497 779 1528 et
796 1498 906 1541 prout
928 1497 1071 1541 oportet
1097 1492 1244 1528 reficere
1264 1512 1272 1520 ·
1305 1492 1352 1528 Et
1379 1491 1562 1528 statuimus
1589 1498 1624 1528 et
1651 1493 1857 1529 ordinamus

354 1551 449 1597 quod
477 1550 546 1598 ipse
567 1550 804 1586 thesaurarius
829 1551 966 1586 dietum
985 1550 1209 1598 horelegium
1230 1550 1323 1586 dicte
1343 1549 1485 1586 ecclesie
1503 1549 1547 1586 fic
1565 1550 1737 1586 custodiat
1756 1558 1857 1600 regat

354 1614 389 1643 et
407 1608 542 1643 reficiat
561 1628 569 1636 ·
597 1608 655 1644 seu
680 1608 846 1644 custodiri
870 1609 945 1656 regi
970 1613 1006 1644 et
1026 1608 1124 1644 refici
1146 1608 1251 1644 faciat
1268 1609 1363 1656 quod
1383 1608 1488 1644 horas
1507 1608 1652 1645 diurnas
1670 1610 1803 1659 pariter
1821 1616 1856 1645 et

354 1674 547 1701 nocturnas
566 1666 700 1702 dividat
718 1671 754 1702 et
773 1667 966 1702 denunciat
983 1680 1063 1702 cum
1084 1666 1211 1703 effectu
1226 1686 1233 1694 ·

357 1784 447 1819 ltem
470 1782 652 1818 statuimus
674 1788 710 1818 et
731 1782 938 1819 ordinamus
961 1783 1058 1830 quod
1085 1783 1173 1818 (1ίὸὶί
1197 1782 1333 1819 domini
1353 1802 1360 1810 ·
1386 1781 1630 1818 Cancellarius
1649 1783 1771 1819 decem
1793 1783 1854 1819 suo

354 1841 505 1877 stallario
518 1860 526 1868 ·
549 1840 836 1876 Archidiaconus
855 1841 977 1876 decem
997 1841 1059 1876 suo
1077 1840 1230 1877 stallario
1250 1861 1258 1868 ·
1284 1840 1541 1876 Thesaurarius
1559 1840 1682 1876 decem
1701 1841 1762 1877 suo
1780 1841 1855 1877 stal-

354 1900 443 1935 lario
463 1918 470 1927 ·
490 1898 745 1947 prebendarius
764 1898 808 1934 de
828 1898 982 1934 Duffous
1001 1899 1123 1935 decem
1143 1899 1204 1934 suo
1223 1898 1376 1934 stallario
1395 1917 1403 1926 ·
1423 1898 1679 1947 prebendarius
1698 1899 1742 1935 de
1757 1898 1854 1948 Croy

355 1957 409 1993 vel
439 1955 586 1992 resideat
615 1955 672 1991 vel
704 1955 827 1991 decem
858 1956 919 1992 suo
951 1956 1104 1992 stallario
1125 1977 1132 1984 ·
1167 1956 1397 1993 Subdecanus
1428 1956 1551 1992 decem
1582 1956 1643 1992 suo
1671 1955 1824 1993 stallario
1845 1977 1852 1985 ·

354 2014 609 2064 prebendarius
633 2014 676 2049 de
701 2013 828 2061 Dupill
853 2015 937 2050 οᾶὶο
965 2014 1026 2050 suo
1054 2014 1206 2050 stallario
1226 2035 1233 2042 ·
1258 2014 1455 2050 succentor
1479 2014 1668 2050 duodecim
1692 2014 1754 2050 suo
1778 2014 1854 2051 stal-

355 2074 443 2109 lario
463 2092 470 2100 ·
499 2071 755 2121 prebendarius
774 2071 817 2107 de
834 2071 937 2120 Petty
956 2072 1087 2120 septem
1106 2073 1167 2108 suo
1186 2072 1338 2108 stallario
1358 2092 1366 2100 ·
1391 2072 1647 2120 prebendarius
1665 2072 1709 2108 de
1730 2072 1854 2109 Inner-

355 2131 489 2179 kethny
515 2129 647 2178 septem
677 2128 739 2164 suo
771 2128 923 2164 stallario
948 2149 955 2157 ·
988 2129 1243 2178 prebendarius
1271 2131 1316 2166 de
1344 2130 1519 2166 Abirlour
1550 2130 1621 2165 ·vii·
1652 2130 1713 2165 suo
1743 2130 1855 2166 stalla-

356 2191 408 2225 rio
429 2209 436 2217 ·
467 2187 723 2237 prebendarius
750 2187 794 2222 de
821 2186 992 2235 Kyngusy
1019 2187 1148 2236 septem
1178 2188 1239 2224 suo
1265 2187 1418 2223 stallario
1438 2208 1446 2216 ·
1474 2186 1609 2223 sacrista
1632 2187 1676 2223 de
1700 2187 1854 2236 Kynnor

354 2248 509 2296 quinque
537 2258 671 2282 mercas
690 2264 697 2274 ·
727 2244 980 2293 prebendarius
1009 2245 1052 2280 de
1078 2245 1196 2294 Spyne
1223 2246 1381 2293 quinque
1410 2246 1471 2281 suo
1499 2245 1650 2281 stallario
1669 2265 1677 2272 ·
1707 2246 1854 2293 preben-
