2060 2660
334 164 381 195 80
735 160 1049 197 REGISTRUM
1079 158 1441 196 MORAVIENSE.

334 259 438 294 tertio
458 259 514 294 sed
534 259 646 308 sepius
672 279 679 287 ·
704 274 775 307 quo
794 273 869 295 non
888 260 1036 294 invento
1056 259 1113 293 sed
1133 258 1280 292 omnino
1299 256 1440 291 absente
1459 267 1522 302 per
1540 253 1801 289 contumaciam
1823 272 1831 281 ·

334 317 377 352 de
389 316 483 364 justa
500 318 696 365 conjudicis
715 317 822 353 nostri
843 317 998 352 absentia
1021 316 1190 351 certiores
1213 334 1221 342 ·
1245 319 1280 349 et
1299 313 1542 348 examinantes
1559 311 1756 359 procefl'um
1774 324 1834 347 ne-

332 374 419 421 gotii
439 374 642 410 universum
661 395 668 402 -
689 375 854 423 inspeGfis
871 374 959 408 actis
974 373 1124 420 publicis
1143 378 1178 406 et
1197 371 1386 417 diligenter
1404 374 1441 404 et
1459 368 1600 416 plenius
1618 369 1809 404 intellefifis
1824 388 1832 396 ·

334 431 542 467 luceclarius
569 433 821 480 perpendimus
848 444 980 466 annum
1009 430 1106 464 fuifl'e
1133 428 1288 475 elapsum
1313 440 1356 461 cx
1377 439 1448 473 quo
1468 426 1717 473 prenominato
1738 427 1834 474 Epis-

334 502 424 536 copo
443 489 586 525 decreta
603 490 669 524 fnit
688 494 871 537 pretaxata
889 485 1044 535 poffessio
1065 486 1227 533 predi&e
1247 484 1391 519 dimidie
1412 484 1570 518 dauache
1590 489 1684 519 terre
1703 484 1832 520 scilicet

333 546 378 581 de
397 546 548 582 Bulelke
576 547 677 581 causa
703 547 753 581 rei
781 544 949 580 servande
977 563 985 570 ·
1014 543 1104 577 infra
1126 555 1231 589 quam
1251 541 1333 588 quia
1351 541 1535 588 predi6tus
1554 541 1741 576 Gilbertus
1767 554 1833 577 nec

333 604 426 639 cavit
438 603 576 651 judicio
595 603 657 639 sisti
677 617 741 638 nec
766 602 967 637 cautionem
993 600 1120 635 offerre
1144 599 1283 634 curavit
1312 618 1320 625 ·
1351 599 1395 633 ad
1423 598 1623 634 instantiam
1642 599 1833 647 supradicti

335 660 498 709 Episcopi
525 661 703 696 canonicis
730 660 918 695 consonam
944 657 1182 693 san&ionibus
1207 669 1251 691 ex
1275 656 1429 691 secundo
1453 656 1597 692 decreto
1617 669 1737 692 veram
1758 670 1835 705 pre-

334 718 430 753 di&e
448 724 542 753 terre
561 718 782 754 decrevimus
801 715 1040 765 poss'essionem
1057 714 1171 750 eidem
1192 733 1200 741 ·
1220 719 1256 748 ct
1270 726 1396 748 verum
1415 714 1637 762 pofl'efl'orem
1657 714 1835 750 constitui-

334 788 412 810 mus
431 795 439 802 ·
459 776 634 810 reservata
652 775 742 823 parti
761 774 904 809 adverse
922 772 1102 820 questione
1127 771 1354 819 proprietatis
1386 791 1394 799 ·
1433 771 1572 807 Actum
1600 785 1696 807 anno
1721 773 1834 820 gratie

335 834 570 869 ·‹n⁰·cc⁰·xxvi·
603 833 659 868 die
688 833 813 868 martis
844 831 1006 879 proxima
1033 835 1115 864 ante
1146 828 1270 864 festum
1300 829 1423 864 88,ηᾶὶί
1450 830 1586 866 mathei
1619 829 1764 877 apostoli
1796 830 1833 864 in

335 889 477 926 ecclelia
495 890 688 927 cathedrali
707 890 801 937 apud
822 889 938 936 Elgyn
959 907 966 915 ·
988 887 1116 922 Valetc
1136 887 1172 921 in
1191 886 1354 922 Domino
1373 886 1526 922 universi
1545 906 1553 914 ·

336 1062 553 1111 Compositio
572 1064 665 1098 inter
680 1063 739 1098 ·A·
757 1063 956 1111 episcopum
973 1066 1007 1097 et
1020 1061 1226 1097 Gilbertum
1236 1060 1455 1097 Hostiarium
1473 1062 1575 1110 super
1590 1061 1736 1097 decimis
1754 1062 1832 1097 cani

334 1127 428 1156 terre
447 1121 491 1156 de
511 1121 717 1156 Strathbroc
736 1127 771 1156 et
790 1127 883 1156 terre
904 1121 947 1156 de
966 1119 1118 1155 Bulessoe
1138 1139 1146 1147 ·

335 1235 513 1270 Noverint
528 1248 651 1270 omnes
666 1236 733 1270 hoc
748 1235 914 1283 scriptum
930 1236 1036 1270 visuri
1051 1235 1107 1270 vel
1126 1235 1284 1270 audituri
1303 1234 1578 1270 controversiam
1594 1249 1662 1283 que
1678 1236 1835 1272 verteba-

334 1299 392 1328 tur
407 1293 499 1327 inter
513 1293 696 1328 Andrean]
711 1293 970 1329 (Dm-aviensem
986 1293 1188 1341 episcopum
1203 1306 1247 1328 ex
1262 1298 1362 1341 parte
1376 1305 1449 1327 una
1463 1298 1498 1328 et
1511 1293 1728 1340 Gylbertum
1747 1294 1837 1329 Hos-

333 1350 474 1385 tiarium
494 1364 536 1385 ex
555 1350 666 1385 altera
685 1351 786 1398 super
806 1351 950 1386 decimis
969 1351 1049 1386 cani
1068 1364 1136 1398 que
1156 1349 1329 1398 [quetis]
1345 1350 1527 1386 consuevit
1545 1350 1632 1386 solvi
1651 1352 1834 1386 annuatim

335 1408 479 1442 domino
502 1408 593 1453 Regi
613 1408 656 1443 de
675 1414 770 1443 terra
789 1409 832 1443 de
853 1408 1061 1443 Strathbroc
1093 1428 1101 1436 ·
1131 1415 1166 1444 et
1190 1409 1293 1456 super
1312 1408 1459 1443 dimidia
1478 1408 1636 1444 dauacha
1654 1415 1749 1445 terre
1768 1422 1836 1456 que

334 1465 531 1512 appellatur
552 1465 702 1501 Bulelke
722 1485 730 1492 ·
751 1466 983 1501 amicabiliter
1001 1466 1099 1501 fuiffe
1119 1466 1264 1514 sopitam
1289 1466 1325 1500 in
1346 1466 1410 1501 hac
1428 1465 1543 1501 forma
1562 1486 1569 1494 ·
1591 1466 1720 1502 scilicet
1739 1467 1835 1514 quod

337 1522 518 1569 predic-“tiis
531 1523 727 1570 Gylbertus
739 1524 894 1570 quietam
914 1524 1080 1559 clamavit
1099 1524 1135 1558 in
1154 1529 1368 1572 perpetuum
1386 1536 1452 1571 pro
1467 1524 1500 1559 se
1515 1530 1551 1559 et
1565 1524 1755 1560 heredibus
1770 1524 1837 1559 suis

337 1580 500 1626 predi&o
521 1580 692 1628 Episcopo
717 1587 752 1616 et
778 1582 1026 1617 successoribus
1051 1582 1118 1617 suis
1141 1582 1305 1617 omnibus
1325 1581 1419 1616 illam
1440 1582 1622 1617 dimidiam
1642 1582 1835 1617 dauacham

338 1643 432 1671 terre
451 1650 518 1683 que
537 1638 735 1685 appellatur
755 1639 905 1675 Bulessw
928 1640 1127 1675 habendam
1154 1645 1190 1675 et
1217 1639 1407 1674 tenendam
1436 1639 1472 1674 in
1499 1652 1625 1687 puram
1653 1645 1689 1675 et
1715 1653 1838 1688 perpe-

339 1702 436 1729 tuam
456 1694 677 1730 elemosinam
699 1715 706 1722 ·
727 1696 820 1731 salvo
840 1697 1011 1733 forinseco
1036 1698 1177 1733 servitio
1197 1697 1334 1732 domini
1354 1697 1464 1743 Regis
1486 1697 1528 1732 ad
1553 1697 1685 1732 dictam
1704 1703 1834 1733 terrain

339 1752 540 1799 pertinente
560 1771 567 1779 ·
598 1752 784 1788 l'redi'cffus
803 1767 888 1789 vero
908 1755 1100 1803 Episcopus
1123 1756 1167 1790 de
1189 1754 1333 1790 confilio
1358 1760 1394 1790 et
1420 1754 1589 1790 consensu
1615 1755 1760 1803 capituli
1787 1755 1836 1790 sui

340 1822 404 1856 pro
432 1809 464 1844 se
491 1815 526 1843 et
554 1809 800 1846 successoribus
827 1812 894 1847 suis
921 1813 1084 1848 omnibus
1111 1813 1275 1861 predicto
1298 1812 1477 1860 Gylberto
1500 1818 1535 1847 et
1558 1812 1746 1847 heredibus
1770 1813 1837 1848 suis

339 1866 475 1913 quietas
500 1866 665 1902 clamavit
693 1869 727 1902 in
756 1875 966 1916 perpetuum
993 1871 1146 1906 decimas
1170 1871 1214 1905 de
1236 1883 1325 1905 cano
1349 1870 1485 1905 domini
1506 1870 1616 1917 Regis
1634 1883 1703 1917 que
1721 1870 1836 1906 eidem

342 1924 434 1970 Regi
454 1924 591 1970 [eidem
612 1925 803 1972 Episcopo
816 1926 853 1971 fl]
877 1927 962 1962 solvi
985 1929 1241 1963 consueverant
1264 1927 1407 1975 singulis
1433 1928 1535 1962 annis
1557 1934 1640 1963 ante
1666 1928 1838 1964 seodatio-

342 1993 423 2015 nem
439 1981 590 2028 predicti
606 1982 771 2030 Gylberti
789 2003 795 2011 ·
812 1997 897 2030 quas
915 1991 950 2021 et
970 1986 1061 2021 idem
1080 1986 1272 2033 Episcopus
1290 1986 1334 2020 ad
1354 1986 1386 2021 se
1405 1986 1583 2033 pertinere
1598 1986 1737 2021 dicebat
1756 2006 1764 2014 ·
1791 1986 1835 2021 In

340 2038 468 2073 horum
490 2045 608 2074 autem
632 2040 774 2075 firmum
794 2047 829 2076 et
848 2042 1079 2078 indubitabile
1098 2043 1337 2079 testimonium
1356 2043 1407 2078 illi
1425 2044 1516 2091 parti
1539 2043 1644 2092 hujus
1666 2044 1836 2091 scripture

340 2096 375 2130 in
404 2096 549 2130 modum
578 2098 789 2145 cyrographi
817 2099 980 2135 confecto
1002 2114 1070 2147 que
1092 2107 1253 2136 remanet
1270 2097 1378 2149 penes
1396 2101 1597 2149 predictum
1619 2101 1836 2149 Gylbertum

339 2152 492 2200 apposita
517 2154 595 2188 sunt
616 2153 726 2201 sigilla
747 2156 897 2203 predicti
919 2157 1080 2205 Episcopi
1105 2164 1139 2193 et
1163 2159 1309 2206 capituli
1333 2172 1414 2194 cum
1438 2158 1746 2206 subscriptionibus
1770 2159 1837 2194 fra-

339 2217 434 2245 trum
455 2229 463 2237 ·
492 2210 593 2246 alteri
613 2225 699 2247 vero
718 2214 808 2260 parti
828 2227 896 2260 que
920 2222 1079 2250 remanet
1097 2229 1204 2263 penes
1223 2217 1426 2264 1›redi6tun1
1446 2216 1657 2264 Episcopum
1682 2215 1837 2264 apposita

340 2268 418 2303 sunt
442 2267 551 2316 sigilla
571 2269 721 2305 Abbatis
748 2271 791 2306 de
813 2270 952 2319 Kynlos
975 2278 1010 2308 et
1035 2273 1167 2309 l'rioris
1190 2274 1233 2309 de
1259 2274 1423 2310 Urchard
1444 2273 1607 2322 judicum
1635 2274 1836 2322 subdelega-
