2060 2660
229 1810 275 1845 65

309 176 356 212 70
701 168 1013 206 REGISTRUM
1044 164 1403 203 MORAVIENSE.

312 270 354 304 ‹le
379 268 519 304 ecclesia
537 270 580 304 de
601 268 759 303 Artildol
778 282 858 304 cum
877 267 1040 303 omnibus
1058 266 1102 301 ad
1121 264 1269 300 eandem
1288 259 1466 297 ecclesiam
1480 258 1572 307 juste
1591 261 1801 307 pertinenti-

310 326 374 360 bns
401 346 409 353 ·
437 315 592 374 exceptis
617 326 761 361 decimis
786 326 880 360 bladi
907 325 950 360 de
974 323 1108 359 duabus
1131 320 1296 356 dauachis
1319 331 1388 365 que
1406 317 1486 351 sunt
1498 316 1605 364 juxta
1622 318 1800 355 castellum

312 384 354 418 de
375 383 574 418 Bucharme
593 403 600 410 ·
624 383 752 419 scilicet
773 382 970 417 Bucharme
990 400 998 408 ·
1017 386 1052 415 et
1073 376 1306 414 Athenacork
1326 395 1333 402 ·
1353 386 1503 421 quarum
1523 387 1647 410 omnes
1666 376 1802 412 decime

311 440 403 475 bladi
432 460 439 468 ·
467 441 680 476 auditoritate
698 439 906 474 venerabilis
924 438 1031 485 patris
1050 442 1085 471 et
1103 432 1352 483 predecessoris
1370 430 1478 466 nostri
1498 432 1707 469 venerabilis
1732 448 1802 470 me-

313 498 423 532 morie
441 498 544 533 Bricii
563 497 741 544 qnondam
761 493 989 532 moraviensis
1007 493 1154 540 episcopi
1177 511 1184 518 ·
1204 489 1372 535 assignate
1387 489 1467 523 sunt
1481 489 1615 536 capelle
1630 491 1717 526 dicti
1735 493 1802 527 cas-

310 555 384 590 telli
414 575 420 582 ·
448 555 491 589 ad
511 554 792 589 sustentationem
812 551 982 600 capellani
1003 549 1154 597 ejusdem
1175 547 1308 595 capelle
1328 546 1486 581 concesse
1512 566 1520 573 ·
1548 546 1584 581 in
1602 547 1668 583 hac
1686 549 1803 584 nostra

311 617 407 647 carta
431 612 646 646 confirmasse
666 611 746 646 Deo
766 616 800 645 et
818 607 958 644 ecclesie
977 607 1106 642 Sancte
1126 604 1313 640 Trinitatis
1332 603 1375 638 de
1397 603 1514 650 Elgyn
1533 609 1569 639 et
1593 605 1707 640 eidem
1733 607 1802 641 col-

312 669 403 713 legio
421 670 673 704 canonicorum
694 667 821 702 ibidem
843 666 924 701 Deo
946 663 1170 700 servientium
1204 682 1210 689 ·
1240 662 1363 703 Quare
1387 660 1553 696 volumus
1578 668 1613 697 et
1641 665 1803 699 concedi-

312 739 388 760 mus
406 732 445 760 ut
465 726 596 774 prefata
611 724 751 761 ecclesia
770 724 899 759 San&e
913 721 1099 757 Trinitatis
1114 721 1158 754 (le
1179 719 1294 765 Elgyn
1315 725 1350 753 et
1368 718 1558 765 collegium
1574 719 1702 755 ibidem
1720 721 1801 756 Deo

312 783 461 818 serviens
480 782 604 817 habeat
623 783 818 830 predictam
844 778 1020 815 ecclesiam
1046 791 1125 812 cum
1146 776 1310 810 omnibus
1322 775 1423 823 justis
1441 776 1663 823 pertinentiis
1681 778 1748 813 suis
1767 785 1800 814 et

311 840 582 874 rectitudinibus
598 859 605 866 ·
626 840 779 886 exceptis
798 837 941 873 decimis
959 837 1002 871 de
1022 835 1189 882 1›redi6'sis
1205 833 1341 868 duabus
1359 833 1527 868 dauachis
1539 853 1547 861 ·
1566 834 1602 869 in
1622 848 1746 882 puram
1766 843 1800 871 et

310 903 512 944 perpetuam
528 895 748 931 elemosinam
763 915 769 922 ·
787 896 820 929 in
837 894 980 929 decimis
995 891 1233 926 oblationibus
1248 896 1282 924 et
1299 890 1575 926 obventionibus
1587 893 1801 928 omnimodis

309 961 342 987 et
362 953 523 988 omnibus
542 952 771 988 ecclesiasticis
790 950 1061 986 rectitudinibus
1081 955 1151 983 tam
1174 949 1217 983 de
1237 948 1325 982 vivis
1343 961 1447 994 quam
1469 948 1513 983 de
1532 950 1682 984 mortuis
1701 969 1709 977 ·
1730 956 1801 985 tam

309 1011 351 1044 ‹lt-
370 1010 444 1057 ejus
463 1010 533 1057 ipso
550 1010 687 1044 castello
703 1022 806 1055 quam
826 1009 869 1043 de
888 1008 962 1055 ejus
981 1006 1138 1054 quolibet
1160 1005 1318 1040 dominio
1338 1011 1373 1040 et
1392 1005 1523 1040 familia
1540 1011 1617 1041 tota
1635 1007 1670 1041 in
1690 1008 1802 1042 omni-

310 1068 372 1101 bns
393 1087 399 1094 ·
419 1067 462 1101 ad
482 1067 771 1101 communitatem
787 1065 998 1100 vicariorum
1015 1064 1050 1098 in
1067 1064 1188 1098 cadem
1207 1061 1350 1097 ecclesia
1368 1063 1412 1097 de
1428 1063 1546 1110 Elgyn
1561 1077 1626 1111 pro
1641 1070 1801 1113 tempore

310 1125 390 1158 Deo
417 1124 639 1158 servientium
665 1144 671 1150 ·
702 1122 752 1159 Ut
780 1128 897 1157 autem
925 1123 988 1156 hec
1017 1121 1132 1155 nostra
1159 1118 1331 1155 conceflio
1361 1126 1396 1154 et
1424 1120 1649 1156 confirmatio
1673 1122 1801 1157 suturis·

308 1181 522 1228 temporibus
542 1181 575 1214 in
596 1187 805 1228 perpetuum
826 1185 901 1214 rata
919 1185 1124 1226 permaneat
1143 1184 1177 1212 et
1197 1177 1398 1212 inconcussa
1412 1176 1564 1225 persistat
1578 1179 1669 1214 hanc
1685 1179 1800 1215 nostre

307 1238 581 1272 ‹-‹‚ufirmat1‹›nis
600 1238 762 1284 paginam
782 1250 888 1271 manu
911 1236 1053 1283 propria
1072 1235 1304 1282 conscriptam
1331 1233 1431 1282 sigilli
1453 1234 1560 1270 nostri
1584 1235 1800 1284 appositione

307 1295 469 1329 duximus
492 1295 720 1329 muniendam
750 1314 757 1321 ·
787 1293 949 1328 Testibus
968 1292 1148 1340 Freslzyno
1173 1293 1308 1327 decano
1333 1292 1451 1327 nostro
1480 1312 1487 1320 ·
1515 1293 1678 1340 magistro
1700 1294 1798 1330 Hen-

307 1352 377 1385 rico
406 1351 620 1385 thesaurario
649 1371 656 1378 ·
686 1351 768 1386 Ada
798 1351 996 1386 subdecano
1024 1370 1032 1377 ·
1062 1350 1255 1385 Lamberto
1284 1350 1490 1385 succentore
1510 1370 1517 1377 ·
1546 1350 1710 1398 magistro
1730 1352 1799 1386 Ed-

308 1409 426 1442 wardo
446 1428 453 1435 ·
477 1408 635 1443 Roberto
655 1421 764 1456 parvo
785 1427 792 1435 ·
815 1408 976 1443 Roberto
996 1408 1038 1443 de
1057 1408 1186 1442 Dnffus
1205 1427 1213 1434 ·
1233 1407 1413 1442 canonicis
1432 1407 1556 1443 nostris
1576 1428 1583 1436 ·
1605 1409 1798 1457 Radulpho

307 1466 486 1512 capellano
514 1465 630 1500 nostro
659 1486 666 1493 ·
696 1466 849 1513 Symone
868 1466 911 1500 de
931 1465 1087 1512 Guneby
1116 1485 1123 1492 ·
1154 1466 1309 1512 Symone
1329 1465 1372 1500 de
1391 1464 1533 1512 Orreby
1562 1486 1569 1493 ·
1599 1465 1769 1501 Gervafio
1790 1486 1797 1493 ·

314 1523 411 1556 Eua<
430 1523 658 1558 sbrvientibus
677 1522 800 1557 nostris
820 1543 826 1550 ·
847 1530 882 1558 et
900 1523 975 1557 aliis
991 1542 997 1549 ·

307 1693 489 1730 Concessio
509 1696 608 1742 snper
627 1695 766 1730 ccclesia
785 1697 827 1730 ‹lc
850 1696 1087 1731 Ratlnnorcus
1106 1697 1149 1731 ad
1170 1696 1345 1730 luminare
1364 1694 1505 1730 ecclesie
1525 1696 1736 1730 cathedralis
1756 1716 1763 1724 ·

306 1809 482 1844 Omnibus
511 1810 575 1843 hoc
605 1810 769 1856 scriptum
798 1811 919 1845 visuris
947 1811 1002 1845 vel
1028 1812 1202 1845 audituris
1232 1811 1398 1845 Andreas
1426 1809 1649 1858 permissione
1678 1811 1797 1846 divina

306 1865 533 1902 moraviensis
552 1867 730 1914 episcopus
749 1874 904 1902 eternam
926 1869 960 1902 in
981 1869 1140 1903 Domino
1161 1868 1306 1903 salutem
1327 1888 1335 1895 ·
1362 1868 1545 1903 Noveritis
1563 1867 1715 1904 universi
1734 1882 1799 1904 nos

306 1924 432 1958 dedisse
459 1931 492 1958 ct
519 1922 711 1959 concessisse
734 1930 768 1959 et
793 1925 857 1960 hac
881 1926 1030 1973 presenti
1053 1932 1149 1961 carta
1167 1926 1284 1961 nostra
1303 1926 1522 1961 confirmasse
1545 1945 1552 1953 ·
1576 1931 1611 1961 et
1630 1926 1797 1961 consensu

306 1988 339 2015 vt
358 1981 540 2015 voluntate
563 1981 704 2028 capituli
725 2001 732 2008 ·
764 1982 843 2017 Deo
869 1989 903 2017 et
928 1983 1026 2018 beate
1047 1984 1159 2019 marie
1179 1985 1215 2018 in
1235 1982 1378 2019 ecclesia
1397 1984 1528 2019 Sanfi'oe
1547 1983 1735 2018 Trinitatis
1753 1984 1797 2019 de

308 2038 422 2085 Elgyn
437 2038 481 2072 ad
500 2038 686 2072 luminaria
705 2038 858 2085 ejusdem
877 2039 1015 2075 ecclesie
1036 2060 1043 2068 ·
1063 2040 1240 2076 ecclesiam
1256 2042 1299 2076 de
1314 2041 1555 2076 Rathmorcus
1569 2041 1605 2076 in
1619 2041 1796 2089 Strathspe

307 2097 340 2128 in
368 2108 491 2142 puram
520 2102 552 2129 ct
581 2101 786 2142 perpetuam
814 2096 1035 2132 elemosinam
1059 2117 1066 2125 ·
1096 2099 1218 2140 Quare
1245 2099 1412 2134 volumus
1439 2104 1474 2134 et
1501 2098 1729 2133 concedimus
1757 2104 1796 2133 nt

306 2152 400 2186 «licta
419 2151 560 2187 ecclesia
579 2153 708 2187 Sanc-‘ce
727 2153 912 2189 Trinitatis
931 2154 1055 2189 habeat
1073 2162 1107 2190 et
1126 2154 1295 2203 possideat
1313 2156 1597 2204 prenominatam
1617 2154 1794 2191 ecclesiam

305 2222 383 2243 cuni
410 2209 573 2244 omnibus
591 2209 691 2256 justis
714 2211 933 2257 pertinentiis
958 2211 1023 2245 suis
1046 2232 1053 2239 ·
1081 2213 1115 2247 in
1138 2213 1282 2248 decimis
1301 2219 1337 2248 et
1355 2213 1593 2248 oblationibus
1612 2218 1647 2248 et
1665 2213 1795 2248 obven-

305 2266 458 2301 tionibus
477 2273 511 2301 et
531 2266 695 2302 omnibus
713 2268 985 2303 rectitudinibus
999 2269 1231 2306 ecclesiasticis
1246 2271 1280 2305 in
1296 2276 1509 2318 perpetuum
1525 2290 1533 2299 ·
1553 2271 1642 2306 adeo
1661 2270 1770 2305 libere
1786 2290 1794 2297 ·
