<?xml version="1.0" encoding="UTF-8"?>
<!DOCTYPE html PUBLIC "-//W3C//DTD XHTML 1.0 Transitional//EN"
    "http://www.w3.org/TR/xhtml1/DTD/xhtml1-transitional.dtd">
<html xmlns="http://www.w3.org/1999/xhtml" xml:lang="en" lang="en">
 <head>
  <title>
</title>
<meta http-equiv="Content-Type" content="text/html;charset=utf-8" />
  <meta name='ocr-system' content='tesseract 3.04.00' />
  <meta name='ocr-capabilities' content='ocr_page ocr_carea ocr_par ocr_line ocrx_word'/>
</head>
<body>
  <div class='ocr_page' id='page_1' title='image "./registrumepisc5800morauoft_0326.png"; bbox 0 0 2060 2660; ppageno 0'>
   <div class='ocr_carea' id='block_1_1' title="bbox 256 151 1359 189">
    <p class='ocr_par' dir='ltr' id='par_1_1' title="bbox 256 151 1359 189">
     <span class='ocr_line' id='line_1_1' title="bbox 256 151 1359 189; baseline 0 -2"><span class='ocrx_word' id='word_1_1' title='bbox 256 156 326 187; x_wconf 55' lang='lat'>4218</span> <span class='ocrx_word' id='word_1_2' title='bbox 647 151 962 188; x_wconf 88' lang='lat' dir='ltr'>REGISTRUM</span> <span class='ocrx_word' id='word_1_3' title='bbox 993 151 1359 189; x_wconf 89' lang='lat' dir='ltr'><strong>MORAVIENSE.</strong></span> 
     </span>
    </p>
   </div>
   <div class='ocr_carea' id='block_1_2' title="bbox 258 306 1630 357">
    <p class='ocr_par' dir='ltr' id='par_1_2' title="bbox 258 306 1630 357">
     <span class='ocr_line' id='line_1_2' title="bbox 258 306 1630 357; baseline -0.002 -13"><span class='ocrx_word' id='word_1_4' title='bbox 258 309 368 345; x_wconf 85' lang='lat' dir='ltr'>Carta</span> <span class='ocrx_word' id='word_1_5' title='bbox 385 309 588 344; x_wconf 79' lang='lat' dir='ltr'>donationis</span> <span class='ocrx_word' id='word_1_6' title='bbox 606 314 700 344; x_wconf 84' lang='lat' dir='ltr'>terre</span> <span class='ocrx_word' id='word_1_7' title='bbox 719 309 763 344; x_wconf 92' lang='lat' dir='ltr'>de</span> <span class='ocrx_word' id='word_1_8' title='bbox 783 309 1024 357; x_wconf 85' lang='lat' dir='ltr'>Urchanybeg</span> <span class='ocrx_word' id='word_1_9' title='bbox 1044 309 1214 344; x_wconf 84' lang='lat' dir='ltr'>Donaldo</span> <span class='ocrx_word' id='word_1_10' title='bbox 1233 309 1367 356; x_wconf 86' lang='lat' dir='ltr'>thayno</span> <span class='ocrx_word' id='word_1_11' title='bbox 1386 307 1430 342; x_wconf 92' lang='lat' dir='ltr'>de</span> <span class='ocrx_word' id='word_1_12' title='bbox 1450 306 1607 342; x_wconf 87' lang='lat' dir='ltr'>Caldore</span> <span class='ocrx_word' id='word_1_13' title='bbox 1623 326 1630 334; x_wconf 91' lang='lat'><strong>·</strong></span> 
     </span>
    </p>
   </div>
   <div class='ocr_carea' id='block_1_3' title="bbox 160 422 1762 2030">
    <p class='ocr_par' dir='ltr' id='par_1_3' title="bbox 160 422 1762 2030">
     <span class='ocr_line' id='line_1_3' title="bbox 160 422 1758 470; baseline 0 -12"><span class='ocrx_word' id='word_1_14' title='bbox 160 427 228 459; x_wconf 82' lang='lat'>188</span> <span class='ocrx_word' id='word_1_15' title='bbox 259 423 438 460; x_wconf 89' lang='lat' dir='ltr'>Univerfis</span> <span class='ocrx_word' id='word_1_16' title='bbox 464 424 583 460; x_wconf 70' lang='lat' dir='ltr'>sancte</span> <span class='ocrx_word' id='word_1_17' title='bbox 611 425 729 461; x_wconf 76' lang='lat' dir='ltr'>matris</span> <span class='ocrx_word' id='word_1_18' title='bbox 756 423 897 460; x_wconf 87' lang='lat' dir='ltr'>ecclefie</span> <span class='ocrx_word' id='word_1_19' title='bbox 925 424 1006 458; x_wconf 89' lang='lat' dir='ltr'>filiis</span> <span class='ocrx_word' id='word_1_20' title='bbox 1032 423 1076 458; x_wconf 83' lang='lat' dir='ltr'>ad</span> <span class='ocrx_word' id='word_1_21' title='bbox 1103 435 1256 470; x_wconf 89' lang='lat' dir='ltr'>quorum</span> <span class='ocrx_word' id='word_1_22' title='bbox 1283 422 1428 457; x_wconf 84' lang='lat' dir='ltr'>notitias</span> <span class='ocrx_word' id='word_1_23' title='bbox 1450 422 1628 470; x_wconf 84' lang='lat' dir='ltr'>presentes</span> <span class='ocrx_word' id='word_1_24' title='bbox 1656 423 1758 459; x_wconf 91' lang='lat' dir='ltr'>litere</span> 
     </span>
     <span class='ocr_line' id='line_1_4' title="bbox 257 478 1758 530; baseline -0.002 -12"><span class='ocrx_word' id='word_1_25' title='bbox 257 483 486 530; x_wconf 84' lang='lat' dir='ltr'>pervenerint</span> <span class='ocrx_word' id='word_1_26' title='bbox 506 482 687 518; x_wconf 88' lang='lat' dir='ltr'>Henricus</span> <span class='ocrx_word' id='word_1_27' title='bbox 710 480 932 530; x_wconf 77' lang='lat' dir='ltr'>permistione</span> <span class='ocrx_word' id='word_1_28' title='bbox 952 481 1073 516; x_wconf 87' lang='lat' dir='ltr'>divina</span> <span class='ocrx_word' id='word_1_29' title='bbox 1090 479 1272 527; x_wconf 83' lang='lat' dir='ltr'>episcopus</span> <span class='ocrx_word' id='word_1_30' title='bbox 1291 478 1522 516; x_wconf 72' lang='lat' dir='ltr'>moraviensis</span> <span class='ocrx_word' id='word_1_31' title='bbox 1549 480 1694 516; x_wconf 86' lang='lat' dir='ltr'>salutem</span> <span class='ocrx_word' id='word_1_32' title='bbox 1722 482 1758 515; x_wconf 93' lang='lat' dir='ltr'>in</span> 
     </span>
     <span class='ocr_line' id='line_1_5' title="bbox 259 535 1759 575; baseline -0.001 0"><span class='ocrx_word' id='word_1_33' title='bbox 259 540 419 575; x_wconf 89' lang='lat' dir='ltr'>Domino</span> <span class='ocrx_word' id='word_1_34' title='bbox 443 559 451 567; x_wconf 91' lang='lat'><strong>·</strong></span> <span class='ocrx_word' id='word_1_35' title='bbox 480 540 633 575; x_wconf 84' lang='lat' dir='ltr'>Noverit</span> <span class='ocrx_word' id='word_1_36' title='bbox 650 538 857 575; x_wconf 86' lang='lat' dir='ltr'>univerfitas</span> <span class='ocrx_word' id='word_1_37' title='bbox 875 537 987 573; x_wconf 86' lang='lat' dir='ltr'>vestra</span> <span class='ocrx_word' id='word_1_38' title='bbox 1011 550 1076 572; x_wconf 89' lang='lat' dir='ltr'>nos</span> <span class='ocrx_word' id='word_1_39' title='bbox 1103 537 1147 572; x_wconf 92' lang='lat' dir='ltr'>de</span> <span class='ocrx_word' id='word_1_40' title='bbox 1174 535 1318 572; x_wconf 89' lang='lat' dir='ltr'>confilio</span> <span class='ocrx_word' id='word_1_41' title='bbox 1343 543 1379 573; x_wconf 89' lang='lat' dir='ltr'>et</span> <span class='ocrx_word' id='word_1_42' title='bbox 1406 538 1538 574; x_wconf 81' lang='lat' dir='ltr'>affensu</span> <span class='ocrx_word' id='word_1_43' title='bbox 1566 538 1706 574; x_wconf 90' lang='lat' dir='ltr'>Decani</span> <span class='ocrx_word' id='word_1_44' title='bbox 1724 545 1759 574; x_wconf 91' lang='lat' dir='ltr'>et</span> 
     </span>
     <span class='ocr_line' id='line_1_6' title="bbox 257 595 1758 646; baseline -0.001 -13"><span class='ocrx_word' id='word_1_45' title='bbox 257 598 402 646; x_wconf 85' lang='lat' dir='ltr'>capituli</span> <span class='ocrx_word' id='word_1_46' title='bbox 433 596 574 633; x_wconf 75' lang='lat' dir='ltr'>ecclesie</span> <span class='ocrx_word' id='word_1_47' title='bbox 602 597 718 633; x_wconf 88' lang='lat' dir='ltr'>nostre</span> <span class='ocrx_word' id='word_1_48' title='bbox 749 596 910 645; x_wconf 69' lang='lat' dir='ltr'>predicte</span> <span class='ocrx_word' id='word_1_49' title='bbox 941 615 949 623; x_wconf 89' lang='lat'><strong>·</strong></span> <span class='ocrx_word' id='word_1_50' title='bbox 982 595 1137 630; x_wconf 89' lang='lat' dir='ltr'>utilitate</span> <span class='ocrx_word' id='word_1_51' title='bbox 1172 595 1355 630; x_wconf 88' lang='lat' dir='ltr'>communi</span> <span class='ocrx_word' id='word_1_52' title='bbox 1390 595 1534 643; x_wconf 85' lang='lat' dir='ltr'>pensata</span> <span class='ocrx_word' id='word_1_53' title='bbox 1568 601 1604 631; x_wconf 90' lang='lat' dir='ltr'>et</span> <span class='ocrx_word' id='word_1_54' title='bbox 1639 596 1758 631; x_wconf 88' lang='lat' dir='ltr'>habito</span> 
     </span>
     <span class='ocr_line' id='line_1_7' title="bbox 257 650 1759 703; baseline -0.001 -13"><span class='ocrx_word' id='word_1_55' title='bbox 257 656 359 703; x_wconf 86' lang='lat' dir='ltr'>super</span> <span class='ocrx_word' id='word_1_56' title='bbox 377 656 444 690; x_wconf 79' lang='lat' dir='ltr'>hoc</span> <span class='ocrx_word' id='word_1_57' title='bbox 464 656 560 703; x_wconf 88' lang='lat' dir='ltr'>prius</span> <span class='ocrx_word' id='word_1_58' title='bbox 579 655 741 702; x_wconf 87' lang='lat' dir='ltr'>diligenti</span> <span class='ocrx_word' id='word_1_59' title='bbox 761 654 916 689; x_wconf 65' lang='lat' dir='ltr'>traetatu</span> <span class='ocrx_word' id='word_1_60' title='bbox 940 672 948 680; x_wconf 92' lang='lat'><strong>·</strong></span> <span class='ocrx_word' id='word_1_61' title='bbox 978 652 1107 688; x_wconf 82' lang='lat' dir='ltr'>dediss&#39;e</span> <span class='ocrx_word' id='word_1_62' title='bbox 1126 650 1323 688; x_wconf 82' lang='lat' dir='ltr'>conceffiffe</span> <span class='ocrx_word' id='word_1_63' title='bbox 1343 658 1379 688; x_wconf 95' lang='lat' dir='ltr'>et</span> <span class='ocrx_word' id='word_1_64' title='bbox 1397 653 1442 688; x_wconf 89' lang='lat' dir='ltr'>ad</span> <span class='ocrx_word' id='word_1_65' title='bbox 1460 653 1601 689; x_wconf 85' lang='lat' dir='ltr'>feodam</span> <span class='ocrx_word' id='word_1_66' title='bbox 1620 653 1759 689; x_wconf 91' lang='lat' dir='ltr'>firmam</span> 
     </span>
     <span class='ocr_line' id='line_1_8' title="bbox 258 709 1759 759; baseline -0.001 -11"><span class='ocrx_word' id='word_1_67' title='bbox 258 712 415 748; x_wconf 79' lang='lat' dir='ltr'>dimifiss&#39;e</span> <span class='ocrx_word' id='word_1_68' title='bbox 442 713 552 748; x_wconf 89' lang='lat' dir='ltr'>nobili</span> <span class='ocrx_word' id='word_1_69' title='bbox 572 714 648 748; x_wconf 92' lang='lat' dir='ltr'>viro</span> <span class='ocrx_word' id='word_1_70' title='bbox 669 712 839 747; x_wconf 83' lang='lat' dir='ltr'>Donaldo</span> <span class='ocrx_word' id='word_1_71' title='bbox 858 711 902 745; x_wconf 86' lang='lat' dir='ltr'>de</span> <span class='ocrx_word' id='word_1_72' title='bbox 921 710 1076 746; x_wconf 87' lang='lat' dir='ltr'>Caldore</span> <span class='ocrx_word' id='word_1_73' title='bbox 1103 709 1236 757; x_wconf 88' lang='lat' dir='ltr'>thayno</span> <span class='ocrx_word' id='word_1_74' title='bbox 1259 710 1415 758; x_wconf 91' lang='lat' dir='ltr'>ejusdem</span> <span class='ocrx_word' id='word_1_75' title='bbox 1440 724 1505 759; x_wconf 91' lang='lat' dir='ltr'>pro</span> <span class='ocrx_word' id='word_1_76' title='bbox 1535 711 1602 746; x_wconf 92' lang='lat' dir='ltr'>suis</span> <span class='ocrx_word' id='word_1_77' title='bbox 1629 712 1759 747; x_wconf 90' lang='lat' dir='ltr'>benefi-</span> 
     </span>
     <span class='ocr_line' id='line_1_9' title="bbox 257 765 1759 817; baseline -0.001 -11"><span class='ocrx_word' id='word_1_78' title='bbox 257 771 318 805; x_wconf 85' lang='lat' dir='ltr'>ciis</span> <span class='ocrx_word' id='word_1_79' title='bbox 343 771 482 806; x_wconf 80' lang='lat' dir='ltr'>auxiliis</span> <span class='ocrx_word' id='word_1_80' title='bbox 505 777 539 806; x_wconf 87' lang='lat' dir='ltr'>et</span> <span class='ocrx_word' id='word_1_81' title='bbox 564 769 713 806; x_wconf 83' lang='lat' dir='ltr'>consiliis</span> <span class='ocrx_word' id='word_1_82' title='bbox 737 769 838 804; x_wconf 86' lang='lat' dir='ltr'>nobis</span> <span class='ocrx_word' id='word_1_83' title='bbox 863 774 898 803; x_wconf 89' lang='lat' dir='ltr'>et</span> <span class='ocrx_word' id='word_1_84' title='bbox 921 768 1017 803; x_wconf 64' lang='lat' dir='ltr'>di&lt;ste</span> <span class='ocrx_word' id='word_1_85' title='bbox 1041 765 1183 802; x_wconf 88' lang='lat' dir='ltr'>ecclefie</span> <span class='ocrx_word' id='word_1_86' title='bbox 1210 767 1327 803; x_wconf 88' lang='lat' dir='ltr'>nostre</span> <span class='ocrx_word' id='word_1_87' title='bbox 1354 768 1516 817; x_wconf 78' lang='lat' dir='ltr'>impensis</span> <span class='ocrx_word' id='word_1_88' title='bbox 1543 775 1579 805; x_wconf 89' lang='lat' dir='ltr'>et</span> <span class='ocrx_word' id='word_1_89' title='bbox 1605 770 1759 805; x_wconf 90' lang='lat' dir='ltr'>fideliter</span> 
     </span>
     <span class='ocr_line' id='line_1_10' title="bbox 257 824 1758 876; baseline 0 -13"><span class='ocrx_word' id='word_1_90' title='bbox 257 842 322 876; x_wconf 88' lang='lat' dir='ltr'>pro</span> <span class='ocrx_word' id='word_1_91' title='bbox 342 834 514 876; x_wconf 89' lang='lat' dir='ltr'>perpetuo</span> <span class='ocrx_word' id='word_1_92' title='bbox 533 827 780 875; x_wconf 84' lang='lat' dir='ltr'>impendendis</span> <span class='ocrx_word' id='word_1_93' title='bbox 798 832 910 861; x_wconf 86' lang='lat' dir='ltr'>totam</span> <span class='ocrx_word' id='word_1_94' title='bbox 929 831 1061 860; x_wconf 86' lang='lat' dir='ltr'>terram</span> <span class='ocrx_word' id='word_1_95' title='bbox 1080 824 1235 860; x_wconf 81' lang='lat' dir='ltr'>nostram</span> <span class='ocrx_word' id='word_1_96' title='bbox 1254 826 1298 861; x_wconf 94' lang='lat' dir='ltr'>de</span> <span class='ocrx_word' id='word_1_97' title='bbox 1318 826 1559 875; x_wconf 88' lang='lat' dir='ltr'>Urchanybeg</span> <span class='ocrx_word' id='word_1_98' title='bbox 1576 841 1657 863; x_wconf 88' lang='lat' dir='ltr'>cum</span> <span class='ocrx_word' id='word_1_99' title='bbox 1682 841 1758 875; x_wconf 91' lang='lat' dir='ltr'>per-</span> 
     </span>
     <span class='ocr_line' id='line_1_11' title="bbox 257 882 1757 934; baseline -0.001 -13"><span class='ocrx_word' id='word_1_100' title='bbox 257 886 417 921; x_wconf 87' lang='lat' dir='ltr'>tiuentiis</span> <span class='ocrx_word' id='word_1_101' title='bbox 435 886 614 934; x_wconf 86' lang='lat' dir='ltr'>jacentem</span> <span class='ocrx_word' id='word_1_102' title='bbox 642 885 732 919; x_wconf 86' lang='lat' dir='ltr'>infra</span> <span class='ocrx_word' id='word_1_103' title='bbox 751 883 948 919; x_wconf 88' lang='lat' dir='ltr'>dominium</span> <span class='ocrx_word' id='word_1_104' title='bbox 968 883 1012 918; x_wconf 92' lang='lat' dir='ltr'>de</span> <span class='ocrx_word' id='word_1_105' title='bbox 1032 882 1220 918; x_wconf 87' lang='lat' dir='ltr'>Fothirves</span> <span class='ocrx_word' id='word_1_106' title='bbox 1239 903 1247 911; x_wconf 90' lang='lat'><strong>·</strong></span> <span class='ocrx_word' id='word_1_107' title='bbox 1277 884 1468 919; x_wconf 86' lang='lat' dir='ltr'>tenendam</span> <span class='ocrx_word' id='word_1_108' title='bbox 1498 890 1534 920; x_wconf 94' lang='lat' dir='ltr'>et</span> <span class='ocrx_word' id='word_1_109' title='bbox 1561 885 1757 920; x_wconf 88' lang='lat' dir='ltr'>habendam</span> 
     </span>
     <span class='ocr_line' id='line_1_12' title="bbox 258 940 1759 991; baseline -0.001 -12"><span class='ocrx_word' id='word_1_110' title='bbox 258 945 355 979; x_wconf 61' lang='lat' dir='ltr'>dieto</span> <span class='ocrx_word' id='word_1_111' title='bbox 377 943 547 978; x_wconf 83' lang='lat' dir='ltr'>Donaldo</span> <span class='ocrx_word' id='word_1_112' title='bbox 567 948 601 978; x_wconf 88' lang='lat' dir='ltr'>et</span> <span class='ocrx_word' id='word_1_113' title='bbox 621 941 808 978; x_wconf 84' lang='lat' dir='ltr'>heredibus</span> <span class='ocrx_word' id='word_1_114' title='bbox 831 941 898 975; x_wconf 82' lang='lat' dir='ltr'>suis</span> <span class='ocrx_word' id='word_1_115' title='bbox 917 940 960 975; x_wconf 91' lang='lat' dir='ltr'>de</span> <span class='ocrx_word' id='word_1_116' title='bbox 980 940 1082 975; x_wconf 89' lang='lat' dir='ltr'>nobis</span> <span class='ocrx_word' id='word_1_117' title='bbox 1100 946 1136 976; x_wconf 88' lang='lat' dir='ltr'>et</span> <span class='ocrx_word' id='word_1_118' title='bbox 1153 941 1402 977; x_wconf 84' lang='lat' dir='ltr'>succefl&#39;oribus</span> <span class='ocrx_word' id='word_1_119' title='bbox 1422 942 1547 977; x_wconf 87' lang='lat' dir='ltr'>nostris</span> <span class='ocrx_word' id='word_1_120' title='bbox 1574 943 1611 977; x_wconf 88' lang='lat' dir='ltr'>in</span> <span class='ocrx_word' id='word_1_121' title='bbox 1637 956 1759 991; x_wconf 91' lang='lat' dir='ltr'>perpe-</span> 
     </span>
     <span class='ocr_line' id='line_1_13' title="bbox 256 998 1760 1048; baseline 0 -12"><span class='ocrx_word' id='word_1_122' title='bbox 256 1008 358 1037; x_wconf 89' lang='lat' dir='ltr'>tuum</span> <span class='ocrx_word' id='word_1_123' title='bbox 386 1014 449 1048; x_wconf 88' lang='lat' dir='ltr'>per</span> <span class='ocrx_word' id='word_1_124' title='bbox 476 1013 599 1036; x_wconf 89' lang='lat' dir='ltr'>omnes</span> <span class='ocrx_word' id='word_1_125' title='bbox 626 1000 741 1035; x_wconf 58' lang='lat' dir='ltr'>rectas</span> <span class='ocrx_word' id='word_1_126' title='bbox 768 1004 879 1034; x_wconf 86' lang='lat' dir='ltr'>metas</span> <span class='ocrx_word' id='word_1_127' title='bbox 907 998 983 1033; x_wconf 83' lang='lat' dir='ltr'>suas</span> <span class='ocrx_word' id='word_1_128' title='bbox 1002 1004 1037 1033; x_wconf 89' lang='lat' dir='ltr'>et</span> <span class='ocrx_word' id='word_1_129' title='bbox 1056 998 1181 1034; x_wconf 81' lang='lat' dir='ltr'>divisas</span> <span class='ocrx_word' id='word_1_130' title='bbox 1205 999 1316 1035; x_wconf 89' lang='lat' dir='ltr'>libere</span> <span class='ocrx_word' id='word_1_131' title='bbox 1342 1019 1350 1027; x_wconf 93' lang='lat'><strong>·</strong></span> <span class='ocrx_word' id='word_1_132' title='bbox 1380 1000 1499 1047; x_wconf 89' lang='lat' dir='ltr'>quiete</span> <span class='ocrx_word' id='word_1_133' title='bbox 1524 1020 1532 1028; x_wconf 94' lang='lat'><strong>·</strong></span> <span class='ocrx_word' id='word_1_134' title='bbox 1562 1000 1706 1048; x_wconf 87' lang='lat' dir='ltr'>pacifice</span> <span class='ocrx_word' id='word_1_135' title='bbox 1725 1007 1760 1036; x_wconf 93' lang='lat' dir='ltr'>et</span> 
     </span>
     <span class='ocr_line' id='line_1_14' title="bbox 258 1055 1760 1106; baseline 0.001 -13"><span class='ocrx_word' id='word_1_136' title='bbox 258 1059 451 1094; x_wconf 88' lang='lat' dir='ltr'>honorifice</span> <span class='ocrx_word' id='word_1_137' title='bbox 465 1078 472 1085; x_wconf 95' lang='lat'><em>·</em></span> <span class='ocrx_word' id='word_1_138' title='bbox 489 1059 524 1093; x_wconf 93' lang='lat' dir='ltr'>in</span> <span class='ocrx_word' id='word_1_139' title='bbox 540 1058 675 1106; x_wconf 85' lang='lat' dir='ltr'>placitis</span> <span class='ocrx_word' id='word_1_140' title='bbox 688 1076 696 1084; x_wconf 86' lang='lat'><strong>·</strong></span> <span class='ocrx_word' id='word_1_141' title='bbox 717 1057 822 1091; x_wconf 86' lang='lat' dir='ltr'>curiis</span> <span class='ocrx_word' id='word_1_142' title='bbox 835 1076 842 1083; x_wconf 93' lang='lat'><strong>·</strong></span> <span class='ocrx_word' id='word_1_143' title='bbox 863 1055 1006 1091; x_wconf 85' lang='lat' dir='ltr'>brafinis</span> <span class='ocrx_word' id='word_1_144' title='bbox 1021 1076 1029 1083; x_wconf 90' lang='lat'><strong>·</strong></span> <span class='ocrx_word' id='word_1_145' title='bbox 1046 1056 1261 1092; x_wconf 87' lang='lat' dir='ltr'>molendinis</span> <span class='ocrx_word' id='word_1_146' title='bbox 1274 1077 1281 1085; x_wconf 91' lang='lat'><strong>·</strong></span> <span class='ocrx_word' id='word_1_147' title='bbox 1298 1058 1464 1093; x_wconf 88' lang='lat' dir='ltr'>multuris</span> <span class='ocrx_word' id='word_1_148' title='bbox 1477 1077 1485 1086; x_wconf 89' lang='lat'><strong>·</strong></span> <span class='ocrx_word' id='word_1_149' title='bbox 1501 1063 1536 1094; x_wconf 89' lang='lat' dir='ltr'>et</span> <span class='ocrx_word' id='word_1_150' title='bbox 1550 1072 1631 1094; x_wconf 87' lang='lat' dir='ltr'>cum</span> <span class='ocrx_word' id='word_1_151' title='bbox 1647 1059 1760 1094; x_wconf 90' lang='lat' dir='ltr'>omni-</span> 
     </span>
     <span class='ocr_line' id='line_1_15' title="bbox 257 1113 1759 1164; baseline 0.001 -13"><span class='ocrx_word' id='word_1_152' title='bbox 257 1118 320 1152; x_wconf 91' lang='lat' dir='ltr'>bus</span> <span class='ocrx_word' id='word_1_153' title='bbox 338 1116 415 1151; x_wconf 86' lang='lat' dir='ltr'>aliis</span> <span class='ocrx_word' id='word_1_154' title='bbox 434 1115 655 1151; x_wconf 83' lang='lat' dir='ltr'>libertatibus</span> <span class='ocrx_word' id='word_1_155' title='bbox 674 1134 682 1142; x_wconf 87' lang='lat'><strong>·</strong></span> <span class='ocrx_word' id='word_1_156' title='bbox 702 1114 1015 1150; x_wconf 80' lang='lat' dir='ltr'>commoditatibus</span> <span class='ocrx_word' id='word_1_157' title='bbox 1034 1134 1042 1141; x_wconf 92' lang='lat'><strong>·</strong></span> <span class='ocrx_word' id='word_1_158' title='bbox 1067 1113 1287 1162; x_wconf 88' lang='lat' dir='ltr'>ayfiamentis</span> <span class='ocrx_word' id='word_1_159' title='bbox 1306 1121 1341 1151; x_wconf 92' lang='lat' dir='ltr'>et</span> <span class='ocrx_word' id='word_1_160' title='bbox 1354 1115 1455 1164; x_wconf 87' lang='lat' dir='ltr'>justis</span> <span class='ocrx_word' id='word_1_161' title='bbox 1473 1116 1697 1164; x_wconf 86' lang='lat' dir='ltr'>pertinentiis</span> <span class='ocrx_word' id='word_1_162' title='bbox 1715 1117 1759 1152; x_wconf 87' lang='lat' dir='ltr'>ad</span> 
     </span>
     <span class='ocr_line' id='line_1_16' title="bbox 256 1172 1759 1220; baseline 0 -11"><span class='ocrx_word' id='word_1_163' title='bbox 256 1174 388 1209; x_wconf 70' lang='lat' dir='ltr'>dictam</span> <span class='ocrx_word' id='word_1_164' title='bbox 407 1179 539 1209; x_wconf 88' lang='lat' dir='ltr'>terram</span> <span class='ocrx_word' id='word_1_165' title='bbox 558 1172 796 1220; x_wconf 62' lang='lat' dir='ltr'>spectantibus</span> <span class='ocrx_word' id='word_1_166' title='bbox 815 1172 874 1207; x_wconf 91' lang='lat' dir='ltr'>seu</span> <span class='ocrx_word' id='word_1_167' title='bbox 892 1172 1050 1220; x_wconf 67' lang='lat' dir='ltr'>spectare</span> <span class='ocrx_word' id='word_1_168' title='bbox 1068 1172 1269 1208; x_wconf 85' lang='lat' dir='ltr'>valentibus</span> <span class='ocrx_word' id='word_1_169' title='bbox 1288 1174 1325 1208; x_wconf 91' lang='lat' dir='ltr'>in</span> <span class='ocrx_word' id='word_1_170' title='bbox 1343 1174 1505 1209; x_wconf 88' lang='lat' dir='ltr'>futurum</span> <span class='ocrx_word' id='word_1_171' title='bbox 1531 1194 1538 1201; x_wconf 94' lang='lat'><em>·</em></span> <span class='ocrx_word' id='word_1_172' title='bbox 1579 1174 1759 1210; x_wconf 87' lang='lat' dir='ltr'>Faeiendo</span> 
     </span>
     <span class='ocr_line' id='line_1_17' title="bbox 258 1229 1762 1279; baseline 0.001 -13"><span class='ocrx_word' id='word_1_173' title='bbox 258 1231 326 1279; x_wconf 88' lang='lat' dir='ltr'>ipse</span> <span class='ocrx_word' id='word_1_174' title='bbox 346 1231 536 1266; x_wconf 83' lang='lat' dir='ltr'>Donaldus</span> <span class='ocrx_word' id='word_1_175' title='bbox 554 1236 590 1266; x_wconf 89' lang='lat' dir='ltr'>et</span> <span class='ocrx_word' id='word_1_176' title='bbox 608 1230 756 1266; x_wconf 87' lang='lat' dir='ltr'>heredes</span> <span class='ocrx_word' id='word_1_177' title='bbox 774 1230 824 1265; x_wconf 91' lang='lat' dir='ltr'>sui</span> <span class='ocrx_word' id='word_1_178' title='bbox 843 1229 946 1265; x_wconf 88' lang='lat' dir='ltr'>nobis</span> <span class='ocrx_word' id='word_1_179' title='bbox 965 1236 1000 1265; x_wconf 87' lang='lat' dir='ltr'>et</span> <span class='ocrx_word' id='word_1_180' title='bbox 1018 1230 1267 1266; x_wconf 85' lang='lat' dir='ltr'>success&#39;oribus</span> <span class='ocrx_word' id='word_1_181' title='bbox 1285 1231 1410 1267; x_wconf 85' lang='lat' dir='ltr'>nostris</span> <span class='ocrx_word' id='word_1_182' title='bbox 1428 1238 1463 1267; x_wconf 90' lang='lat' dir='ltr'>et</span> <span class='ocrx_word' id='word_1_183' title='bbox 1482 1230 1623 1267; x_wconf 89' lang='lat' dir='ltr'>ecclefie</span> <span class='ocrx_word' id='word_1_184' title='bbox 1642 1234 1762 1268; x_wconf 75' lang='lat' dir='ltr'>(Dora-</span> 
     </span>
     <span class='ocr_line' id='line_1_18' title="bbox 256 1287 1761 1338; baseline 0.001 -15"><span class='ocrx_word' id='word_1_185' title='bbox 256 1287 362 1324; x_wconf 84' lang='lat' dir='ltr'>vienli</span> <span class='ocrx_word' id='word_1_186' title='bbox 381 1288 588 1324; x_wconf 82' lang='lat' dir='ltr'>fidelitatem</span> <span class='ocrx_word' id='word_1_187' title='bbox 610 1294 645 1324; x_wconf 88' lang='lat' dir='ltr'>et</span> <span class='ocrx_word' id='word_1_188' title='bbox 663 1288 869 1335; x_wconf 83' lang='lat' dir='ltr'>homagium</span> <span class='ocrx_word' id='word_1_189' title='bbox 889 1294 925 1323; x_wconf 88' lang='lat' dir='ltr'>et</span> <span class='ocrx_word' id='word_1_190' title='bbox 943 1295 1015 1323; x_wconf 88' lang='lat' dir='ltr'>tres</span> <span class='ocrx_word' id='word_1_191' title='bbox 1033 1288 1145 1324; x_wconf 65' lang='lat' dir='ltr'>sectas</span> <span class='ocrx_word' id='word_1_192' title='bbox 1162 1289 1207 1324; x_wconf 83' lang='lat' dir='ltr'>ad</span> <span class='ocrx_word' id='word_1_193' title='bbox 1226 1289 1294 1324; x_wconf 88' lang='lat' dir='ltr'>tria</span> <span class='ocrx_word' id='word_1_194' title='bbox 1312 1289 1441 1337; x_wconf 85' lang='lat' dir='ltr'>placita</span> <span class='ocrx_word' id='word_1_195' title='bbox 1462 1289 1580 1325; x_wconf 84' lang='lat' dir='ltr'>nostra</span> <span class='ocrx_word' id='word_1_196' title='bbox 1598 1290 1761 1338; x_wconf 84' lang='lat' dir='ltr'>capitalia</span> 
     </span>
     <span class='ocr_line' id='line_1_19' title="bbox 258 1346 1760 1395; baseline 0.001 -14"><span class='ocrx_word' id='word_1_197' title='bbox 258 1347 350 1395; x_wconf 74' lang='lat' dir='ltr'>apud</span> <span class='ocrx_word' id='word_1_198' title='bbox 367 1346 515 1382; x_wconf 91' lang='lat' dir='ltr'>Birneth</span> <span class='ocrx_word' id='word_1_199' title='bbox 531 1347 715 1381; x_wconf 85' lang='lat' dir='ltr'>annuatim</span> <span class='ocrx_word' id='word_1_200' title='bbox 733 1366 740 1374; x_wconf 93' lang='lat'><strong>·</strong></span> <span class='ocrx_word' id='word_1_201' title='bbox 769 1346 972 1381; x_wconf 89' lang='lat' dir='ltr'>Reddendo</span> <span class='ocrx_word' id='word_1_202' title='bbox 987 1346 1071 1381; x_wconf 93' lang='lat' dir='ltr'>inde</span> <span class='ocrx_word' id='word_1_203' title='bbox 1086 1346 1227 1394; x_wconf 90' lang='lat' dir='ltr'>insuper</span> <span class='ocrx_word' id='word_1_204' title='bbox 1239 1348 1424 1383; x_wconf 88' lang='lat' dir='ltr'>annuatim</span> <span class='ocrx_word' id='word_1_205' title='bbox 1440 1348 1557 1383; x_wconf 66' lang='lat' dir='ltr'>dietus</span> <span class='ocrx_word' id='word_1_206' title='bbox 1571 1348 1760 1383; x_wconf 85' lang='lat' dir='ltr'>Donaldus</span> 
     </span>
     <span class='ocr_line' id='line_1_20' title="bbox 258 1403 1760 1441; baseline 0 -1"><span class='ocrx_word' id='word_1_207' title='bbox 258 1412 291 1440; x_wconf 86' lang='lat' dir='ltr'>et</span> <span class='ocrx_word' id='word_1_208' title='bbox 307 1405 453 1440; x_wconf 88' lang='lat' dir='ltr'>heredes</span> <span class='ocrx_word' id='word_1_209' title='bbox 468 1404 516 1439; x_wconf 89' lang='lat' dir='ltr'>sui</span> <span class='ocrx_word' id='word_1_210' title='bbox 532 1404 633 1439; x_wconf 87' lang='lat' dir='ltr'>nobis</span> <span class='ocrx_word' id='word_1_211' title='bbox 648 1410 683 1440; x_wconf 91' lang='lat' dir='ltr'>et</span> <span class='ocrx_word' id='word_1_212' title='bbox 701 1404 950 1440; x_wconf 76' lang='lat' dir='ltr'>successoribus</span> <span class='ocrx_word' id='word_1_213' title='bbox 964 1403 1090 1439; x_wconf 84' lang='lat' dir='ltr'>nostris</span> <span class='ocrx_word' id='word_1_214' title='bbox 1109 1404 1193 1439; x_wconf 84' lang='lat' dir='ltr'>-xiii·</span> <span class='ocrx_word' id='word_1_215' title='bbox 1213 1405 1342 1440; x_wconf 86' lang='lat' dir='ltr'>solidos</span> <span class='ocrx_word' id='word_1_216' title='bbox 1361 1405 1433 1440; x_wconf 91' lang='lat' dir='ltr'>·iiii·</span> <span class='ocrx_word' id='word_1_217' title='bbox 1449 1406 1614 1441; x_wconf 85' lang='lat' dir='ltr'>denarios</span> <span class='ocrx_word' id='word_1_218' title='bbox 1631 1405 1760 1440; x_wconf 88' lang='lat' dir='ltr'>usualis</span> 
     </span>
     <span class='ocr_line' id='line_1_21' title="bbox 258 1462 1760 1499; baseline 0.001 -2"><span class='ocrx_word' id='word_1_219' title='bbox 258 1468 399 1498; x_wconf 88' lang='lat' dir='ltr'>monete</span> <span class='ocrx_word' id='word_1_220' title='bbox 425 1462 543 1498; x_wconf 84' lang='lat' dir='ltr'>Scotie</span> <span class='ocrx_word' id='word_1_221' title='bbox 570 1462 615 1497; x_wconf 87' lang='lat' dir='ltr'>ad</span> <span class='ocrx_word' id='word_1_222' title='bbox 642 1462 732 1498; x_wconf 88' lang='lat' dir='ltr'>duos</span> <span class='ocrx_word' id='word_1_223' title='bbox 759 1462 844 1497; x_wconf 86' lang='lat' dir='ltr'>anni</span> <span class='ocrx_word' id='word_1_224' title='bbox 871 1462 1044 1497; x_wconf 89' lang='lat' dir='ltr'>terminos</span> <span class='ocrx_word' id='word_1_225' title='bbox 1062 1462 1249 1498; x_wconf 82' lang='lat' dir='ltr'>consuetos</span> <span class='ocrx_word' id='word_1_226' title='bbox 1267 1463 1433 1499; x_wconf 87' lang='lat' dir='ltr'>videlicet</span> <span class='ocrx_word' id='word_1_227' title='bbox 1453 1462 1701 1498; x_wconf 87' lang='lat' dir='ltr'>Penthecostes</span> <span class='ocrx_word' id='word_1_228' title='bbox 1725 1469 1760 1498; x_wconf 92' lang='lat' dir='ltr'>et</span> 
     </span>
     <span class='ocr_line' id='line_1_22' title="bbox 261 1519 1761 1569; baseline 0 -14"><span class='ocrx_word' id='word_1_229' title='bbox 261 1520 380 1555; x_wconf 66' lang='lat' dir='ltr'>Sancti</span> <span class='ocrx_word' id='word_1_230' title='bbox 400 1520 547 1556; x_wconf 68' lang='lat' dir='ltr'>martini</span> <span class='ocrx_word' id='word_1_231' title='bbox 575 1520 610 1554; x_wconf 92' lang='lat' dir='ltr'>in</span> <span class='ocrx_word' id='word_1_232' title='bbox 632 1520 759 1568; x_wconf 89' lang='lat' dir='ltr'>hyeme</span> <span class='ocrx_word' id='word_1_233' title='bbox 784 1533 847 1568; x_wconf 89' lang='lat' dir='ltr'>per</span> <span class='ocrx_word' id='word_1_234' title='bbox 871 1519 1012 1567; x_wconf 86' lang='lat' dir='ltr'>equales</span> <span class='ocrx_word' id='word_1_235' title='bbox 1031 1520 1215 1568; x_wconf 84' lang='lat' dir='ltr'>portiones</span> <span class='ocrx_word' id='word_1_236' title='bbox 1233 1534 1313 1556; x_wconf 88' lang='lat' dir='ltr'>cum</span> <span class='ocrx_word' id='word_1_237' title='bbox 1333 1521 1480 1557; x_wconf 85' lang='lat' dir='ltr'>servitiis</span> <span class='ocrx_word' id='word_1_238' title='bbox 1498 1521 1668 1569; x_wconf 66' lang='lat' dir='ltr'>predictis</span> <span class='ocrx_word' id='word_1_239' title='bbox 1686 1526 1761 1556; x_wconf 88' lang='lat' dir='ltr'>tan·</span> 
     </span>
     <span class='ocr_line' id='line_1_23' title="bbox 259 1577 1761 1627; baseline 0.001 -15"><span class='ocrx_word' id='word_1_240' title='bbox 259 1585 335 1612; x_wconf 82' lang='lat' dir='ltr'>tuin</span> <span class='ocrx_word' id='word_1_241' title='bbox 364 1590 428 1625; x_wconf 89' lang='lat' dir='ltr'>pro</span> <span class='ocrx_word' id='word_1_242' title='bbox 447 1578 544 1612; x_wconf 88' lang='lat' dir='ltr'>omni</span> <span class='ocrx_word' id='word_1_243' title='bbox 563 1578 632 1612; x_wconf 90' lang='lat' dir='ltr'>alio</span> <span class='ocrx_word' id='word_1_244' title='bbox 652 1578 793 1613; x_wconf 89' lang='lat' dir='ltr'>servitio</span> <span class='ocrx_word' id='word_1_245' title='bbox 812 1578 1001 1613; x_wconf 64' lang='lat' dir='ltr'>exaefione</span> <span class='ocrx_word' id='word_1_246' title='bbox 1020 1577 1077 1613; x_wconf 93' lang='lat' dir='ltr'>vel</span> <span class='ocrx_word' id='word_1_247' title='bbox 1097 1578 1273 1613; x_wconf 86' lang='lat' dir='ltr'>demanda</span> <span class='ocrx_word' id='word_1_248' title='bbox 1290 1592 1359 1625; x_wconf 91' lang='lat' dir='ltr'>que</span> <span class='ocrx_word' id='word_1_249' title='bbox 1377 1592 1441 1627; x_wconf 86' lang='lat' dir='ltr'>per</span> <span class='ocrx_word' id='word_1_250' title='bbox 1459 1592 1525 1614; x_wconf 87' lang='lat' dir='ltr'>nos</span> <span class='ocrx_word' id='word_1_251' title='bbox 1542 1578 1600 1614; x_wconf 86' lang='lat' dir='ltr'>vel</span> <span class='ocrx_word' id='word_1_252' title='bbox 1625 1577 1761 1613; x_wconf 90' lang='lat' dir='ltr'>nostros</span> 
     </span>
     <span class='ocr_line' id='line_1_24' title="bbox 261 1636 1761 1685; baseline 0 -14"><span class='ocrx_word' id='word_1_253' title='bbox 261 1636 466 1671; x_wconf 85' lang='lat' dir='ltr'>succefl&#39;ores</span> <span class='ocrx_word' id='word_1_254' title='bbox 485 1636 528 1670; x_wconf 88' lang='lat' dir='ltr'>de</span> <span class='ocrx_word' id='word_1_255' title='bbox 551 1636 673 1671; x_wconf 84' lang='lat' dir='ltr'>eadem</span> <span class='ocrx_word' id='word_1_256' title='bbox 693 1641 789 1672; x_wconf 84' lang='lat' dir='ltr'>terra</span> <span class='ocrx_word' id='word_1_257' title='bbox 807 1649 887 1671; x_wconf 80' lang='lat' dir='ltr'>cun]</span> <span class='ocrx_word' id='word_1_258' title='bbox 907 1636 1132 1684; x_wconf 87' lang='lat' dir='ltr'>pertinentiis</span> <span class='ocrx_word' id='word_1_259' title='bbox 1151 1636 1245 1684; x_wconf 85' lang='lat' dir='ltr'>exigi</span> <span class='ocrx_word' id='word_1_260' title='bbox 1264 1642 1435 1685; x_wconf 88' lang='lat' dir='ltr'>poterunt</span> <span class='ocrx_word' id='word_1_261' title='bbox 1453 1637 1661 1684; x_wconf 83' lang='lat' dir='ltr'>velrequiri</span> <span class='ocrx_word' id='word_1_262' title='bbox 1677 1656 1685 1664; x_wconf 92' lang='lat'><strong>·</strong></span> <span class='ocrx_word' id='word_1_263' title='bbox 1701 1636 1761 1671; x_wconf 91' lang='lat' dir='ltr'>ob-</span> 
     </span>
     <span class='ocr_line' id='line_1_25' title="bbox 261 1693 1760 1742; baseline 0.001 -14"><span class='ocrx_word' id='word_1_264' title='bbox 261 1693 405 1740; x_wconf 87' lang='lat' dir='ltr'>ligando</span> <span class='ocrx_word' id='word_1_265' title='bbox 425 1693 529 1728; x_wconf 85' lang='lat' dir='ltr'>etiam</span> <span class='ocrx_word' id='word_1_266' title='bbox 554 1694 585 1728; x_wconf 91' lang='lat' dir='ltr'>se</span> <span class='ocrx_word' id='word_1_267' title='bbox 605 1713 612 1720; x_wconf 93' lang='lat'><em>·</em></span> <span class='ocrx_word' id='word_1_268' title='bbox 642 1694 789 1729; x_wconf 85' lang='lat' dir='ltr'>heredes</span> <span class='ocrx_word' id='word_1_269' title='bbox 808 1694 886 1729; x_wconf 88' lang='lat' dir='ltr'>suos</span> <span class='ocrx_word' id='word_1_270' title='bbox 906 1714 913 1721; x_wconf 93' lang='lat'><strong>·</strong></span> <span class='ocrx_word' id='word_1_271' title='bbox 939 1707 1062 1729; x_wconf 86' lang='lat' dir='ltr'>omnes</span> <span class='ocrx_word' id='word_1_272' title='bbox 1081 1699 1193 1730; x_wconf 87' lang='lat' dir='ltr'>terras</span> <span class='ocrx_word' id='word_1_273' title='bbox 1212 1700 1247 1730; x_wconf 90' lang='lat' dir='ltr'>et</span> <span class='ocrx_word' id='word_1_274' title='bbox 1265 1693 1487 1742; x_wconf 87' lang='lat' dir='ltr'>poffefliones</span> <span class='ocrx_word' id='word_1_275' title='bbox 1504 1695 1581 1730; x_wconf 84' lang='lat' dir='ltr'>suas</span> <span class='ocrx_word' id='word_1_276' title='bbox 1602 1694 1648 1729; x_wconf 86' lang='lat' dir='ltr'>ad</span> <span class='ocrx_word' id='word_1_277' title='bbox 1672 1694 1760 1729; x_wconf 87' lang='lat' dir='ltr'>solu-</span> 
     </span>
     <span class='ocr_line' id='line_1_26' title="bbox 262 1751 1761 1800; baseline 0 -14"><span class='ocrx_word' id='word_1_278' title='bbox 262 1752 396 1787; x_wconf 86' lang='lat' dir='ltr'>tionem</span> <span class='ocrx_word' id='word_1_279' title='bbox 423 1751 668 1798; x_wconf 67' lang='lat' dir='ltr'>predi&amp;orum</span> <span class='ocrx_word' id='word_1_280' title='bbox 688 1752 771 1786; x_wconf 86' lang='lat' dir='ltr'>·xiii·</span> <span class='ocrx_word' id='word_1_281' title='bbox 791 1752 984 1787; x_wconf 90' lang='lat' dir='ltr'>solidorum</span> <span class='ocrx_word' id='word_1_282' title='bbox 1004 1751 1076 1786; x_wconf 91' lang='lat' dir='ltr'>·iiii-</span> <span class='ocrx_word' id='word_1_283' title='bbox 1097 1752 1326 1788; x_wconf 87' lang='lat' dir='ltr'>denariorum</span> <span class='ocrx_word' id='word_1_284' title='bbox 1350 1772 1358 1780; x_wconf 89' lang='lat'><strong>·</strong></span> <span class='ocrx_word' id='word_1_285' title='bbox 1387 1752 1439 1787; x_wconf 80' lang='lat' dir='ltr'>&#39;In</span> <span class='ocrx_word' id='word_1_286' title='bbox 1465 1752 1566 1800; x_wconf 86' lang='lat' dir='ltr'>cujus</span> <span class='ocrx_word' id='word_1_287' title='bbox 1593 1752 1645 1787; x_wconf 90' lang='lat' dir='ltr'>rei</span> <span class='ocrx_word' id='word_1_288' title='bbox 1671 1751 1761 1787; x_wconf 87' lang='lat' dir='ltr'>testi-</span> 
     </span>
     <span class='ocr_line' id='line_1_27' title="bbox 263 1808 1761 1857; baseline 0.001 -14"><span class='ocrx_word' id='word_1_289' title='bbox 263 1810 422 1844; x_wconf 87' lang='lat' dir='ltr'>monium</span> <span class='ocrx_word' id='word_1_290' title='bbox 445 1809 505 1843; x_wconf 80' lang='lat' dir='ltr'>has</span> <span class='ocrx_word' id='word_1_291' title='bbox 532 1809 650 1844; x_wconf 82' lang='lat' dir='ltr'>literas</span> <span class='ocrx_word' id='word_1_292' title='bbox 676 1809 809 1844; x_wconf 86' lang='lat' dir='ltr'>nostras</span> <span class='ocrx_word' id='word_1_293' title='bbox 833 1808 943 1857; x_wconf 79' lang='lat' dir='ltr'>sigillo</span> <span class='ocrx_word' id='word_1_294' title='bbox 971 1809 1089 1845; x_wconf 89' lang='lat' dir='ltr'>nostro</span> <span class='ocrx_word' id='word_1_295' title='bbox 1114 1810 1296 1845; x_wconf 84' lang='lat' dir='ltr'>autentico</span> <span class='ocrx_word' id='word_1_296' title='bbox 1324 1823 1397 1845; x_wconf 90' lang='lat' dir='ltr'>una</span> <span class='ocrx_word' id='word_1_297' title='bbox 1421 1823 1501 1845; x_wconf 89' lang='lat' dir='ltr'>cum</span> <span class='ocrx_word' id='word_1_298' title='bbox 1527 1808 1639 1857; x_wconf 84' lang='lat' dir='ltr'>figillo</span> <span class='ocrx_word' id='word_1_299' title='bbox 1666 1822 1761 1844; x_wconf 86' lang='lat' dir='ltr'>com-</span> 
     </span>
     <span class='ocr_line' id='line_1_28' title="bbox 263 1866 1760 1916; baseline 0 -14"><span class='ocrx_word' id='word_1_300' title='bbox 263 1870 360 1902; x_wconf 86' lang='lat' dir='ltr'>muni</span> <span class='ocrx_word' id='word_1_301' title='bbox 380 1866 524 1914; x_wconf 85' lang='lat' dir='ltr'>capituli</span> <span class='ocrx_word' id='word_1_302' title='bbox 540 1866 647 1901; x_wconf 85' lang='lat' dir='ltr'>nostri</span> <span class='ocrx_word' id='word_1_303' title='bbox 666 1868 837 1903; x_wconf 66' lang='lat' dir='ltr'>antedicti</span> <span class='ocrx_word' id='word_1_304' title='bbox 855 1867 1018 1915; x_wconf 86' lang='lat' dir='ltr'>figillatas</span> <span class='ocrx_word' id='word_1_305' title='bbox 1032 1866 1092 1902; x_wconf 87' lang='lat' dir='ltr'>fibi</span> <span class='ocrx_word' id='word_1_306' title='bbox 1108 1868 1185 1903; x_wconf 89' lang='lat' dir='ltr'>fieri</span> <span class='ocrx_word' id='word_1_307' title='bbox 1204 1868 1350 1904; x_wconf 86' lang='lat' dir='ltr'>fecimus</span> <span class='ocrx_word' id='word_1_308' title='bbox 1369 1874 1530 1916; x_wconf 86' lang='lat' dir='ltr'>patentes</span> <span class='ocrx_word' id='word_1_309' title='bbox 1547 1867 1641 1915; x_wconf 88' lang='lat' dir='ltr'>apud</span> <span class='ocrx_word' id='word_1_310' title='bbox 1656 1880 1760 1902; x_wconf 86' lang='lat' dir='ltr'>cano-</span> 
     </span>
     <span class='ocr_line' id='line_1_29' title="bbox 262 1924 1760 1973; baseline 0 -13"><span class='ocrx_word' id='word_1_311' title='bbox 262 1926 356 1960; x_wconf 83' lang='lat' dir='ltr'>niam</span> <span class='ocrx_word' id='word_1_312' title='bbox 383 1924 641 1961; x_wconf 68' lang='lat' dir='ltr'>moraviensem</span> <span class='ocrx_word' id='word_1_313' title='bbox 669 1925 784 1970; x_wconf 86' lang='lat' dir='ltr'>primo</span> <span class='ocrx_word' id='word_1_314' title='bbox 813 1926 868 1960; x_wconf 92' lang='lat' dir='ltr'>die</span> <span class='ocrx_word' id='word_1_315' title='bbox 896 1925 1016 1962; x_wconf 67' lang='lat' dir='ltr'>martii</span> <span class='ocrx_word' id='word_1_316' title='bbox 1041 1938 1136 1961; x_wconf 88' lang='lat' dir='ltr'>anno</span> <span class='ocrx_word' id='word_1_317' title='bbox 1157 1925 1306 1962; x_wconf 90' lang='lat' dir='ltr'>Domini</span> <span class='ocrx_word' id='word_1_318' title='bbox 1326 1930 1394 1963; x_wconf 80' lang='lat' dir='ltr'>·‹o⁰·</span> <span class='ocrx_word' id='word_1_319' title='bbox 1414 1924 1760 1973; x_wconf 70' lang='lat' dir='ltr'>quadringentesimo</span> 
     </span>
     <span class='ocr_line' id='line_1_30' title="bbox 261 1981 579 2030; baseline -0.003 -13"><span class='ocrx_word' id='word_1_320' title='bbox 261 1981 423 2018; x_wconf 79' lang='lat' dir='ltr'>vicesimo</span> <span class='ocrx_word' id='word_1_321' title='bbox 442 1982 556 2030; x_wconf 89' lang='lat' dir='ltr'>primo</span> <span class='ocrx_word' id='word_1_322' title='bbox 573 2002 579 2009; x_wconf 95' lang='lat'>·</span> 
     </span>
    </p>
   </div>
  </div>
 </body>
</html>
