2060 2660
360 160 429 192 100
720 182 722 185 ι
752 156 1066 192 REGISTRUM
1096 154 1458 191 MORAVIENSE.

357 311 575 361 Compositio
593 313 687 349 inter
706 313 894 349 Andream
912 313 1112 361 episcopum
1132 317 1168 347 et
1183 311 1383 346 VValterum
1402 310 1446 345 de
1461 310 1625 346 moravia
1641 310 1744 359 super
1762 316 1858 347 terra

356 371 400 406 de
419 370 534 406 Ewen
554 391 561 398 ·

280 487 327 526 87
354 486 534 522 Noverint
560 499 684 522 omnes
709 486 777 522 hoc
804 486 970 533 scriptum
989 483 1096 519 visuri
1119 482 1176 518 vel
1202 482 1361 517 audituri
1388 482 1485 530 quod
1510 495 1592 518 cum
1611 483 1792 521 Walterus
1811 486 1854 521 de

354 544 517 580 moravia
540 544 632 579 filius
655 544 834 592 quondam
856 542 1027 577 willelmi
1045 541 1089 576 de
1109 540 1273 576 moravia
1299 540 1336 574 in
1363 541 1522 587 generali
1549 542 1706 590 capitulo
1734 543 1853 579 habito

352 602 447 650 apud
464 601 581 650 Elgyn
596 615 659 650 per
673 601 881 637 sententiam
897 598 1101 647 optinuisset
1118 596 1359 646 poss'essionem
1380 603 1475 633 terre
1490 598 1534 634 de
1550 599 1664 635 Ewen
1683 613 1751 647 que
1771 601 1854 636 dici-

352 665 411 695 tur
429 665 525 695 terra
543 658 685 695 ecclesie
704 659 857 707 ejusdem
877 657 946 692 loci
965 676 973 684 ·
994 662 1029 692 et
1050 656 1216 690 Andreas
1238 654 1470 692 moravienfis
1494 657 1676 705 episcopus
1698 659 1852 694 eundem

351 717 550 753 Walterum
569 718 671 766 super
689 717 851 765 predicta
869 721 965 750 terra
983 713 1176 750 convenire
1193 713 1398 750 decreviffet
1411 733 1419 742 ·
1439 715 1584 751 tandem
1604 715 1649 751 de
1666 716 1853 752 voluntate

350 780 385 810 et
399 775 567 810 consensu
586 775 711 810 decani
729 780 764 809 et
782 773 926 821 capituli
941 785 1004 820 per
1018 770 1240 806 amicabilem
1259 770 1550 820 compositionem
1569 774 1739 809 convenit
1757 774 1852 810 inter

349 838 465 880 partes
484 852 492 860 ·
509 833 556 867 ita
574 832 703 867 scilicet
721 831 817 879 quod
835 830 1017 878 predictus
1033 828 1213 864 Walterus
1227 834 1264 864 et
1278 829 1426 865 heredes
1444 830 1495 865 sui
1514 831 1690 867 tenebunt
1708 832 1754 867 ad
1772 845 1851 880 per-

347 895 490 938 petuam
515 889 749 925 feodifirmam
773 889 817 923 de
839 887 1002 935 predksto
1028 886 1204 934 Episcopo
1226 892 1262 921 et
1286 886 1535 923 successoribus
1559 888 1628 923 suis
1650 889 1849 937 predictam

348 954 479 983 terram
499 948 542 983 de
563 947 671 982 Ewen
690 959 752 995 per
770 946 845 980 suas
864 945 980 980 rectas
999 944 1124 979 divisas
1147 949 1183 980 et
1205 957 1286 980 cum
1313 945 1479 980 omnibus
1499 945 1601 993 justis
1627 947 1852 994 pertinentiis

347 1005 414 1040 suis
441 1024 449 1033 ·
482 1005 665 1040 reddendo
696 1004 778 1039 inde
809 1003 994 1038 annuatim
1028 1002 1193 1050 predicto
1226 1002 1401 1051 Episcopo
1436 1008 1473 1039 et
1503 1003 1753 1040 successoribus
1782 1005 1851 1041 suis

347 1076 416 1097 ·xx·
443 1062 571 1098 solidos
598 1062 846 1109 sterlingorum
874 1060 1043 1108 legalium
1070 1074 1136 1108 pro
1161 1060 1260 1096 omni
1285 1061 1427 1096 servitio
1450 1066 1486 1097 et
1505 1061 1683 1097 demanda
1706 1063 1752 1098 ad
1779 1063 1850 1098 eos-

346 1120 426 1155 dem
446 1121 646 1168 pertinente
665 1140 673 1147 ·
701 1119 927 1155 medietatem
948 1119 1078 1154 scilicet
1096 1119 1140 1154 ad
1159 1118 1284 1154 festum
1304 1119 1427 1155 Sancffi
1447 1119 1595 1155 martini
1614 1120 1650 1154 in
1670 1120 1796 1168 hyeme
1814 1127 1850 1156 et

344 1177 447 1212 aliam
468 1178 691 1213 medietatem
712 1177 757 1212 ad
778 1176 1010 1212 Pentecosten
1029 1177 1195 1225 proximo
1215 1176 1419 1224 sequentem
1439 1196 1448 1205 ·
1471 1182 1507 1212 et
1524 1177 1688 1212 faciendo
1706 1177 1850 1214 forinse-

343 1248 423 1270 cum
444 1235 622 1270 servitium
642 1235 777 1270 domini
798 1234 909 1282 Regis
932 1235 977 1270 ad
1001 1234 1201 1282 predictam
1227 1240 1358 1270 terram
1382 1235 1564 1283 pertinens
1583 1254 1592 1262 ·
1622 1235 1723 1271 Idem
1742 1236 1847 1271 etiam

344 1293 535 1341 Episcopus
554 1293 597 1328 de
615 1293 802 1328 voluntate
830 1293 955 1328 decani
980 1298 1016 1328 et
1043 1293 1211 1328 consensu
1239 1292 1385 1340 capituli
1407 1293 1506 1328 dedit
1530 1298 1566 1328 et
1587 1292 1754 1329 concessit
1771 1307 1849 1342 pre-

342 1350 440 1386 dieto
456 1350 616 1386 waltero
635 1356 670 1386 et
688 1351 879 1386 heredibus
897 1351 965 1386 suis
984 1351 1021 1386 in
1040 1356 1251 1399 perpetuam
1271 1351 1411 1386 feodam
1427 1351 1565 1386 firmam
1584 1356 1696 1386 totam
1715 1356 1846 1387 terram

342 1409 436 1443 suam
449 1409 492 1444 de
507 1408 636 1444 Budist’
648 1422 713 1457 per
725 1409 800 1444 suas
812 1410 929 1444 rectas
944 1409 1070 1444 divisas
1085 1414 1121 1445 et
1135 1422 1217 1444 cum
1232 1408 1398 1444 omnibus
1405 1408 1507 1457 justis
1520 1409 1745 1457 pertinentiis
1758 1409 1825 1444 suis
1839 1430 1846 1437 ·

342 1466 538 1501 habendam
558 1465 617 1501 fibi
633 1472 668 1502 et
686 1467 878 1503 tenendam
898 1467 1046 1503 liberam
1066 1472 1102 1502 et
1120 1467 1277 1515 quietam
1293 1466 1336 1502 ab
1351 1467 1448 1502 omni
1464 1467 1605 1502 servitio
1620 1472 1656 1502 et
1670 1467 1847 1503 demanda

342 1524 386 1558 ad
406 1524 540 1559 dictum
562 1524 774 1573 Episcopum
793 1525 850 1561 vel
875 1525 1085 1561 success'ores
1103 1526 1182 1560 suos
1200 1525 1403 1573 pertinente
1431 1544 1439 1552 ·
1469 1525 1654 1560 reddendo
1679 1524 1761 1560 inde
1786 1538 1846 1560 an-

342 1581 478 1616 nuatim
502 1583 664 1629 predicto
689 1583 862 1631 Episcopo
887 1589 923 1619 et
949 1583 1199 1619 successoribus
1226 1583 1293 1618 suis
1317 1583 1404 1618 duas
1431 1595 1566 1618 marcas
1594 1582 1843 1630 sterlingorum

343 1638 509 1686 legalium
537 1640 763 1676 medietatem
791 1641 921 1677 scilicet
946 1642 991 1677 ad
1017 1641 1142 1677 festum
1171 1641 1293 1677 Saneti
1313 1641 1460 1678 (Dartini
1482 1641 1519 1675 in
1542 1641 1667 1688 hyeme
1686 1646 1722 1676 et
1739 1641 1842 1676 aliani

343 1696 567 1732 medietatem
588 1698 632 1732 ad
653 1698 883 1734 Pentecosten
908 1699 1072 1747 proximo
1100 1700 1303 1747 sequentem
1328 1719 1336 1727 ·
1365 1698 1528 1734 faciendo
1546 1698 1757 1733 forinsecum
1779 1699 1844 1734 ser-

345 1753 470 1789 vitium
489 1754 624 1789 domini
645 1755 754 1803 Regis
776 1757 871 1803 quod
897 1758 940 1792 ad
966 1758 1165 1805 predictam
1187 1763 1319 1793 terram
1340 1757 1494 1805 pertinet
1513 1776 1521 1784 -
1550 1756 1705 1792 Decidet
1723 1762 1841 1792 autem

344 1812 387 1847 de
405 1812 575 1859 predictis
593 1813 702 1848 firmis
714 1813 820 1861 juxta
837 1815 1022 1850 arbitrium
1037 1816 1122 1851 boni
1134 1816 1201 1851 viri
1215 1815 1380 1863 quotiens
1394 1828 1457 1863 per
1470 1827 1638 1862 guerram
1652 1814 1844 1861 contigerit

343 1869 521 1917 predictas
540 1870 658 1905 firmas
677 1871 720 1906 de
738 1872 907 1919 predictis
925 1874 1029 1908 terris
1047 1874 1152 1921 plene
1170 1887 1245 1909 non
1263 1873 1358 1921 poss'e
1376 1872 1527 1921 persolvi
1547 1892 1555 1900 ·
1585 1872 1767 1908 Convenit
1784 1885 1844 1907 au-

344 1934 415 1962 tem
430 1928 525 1974 quod
541 1928 755 1975 dyocesanus
767 1930 947 1978 episcopus
960 1932 1162 1978 predictum
1177 1931 1377 1966 lValterum
1392 1936 1428 1966 et
1442 1930 1590 1966 heredes
1604 1930 1683 1965 suos
1697 1943 1822 1966 omnes
1834 1949 1842 1956 ·

344 1997 406 2032 per
424 1985 606 2020 censuram
625 1985 884 2022 ecclesiasticam
904 1994 939 2023 et
957 1989 1033 2024 aliis
1051 1989 1318 2036 quibuscunque
1343 1988 1458 2024 modis
1479 1988 1647 2036 legitimis
1664 1987 1819 2023 voluerit
1834 2007 1841 2015 ·

344 2042 558 2090 compellere
576 2042 678 2091 possit
696 2044 740 2079 ad
758 2045 1004 2092 predictorum
1023 2047 1184 2082 omnium
1204 2047 1487 2083 observationem
1510 2065 1518 2073 ·
1546 2045 1644 2081 omni
1663 2044 1842 2080 occasione

343 2100 555 2148 apellatione
574 2106 609 2136 et
623 2102 908 2138 contradictione
923 2105 1068 2139 remotis
1083 2124 1091 2132 ·
1113 2105 1295 2140 Convenit
1308 2105 1415 2140 etiam
1429 2104 1526 2151 quod
1540 2102 1843 2151 quotienscunque

342 2158 524 2206 predictus
545 2158 723 2194 walterus
741 2160 797 2195 vel
822 2160 947 2207 aliquis
974 2162 1145 2197 heredum
1173 2163 1317 2199 suorum
1343 2167 1470 2198 contra
1491 2161 1670 2209 predictas
1688 2173 1843 2196 conven-

340 2216 455 2251 tiones
480 2216 603 2252 venire
633 2217 880 2266 presumpserit
909 2219 1064 2267 capitulo
1092 2220 1223 2257 Sancte
1255 2220 1444 2256 Trinitatis
1472 2219 1517 2254 de
1547 2218 1666 2266 Elgyn
1696 2218 1842 2253 nomine

341 2286 430 2320 pene
443 2273 501 2309 ·xl·
514 2274 642 2310 solidos
658 2274 791 2311 solvere
806 2281 971 2312 teneatur
987 2296 994 2304 ·
1011 2278 1180 2325 predictis
1198 2277 1497 2314 conventionibus
1511 2275 1765 2312 nichilominus
1779 2288 1842 2323 per
