1912 2660
176 397 198 427 2

180 1856 202 1887 10

203 391 247 428 36

289 121 361 153 804·
690 117 1007 155 REGISTRUM
1036 118 1400 155 MORAVIENSE.

293 275 403 311 Carta
419 275 595 313 Johannis
614 276 767 324 episcopi
786 281 939 323 quatuor
957 275 1149 323 capellanis
1167 273 1326 309 concessa
1345 292 1353 300 ·

295 390 474 427 Univerfis
500 392 620 427 sancte
644 392 763 428 matris
787 390 929 427 ecclefie
955 389 1036 437 filijs
1063 389 1107 424 ad
1139 401 1292 435 quorum
1322 387 1486 423 notitiam
1516 390 1656 437 presens
1691 390 1794 438 scrip-

292 457 368 485 tum
401 451 605 499 pervenerit
646 449 830 486 Johannes
865 448 940 483 Dei
978 447 1094 494 gratia
1129 446 1292 482 moravie
1330 445 1512 494 episcopus
1556 453 1716 483 eternam
1757 449 1793 483 in

294 508 455 543 Domino
484 508 630 543 salutem
650 527 658 535 ·
687 506 840 542 Noverit
869 503 1076 541 univerfitas
1102 503 1217 538 vestra
1243 503 1339 550 quod
1365 516 1430 539 nos
1455 517 1537 539 cum
1559 505 1728 541 consensu
1759 512 1795 542 et

292 565 436 602 confilio
456 566 596 601 Decani
615 571 650 600 et
669 564 813 611 capituli
832 562 941 598 nostri
956 581 964 590 ·
984 574 1049 610 pro
1068 561 1178 596 salute
1197 561 1314 597 anime
1332 561 1449 597 nostre
1464 588 1472 597 .
1492 575 1558 598 nec
1576 576 1651 598 non
1670 576 1794 611 paren-

292 630 368 658 tum
384 623 583 658 nostrorum
599 642 606 650 ·
627 622 751 657 damus
769 620 998 657 concedimus
1012 618 1224 666 assignamus
1242 625 1278 654 et
1295 624 1421 655 tenore
1440 620 1654 668 presentium
1667 622 1795 657 confir-

292 694 429 716 mamus
443 686 597 728 quatuor
611 679 802 727 capellanis
820 677 1000 726 perpetuis
1019 675 1162 712 ecclefie
1181 676 1297 713 nostre
1311 677 1472 725 predicte
1491 684 1526 714 et
1546 678 1795 715 succefl'oribus

292 739 359 774 suis
377 740 414 774 in
433 744 645 787 perpetuum
674 764 682 772 .
710 736 878 772 videlicet
905 735 1059 770 dominis
1078 734 1239 770 Waltero
1266 735 1310 771 de
1339 735 1503 771 Branach
1522 737 1706 785 capellano
1734 738 1795 773 do-

292 797 379 832 mini
406 796 513 831 nostri
539 795 648 843 Regis
667 814 675 822 ·
702 794 860 831 Johanni
882 793 940 828 del
966 792 1047 828 Ard
1071 812 1079 821 ·
1108 793 1264 828 fundatis
1291 806 1354 841 per
1373 793 1554 829 dominam
1574 794 1618 830 de
1639 795 1795 830 Duffuss·

294 854 376 890 Ade
389 854 530 901 Gorays
549 858 584 888 et
604 851 758 887 Patricio
777 852 821 886 de
838 851 976 899 Aluays
989 877 997 886 .
1013 850 1204 899 capellanis
1226 851 1383 886 fundatis
1402 851 1446 887 de
1464 852 1568 887 terris
1587 852 1631 888 de
1652 851 1772 888 Rossia
1785 872 1793 882 ·

294 925 400 947 unam
420 913 555 959 peciam
575 916 670 946 terre
688 909 935 945 continentem
953 909 992 944 in
1005 909 1123 944 fronte
1143 914 1215 944 tres
1226 909 1333 944 rodas
1344 914 1379 944 et
1391 909 1574 945 dimidiam
1590 929 1599 938 ·
1613 910 1794 958 jacentem

293 984 337 1005 ex
366 968 578 1005 occidentali
605 973 705 1016 parte
740 967 834 1002 muri
865 966 996 1015 petrini
1031 967 1182 1002 canonic
1209 966 1326 1002 nostre
1352 967 1447 1002 inter
1474 967 1560 1002 duas
1594 968 1669 1003 vias
1700 982 1795 1004 com-

293 1041 419 1063 munes
439 1047 446 1054 ·
466 1031 602 1062 tentam
623 1026 666 1061 de
685 1025 853 1060 fratribus
879 1025 1000 1060 Sancti
1028 1024 1155 1060 Lazari
1176 1024 1283 1072 juxta
1307 1037 1429 1060 muros
1455 1025 1650 1062 Jerusalem
1671 1045 1680 1054 ·
1709 1026 1795 1062 divi.

292 1085 445 1121 dendam
470 1085 563 1119 inter
582 1097 642 1119 eos
666 1082 984 1131 proportionaliter
1003 1102 1011 1111 ·
1039 1083 1085 1118 ad
1107 1082 1346 1118 edificandum
1373 1083 1409 1118 in
1435 1096 1476 1118 ea
1497 1082 1694 1119 manfiones
1720 1084 1796 1120 suas

293 1142 540 1178 succefforibus
559 1154 684 1177 eorum
703 1147 878 1189 perpetuo
901 1140 1147 1189 permansuras
1170 1160 1179 1168 ·
1202 1153 1277 1176 non
1301 1140 1459 1176 obstante
1477 1155 1689 1189 quacunque
1714 1155 1796 1178 con-

292 1199 442 1236 cessione
463 1200 559 1235 facta
584 1199 853 1247 quibuscunque
880 1198 957 1247 alijs
976 1198 1052 1247 jam
1089 1212 1133 1234 ex
1165 1198 1267 1234 causa
1301 1199 1447 1234 remotis
1467 1218 1474 1227 ·
1505 1200 1624 1242 Quam
1652 1200 1795 1247 quidem

293 1265 424 1294 terram
449 1258 542 1293 bone
575 1257 746 1293 memorie
776 1257 943 1292 dominus
975 1256 1119 1292 Alanus
1145 1257 1189 1292 de
1217 1257 1386 1305 OEuthays
1412 1257 1515 1292 nobis
1541 1258 1705 1293 vendidit
1731 1271 1795 1306 pro

293 1316 419 1363 viginti
438 1321 474 1351 et
491 1320 646 1363 quatuor
673 1315 826 1350 merchis
847 1314 1098 1362 sterlingorum
1118 1334 1126 1342 ·
1156 1315 1204 1350 Et
1221 1320 1262 1350 ut
1281 1314 1341 1349 ista
1365 1315 1512 1350 donatio
1537 1315 1654 1351 nostra
1679 1322 1795 1351 ratum

294 1374 403 1409 robur
427 1373 587 1409 obtineat
614 1373 650 1408 in
678 1379 890 1421 perpetuum
910 1371 1061 1420 figillum
1080 1372 1238 1408 nostrum
1258 1373 1477 1408 autenticum
1497 1386 1569 1409 una
1586 1386 1666 1409 cum
1685 1372 1797 1421 figillo

293 1432 475 1467 communi
510 1431 657 1479 capituli
692 1430 800 1466 nostri
832 1430 1025 1479 supradiGti
1061 1430 1281 1479 presentibus
1315 1430 1463 1466 fecimus
1493 1432 1653 1480 apponi·
1682 1431 1797 1480 Apud

296 1490 413 1536 Elgyn
433 1490 467 1524 in
486 1489 571 1524 festo
600 1489 722 1525 Sancti
745 1488 883 1538 Nycafij
912 1489 1158 1537 sociorumque
1177 1488 1254 1538 ejus
1277 1502 1374 1525 anno
1398 1489 1512 1537 gratie
1538 1488 1719 1527 (oilleslmo
1738 1490 1798 1525 tri.

295 1545 483 1582 centesimo
502 1546 712 1595 sexagesimo
727 1567 736 1577 ο

300 1721 355 1756 De
374 1721 497 1757 salario
516 1722 689 1770 capellani
708 1722 809 1758 beate
828 1723 943 1759 marie
962 1723 1006 1758 de
1027 1722 1205 1770 Inuernys
1223 1743 1231 1750 ·

294 1837 473 1874 Omnibus
499 1836 567 1872 hoc
594 1837 760 1885 scriptum
782 1838 906 1873 visuris
928 1838 987 1874 vel
1014 1838 1189 1874 audituris
1216 1837 1401 1875 Johannes
1428 1836 1652 1886 permissione
1678 1837 1799 1872 divina

293 1893 523 1932 moraviensis
538 1893 678 1930 ecclesie
693 1895 849 1931 minister
864 1896 1006 1932 humilis
1021 1902 1181 1932 eternam
1202 1896 1237 1931 in
1254 1896 1416 1931 Domino
1438 1896 1584 1931 salutem
1606 1915 1614 1923 ·
1642 1895 1797 1932 Noverit

292 1951 499 1988 universitas
510 1951 623 1987 vestra
635 1966 698 1987 nos
711 1953 754 1988 de
770 1955 952 1990 communi
966 1954 1135 1990 consensu
1150 1954 1290 1990 Decani
1310 1960 1345 1989 et
1360 1954 1505 2002 capituli
1520 1953 1628 1989 nostri
1644 1966 1711 1989 nec
1725 1966 1798 1988 non

292 2010 444 2058 magistri
465 2009 614 2058 Eustacij
635 2016 721 2045 tunc
740 2012 910 2059 temporis
937 2012 1101 2061 perpetui
1119 2012 1239 2061 vicarij
1267 2012 1311 2047 de
1337 2012 1514 2060 Inuernys
1541 2009 1737 2047 conceffifl'e
1764 2016 1798 2046 et

293 2069 337 2104 ad
356 2068 494 2103 firmam
515 2066 673 2103 dimiiiffe
692 2068 848 2104 Johanni
869 2069 953 2104 Scot
967 2069 1132 2118 burgensi
1145 2070 1189 2105 de
1205 2070 1382 2118 Invernys
1400 2082 1524 2105 omnes
1542 2074 1654 2105 terras
1673 2074 1709 2104 et
1726 2068 1800 2117 pos-

294 2125 455 2162 sessiones
474 2125 620 2161 inferius
648 2126 848 2161 nominatas
875 2127 1071 2175 spectantes
1098 2128 1142 2163 ad
1169 2128 1341 2176 capellam
1359 2128 1461 2163 beate
1480 2127 1593 2164 <narie
1613 2127 1656 2162 de
1677 2126 1799 2162 Inuer-
