2060 2660
233 1126 302 1158 15⁶2

239 1649 251 1679 1
260 1649 280 1677 ,¹3
285 1647 307 1677 53

321 156 390 191 168
721 156 1036 193 REGISTRUM
1068 155 1432 193 MORAVIENSE.

322 256 419 291 mino
446 254 657 291 Alexandro
685 256 756 292 Dei
783 257 898 304 gratia
924 256 1087 305 episcopo
1115 254 1329 292 moraviensi
1354 274 1361 281 ·
1392 253 1553 288 Waltero
1578 252 1623 288 de
1644 253 1828 289 Brennath

322 313 462 348 officiali
490 314 587 349 curie
614 313 846 351 moraviensis
866 334 873 342 ·
907 314 1089 349 Willelmo
1117 313 1160 348 de
1189 313 1299 347 Fores
1326 310 1578 346 archidiacono
1604 330 1611 338 -
1646 310 1830 346 Willelmo

324 371 409 419 Wys
436 371 635 407 subdecano
664 392 672 400 ·
701 378 736 407 et
765 372 947 407 willelmo
979 372 1022 407 de
1052 371 1172 419 Spyny
1199 368 1372 405 canonico
1400 366 1542 403 ecclefie
1570 368 1801 405 moraviensis
1821 389 1829 396 ·

324 429 467 465 Thoma
484 430 603 478 priore
622 430 665 466 de
682 430 898 478 Pluscardyn
915 449 922 457 ·
938 435 973 464 et
990 428 1152 464 Roberto
1167 427 1286 475 priore
1301 426 1345 461 de
1362 425 1529 461 Urchard
1549 445 1557 453 ·
1577 439 1618 462 ac
1637 432 1713 462 toto
1733 427 1830 463 clero

324 486 468 523 diocesis
486 487 717 524 moraviensis
736 487 953 536 presentibus
972 492 1007 521 et
1025 484 1251 521 affidentibus
1267 503 1275 511 ·
1296 483 1489 519 diffinitum
1507 483 1574 520 fuit
1593 489 1629 520 et
1647 491 1828 534 receptum
1862 486 1865 488 ’

325 546 565 582 communiter
583 546 626 581 ab
645 545 809 581 omnibus
828 558 892 593 pro
911 544 1041 579 statuto
1060 542 1156 590 quod
1179 542 1353 577 cariantes
1372 539 1441 577 five
1465 541 1637 577 ducentes
1661 544 1831 579 meremia

326 604 370 639 de
393 617 539 640 nemore
564 618 646 639 cum
673 603 785 639 bobus
812 609 847 638 et
871 600 1031 650 plaustris
1057 600 1195 635 solvant
1218 605 1343 635 curato
1365 599 1427 635 suo
1446 600 1624 636 decimum
1645 600 1830 637 denarium

325 675 392 710 pro
420 662 556 697 decima
584 667 745 709 tempore
772 659 903 696 estivali
930 658 1074 706 quando
1097 657 1206 692 boves
1228 657 1354 693 herbas
1373 657 1520 705 pascunt
1540 678 1547 686 ·
1568 658 1605 693 in
1624 672 1726 707 yeme
1745 672 1832 695 vero

327 719 471 767 qtlando
496 719 604 755 boves
623 719 767 767 pascunt
786 717 962 765 foragium
988 716 1125 751 solvent
1148 714 1362 751 trieefimum
1389 716 1575 751 denarium
1604 730 1669 765 pro
1696 718 1834 753 decima

327 784 451 813 curato
472 797 480 804 ·
500 777 607 812 nullis
626 775 782 824 expensis
806 775 882 810 aliis
909 775 944 809 in
972 774 1147 809 alterutro
1174 773 1254 808 casu
1281 773 1462 809 subductis
1482 793 1490 802 .
1520 774 1567 810 Et
1590 775 1635 810 ad
1659 775 1833 812 car-lantes

328 842 426 883 petas
444 835 499 870 vel
520 833 711 870 consimilia
729 834 822 869 idem
842 831 1083 868 diffiniebat-ir
1101 831 1370 867 extendendum
1392 852 1399 859 -

331 1011 509 1044 statutum
530 1009 573 1043 de
593 1007 858 1042 molendinariis
879 1026 886 1033 ·

331 1125 468 1160 Eodem
494 1124 550 1159 die
574 1130 607 1159 et
631 1137 725 1159 anno
745 1129 779 1159 et
798 1123 878 1158 loco
897 1136 968 1170 quo
988 1123 1091 1171 supra
1110 1122 1301 1158 diffinitum
1322 1121 1370 1158 est
1387 1123 1483 1170 quod
1504 1124 1753 1160 molendinarii
1773 1125 1836 1160 sol-

331 1189 414 1217 vant
435 1182 605 1217 decimam
627 1182 671 1217 de
690 1181 898 1217 molendino
924 1187 959 1217 et
984 1181 1028 1217 de
1046 1186 1143 1217 terra
1161 1181 1359 1217 molendini
1380 1181 1481 1217 solita
1498 1182 1643 1218 affedari
1662 1196 1743 1218 cum
1763 1197 1836 1219 mo-

330 1241 476 1276 lendino
497 1260 503 1267 ·
525 1246 559 1275 et
578 1245 722 1275 curatus
736 1239 901 1275 allocabit
920 1245 955 1275 et
974 1239 1145 1275 subducet
1166 1253 1280 1275 unum
1301 1239 1487 1275 denarium
1503 1245 1539 1275 et
1557 1253 1669 1276 unum
1690 1240 1834 1277 obolum

331 1300 373 1334 ‹le
392 1297 547 1346 qualibet
567 1311 647 1333 acra
667 1303 761 1333 terre
781 1298 954 1334 ordeacee
974 1318 982 1326 ·
1010 1303 1045 1333 et
1063 1311 1176 1334 unum
1197 1298 1383 1334 denarium
1404 1298 1448 1333 de
1467 1298 1624 1346 qualibet
1642 1312 1724 1334 acra
1742 1304 1837 1335 terre

330 1356 511 1391 avenatice
532 1376 538 1382 ·

339 1532 464 1567 l'etitio
484 1539 607 1567 contra
626 1532 821 1580 process‘um
841 1533 943 1581 super
962 1532 1176 1569 molendinis
1197 1553 1204 1560 ·

335 1649 528 1695 magnifico
548 1649 624 1683 viro
644 1654 679 1683 et
699 1649 834 1696 potenti
855 1649 1003 1685 domino
1024 1648 1255 1685 Archebaldo
1278 1649 1322 1684 de
1342 1649 1483 1696 Duglas
1508 1649 1610 1684 militi
1631 1649 1840 1685 Alexander

338 1706 408 1741 Dei
427 1707 541 1753 gratia
561 1706 753 1754 Episcopus
772 1712 807 1742 et
826 1707 1020 1755 capitulum
1040 1706 1182 1744 ecclefie
1198 1706 1428 1744 moraviensis
1442 1707 1589 1743 salutem
1609 1727 1617 1735 ·
1646 1707 1787 1743 Nobilis
1805 1716 1839 1743 et

337 1764 524 1811 magnifice
554 1765 698 1799 domine
726 1778 788 1799 vos
816 1771 850 1800 et
879 1765 1062 1801 ,lohannes
1090 1766 1134 1801 de
1163 1765 1269 1814 Haya
1296 1766 1494 1801 vicecomes
1522 1766 1566 1801 de
1596 1765 1774 1814 Inuernys
1804 1766 1840 1801 in

340 1822 458 1869 vigilia
476 1822 568 1857 beati
586 1822 733 1857 Andrce
753 1822 898 1871 apostoli
917 1825 1011 1872 apud
1033 1824 1151 1873 Elgyn
1170 1824 1347 1872 quendam
1365 1824 1560 1872 procefl'um
1580 1823 1705 1859 fecistis
1723 1824 1842 1860 taliter

339 1880 491 1928 qualiter
510 1881 609 1915 novit
629 1880 730 1915 Deus
754 1881 789 1915 in
814 1894 958 1928 gravem
979 1881 1145 1918 lefionem
1164 1882 1343 1931 prioratus
1362 1882 1406 1918 de
1427 1882 1643 1931 Pluscardyn
1669 1887 1705 1918 et
1726 1882 1842 1931 preju-

341 1939 471 1973 dicium
492 1939 684 1973 maximum
707 1938 964 1986 jurisdictionis
983 1939 1124 1976 ecclefie
1143 1960 1152 1969 ·
1175 1954 1281 1988 quem
1301 1954 1364 1989 per
1382 1953 1448 1976 vos
1468 1946 1502 1976 et
1522 1940 1632 1989 ipsum
1652 1941 1843 1989 petivimus

340 1997 498 2032 revocari
519 2016 526 2023 ·
547 2002 581 2032 et
601 2010 663 2031 vos
682 1997 890 2044 petitionem
909 1997 1062 2034 nostram
1083 1999 1119 2034 in
1137 1999 1273 2048 scriptis
1291 1998 1484 2047 postulastis
1504 2019 1512 2026 ·
1532 2012 1638 2047 quam
1658 1999 1694 2034 in
1713 1999 1841 2034 effectu

341 2069 420 2091 cum
441 2054 646 2102 quibusdam
667 2060 785 2090 tamen
801 2055 1040 2092 additionibus
1058 2057 1158 2092 vobis
1172 2058 1209 2092 in
1223 2057 1382 2093 adventu
1397 2056 1511 2093 vestro
1531 2057 1752 2105 exponendis
1766 2057 1844 2092 mit-

341 2114 448 2148 timus
467 2113 522 2148 hic
542 2112 766 2160 subscriptam
788 2133 795 2140 ·
826 2112 1064 2162 Proponimus
1083 2115 1177 2151 enim
1197 2121 1233 2151 et
1252 2116 1402 2152 dicimus
1419 2115 1516 2163 quod
1535 2115 1654 2150 sancte
1673 2116 1845 2150 memorie

343 2170 551 2207 Alexander
573 2170 651 2205 Rex
672 2171 788 2206 scotie
809 2171 1014 2207 molendina
1031 2172 1091 2208 sua
1109 2173 1153 2208 de
1173 2173 1292 2222 Elgyn
1319 2179 1354 2209 et
1379 2173 1423 2210 de
1443 2173 1553 2208 Fores
1571 2178 1606 2208 et
1624 2172 1693 2208 alia
1711 2172 1846 2209 molen-

342 2230 425 2264 dina
444 2228 487 2264 ab
505 2229 555 2264 eis
573 2228 812 2277 dependentia
828 2249 835 2256 ·
857 2235 891 2264 et
911 2230 1084 2265 multuras
1102 2237 1279 2267 terrarum
1299 2232 1343 2267 ad
1362 2232 1421 2267 illa
1443 2231 1650 2267 molendina
1667 2231 1846 2279 pertinen-

343 2289 430 2323 tium
457 2300 543 2334 quas
566 2293 652 2322 tunc
679 2287 834 2335 percepit
859 2287 914 2322 vel
939 2289 1121 2336 percipere
1149 2290 1271 2326 debuit
1293 2289 1315 2325 {i
1335 2290 1429 2326 culte
1448 2289 1556 2325 effent
1577 2309 1584 2317 ·
1604 2302 1669 2337 pro
1688 2290 1848 2326 remedio
