1912 2660
680 97 859 134 CARTE
885 98 1225 137 ORIGINALES.
1619 108 1689 144 461

208 196 400 235 camerario
421 195 558 230 domini
578 195 688 243 Regis
706 215 715 223 ·
753 195 946 242 Ingraham
973 197 1017 232 de
1039 197 1179 245 Bayllol
1198 218 1206 226 ·
1243 198 1400 236 &valtero
1419 202 1569 250 Gyffard
1587 223 1595 232 ·
1630 205 1692 241 Jo-

208 256 324 291 hanne
351 253 395 288 de
417 251 612 288 Macuswel
631 271 639 280 ·
672 252 833 288 VValtero
853 252 997 300 Cumyn
1024 253 1153 290 clerico
1182 255 1317 290 domini
1342 257 1452 305 Regis
1471 279 1479 287 ·
1509 266 1544 296 et
1573 261 1692 298 multis

208 312 283 347 aliis
300 330 309 339 ·
346 310 480 345 Actum
499 322 595 344 anno
613 309 728 356 gratie
746 313 974 346 ‹0⁰·cc⁰·xxv⁰·

208 482 316 518 Carta
334 481 378 517 de
397 479 614 516 Lamabride
632 500 641 508 ·

207 596 383 634 Omnibus
410 595 480 631 hoc
506 595 675 643 scriptum
694 594 817 630 visuris
835 595 893 631 vel
918 596 1092 631 audituris
1117 595 1330 633 malcolmus
1349 596 1393 632 de
1412 599 1576 634 moravia
1597 601 1696 636 miles

206 660 364 691 eternam
381 654 419 688 in
436 654 595 688 Domino
614 653 761 688 salutem
780 672 788 680 ·
808 652 962 688 Noverit
979 652 1184 689 univerfitas
1200 653 1314 689 vestra
1332 667 1388 690 me
1408 654 1535 691 dediffe
1559 658 1696 694 conces-

205 711 275 748 fiffe
292 716 328 747 et
344 711 410 746 hac
435 710 588 757 presenti
613 715 711 746 carta
733 723 813 746 mea
830 710 1049 746 confirmass'e
1069 710 1249 746 Willelmo
1269 711 1313 746 de
1338 712 1501 747 moravia
1524 713 1597 749 filio
1615 728 1695 750 meo

205 774 316 804 totam
334 774 467 804 terram
485 780 600 803 meam
619 768 663 803 de
683 767 897 803 Lamabride
915 781 981 816 pro
999 768 1165 815 homagio
1185 773 1220 804 et
1237 768 1385 803 seruicio
1404 768 1465 804 suo
1484 782 1564 805 cum
1586 772 1699 806 omni-

205 826 269 861 bus
282 825 383 874 justis
396 825 624 874 pertinenciis
637 825 705 860 suis
718 844 726 853 ·
747 825 961 861 Tenendam
976 831 1011 861 et
1024 826 1223 861 habendam
1237 824 1298 861 fibi
1313 831 1349 862 et
1363 826 1551 862 heredibus
1568 828 1636 863 suis
1654 829 1697 865 de

206 897 262 919 me
282 888 318 919 et
336 883 526 919 heredibus
542 883 630 918 meis
647 883 685 917 in
703 883 808 918 feodo
827 889 864 919 et
881 883 1077 919 hereditate
1094 883 1205 919 libere
1224 883 1342 930 quiete
1361 883 1519 931 plenarie
1537 890 1573 920 et
1590 885 1701 922 hono-

206 941 303 977 rifice
321 941 359 976 in
375 940 480 976 bosco
499 945 535 976 et
551 940 659 988 plano
678 940 715 975 in
733 941 842 988 pratis
861 945 896 975 et
914 940 1049 988 pascuis
1066 941 1105 975 in
1123 940 1232 975 moris
1250 945 1286 976 et
1304 939 1450 975 marifiis
1463 941 1501 976 in
1518 941 1646 990 stagnis
1664 949 1700 979 et

207 997 421 1033 molendinis
438 997 503 1033 viis
521 1002 557 1033 et
574 997 704 1032 semitis
722 997 804 1033 feris
823 1003 859 1033 et
876 997 999 1033 avibus
1026 998 1064 1032 in
1087 997 1185 1044 aquis
1203 1002 1239 1033 et
1256 997 1409 1045 piscariis
1427 1003 1463 1034 et
1480 999 1517 1034 in
1536 1000 1699 1036 omnibus

205 1055 282 1090 aliis
309 1053 519 1090 aifiamentis
546 1060 582 1090 et
607 1054 829 1091 libertatibus
855 1055 899 1089 ad
919 1055 1052 1090 dictam
1069 1059 1203 1090 terram
1221 1054 1482 1102 pertinentibus
1499 1056 1556 1091 vel
1580 1057 1698 1104 aliquo

205 1117 366 1160 tempore
384 1112 564 1159 pertinere
581 1112 783 1148 valentibus
800 1112 890 1147 adeo
908 1112 1018 1147 libere
1038 1117 1073 1147 et
1091 1112 1210 1159 quiete
1228 1110 1314 1147 ficut
1330 1125 1397 1158 ego
1417 1112 1549 1148 dictam
1567 1119 1698 1149 terram

207 1170 251 1205 de
269 1169 415 1205 domino
435 1169 537 1217 Rege
556 1174 663 1205 teneo
681 1170 739 1205 vel
756 1168 912 1217 poflideo
926 1189 933 1196 ·
956 1169 1157 1204 Reddendo
1170 1169 1253 1204 inde
1268 1169 1452 1205 annuatim
1466 1170 1536 1217 ipse
1551 1175 1586 1206 et
1600 1171 1699 1207 here-

208 1227 269 1262 des
294 1226 344 1261 sui
370 1226 458 1261 mihi
479 1232 515 1262 et
533 1227 722 1262 heredibus
740 1227 827 1262 meis
845 1239 956 1262 vnum
974 1239 1038 1274 par
1056 1226 1315 1262 cirothecarum
1334 1226 1495 1262 albarum
1512 1227 1570 1263 vel
1588 1240 1699 1263 vnum

208 1284 392 1319 denarium
407 1284 452 1319 ad
469 1284 700 1320 Pentecosten
714 1297 780 1332 pro
799 1285 898 1319 omni
916 1284 1063 1319 seruicio
1082 1283 1229 1320 seculari
1244 1283 1431 1319 exactione
1450 1289 1486 1319 et
1503 1284 1678 1320 demanda
1690 1305 1698 1313 -

206 1341 369 1377 faciendo
388 1342 535 1377 domino
554 1342 630 1389 regi
649 1342 836 1377 dimidium
855 1341 1041 1377 seruicium
1066 1341 1170 1377 vnius
1195 1341 1317 1376 militis
1335 1346 1371 1376 et
1388 1341 1599 1377 forinsecum
1618 1342 1701 1378 Sco-

206 1399 364 1435 ticanum
378 1405 551 1447 quantum
567 1400 613 1435 ad
628 1399 760 1435 dietam
775 1404 906 1434 terram
921 1399 1076 1446 pertinet
1091 1425 1099 1434 .
1118 1398 1215 1434 Volo
1231 1398 1338 1434 etiam
1354 1403 1389 1434 et
1402 1399 1561 1434 concedo
1576 1404 1615 1434 vt
1630 1399 1701 1435 dic-

206 1462 263 1492 tus
281 1456 350 1491 ·W·
370 1462 406 1492 et
423 1457 572 1493 heredes
590 1457 640 1492 sui
660 1457 747 1491 mihi
765 1462 801 1492 et
818 1456 1008 1492 heredibus
1030 1456 1117 1491 meis
1141 1456 1286 1491 nomine
1310 1455 1442 1491 relevie
1468 1460 1540 1491 tres
1566 1469 1700 1491 marcas

206 1515 344 1561 argenti
370 1513 508 1550 solvant
534 1527 615 1550 cum
642 1514 739 1549 casus
764 1514 885 1549 warde
912 1518 948 1549 et
974 1513 1105 1549 relevie
1123 1512 1308 1549 advenerit
1326 1518 1362 1548 et
1379 1517 1421 1548 ut
1443 1511 1510 1547 fint
1527 1513 1639 1559 quieti
1656 1513 1699 1548 ab

206 1571 369 1607 omnibus
386 1572 517 1608 wardis
536 1577 571 1607 et
589 1571 729 1607 releviis
748 1584 813 1619 pro
829 1571 933 1606 dietis
951 1570 1062 1606 tribus
1080 1570 1207 1606 mercis
1219 1589 1227 1597 ·
1246 1570 1343 1605 Volo
1361 1569 1467 1605 etiam
1486 1574 1522 1604 et
1540 1571 1698 1605 concedo

204 1641 269 1676 pro
293 1642 351 1664 me
378 1634 413 1664 et
440 1629 629 1664 heredibus
652 1629 738 1664 meis
760 1629 856 1675 quod
875 1629 991 1664 dictus
1010 1627 1079 1663 ·W·
1098 1633 1161 1663 aut
1183 1627 1332 1663 heredes
1349 1627 1400 1662 sui
1417 1626 1553 1662 nullam
1571 1627 1699 1663 sectam

204 1686 301 1721 curie
319 1686 450 1722 faciant
468 1687 513 1721 ad
531 1699 588 1722 me
605 1686 663 1721 vel
677 1687 722 1721 ad
736 1686 884 1722 heredes
902 1698 999 1721 meos
1016 1685 1255 1733 pertinentem
1273 1689 1374 1720 extra
1390 1689 1636 1720 tenementum
1656 1685 1699 1720 de

205 1742 418 1779 Lamabride
432 1763 440 1771 ·
462 1744 541 1791 Ego
555 1756 642 1779 vero
662 1749 697 1779 et
714 1744 862 1779 heredes
880 1743 950 1779 mei
970 1743 1068 1778 (1ὶᾶ0
1083 1742 1265 1778 Willelmo
1285 1746 1321 1777 et
1338 1740 1527 1777 heredibus
1545 1741 1612 1776 suis
1630 1742 1700 1778 dic-

204 1805 278 1835 tam
296 1805 429 1835 terram
447 1806 572 1836 contra
591 1814 714 1836 omnes
732 1801 893 1836 homines
920 1806 956 1836 et
981 1800 1130 1835 feminas
1155 1798 1433 1847 acquietabimus
1460 1799 1701 1834 warantizabi-

205 1870 283 1892 mus
302 1862 338 1892 et
356 1857 587 1893 defendemus
605 1858 869 1906 imperpetuum
884 1877 892 1886 ·
917 1858 962 1893 In
975 1858 1075 1893 cuius
1088 1857 1141 1893 rei
1154 1856 1393 1892 testimonium
1406 1855 1559 1904 presenti
1573 1855 1697 1904 scripto

204 1912 355 1961 figillum
370 1927 489 1950 meum
505 1915 649 1963 apposui
664 1935 673 1943 ·
694 1915 777 1950 Hiis
790 1915 933 1951 testibus
947 1914 1142 1951 venerabili
1159 1913 1252 1962 patri
1266 1912 1414 1949 domino
1426 1913 1487 1948 ·A·
1500 1912 1569 1948 Dei
1586 1913 1700 1960 gratia

204 1971 366 2019 episcopo
380 1971 594 2008 moravienfi
608 1992 616 2000 -
633 1973 780 2008 domino
795 1972 864 2007 ·W·
879 1972 999 2018 priore
1015 1972 1059 2007 de
1073 1970 1268 2007 Hurchard
1283 1990 1291 1998 -
1307 1970 1460 2006 dominis
1475 1969 1640 2006 Gilberto
1655 1971 1698 2006 de

205 2028 448 2065 Glencheruie
467 2049 476 2057 ·
505 2029 687 2065 Willelmo
713 2030 757 2066 de
783 2029 889 2077 Haya
915 2030 959 2066 de
983 2029 1205 2065 Lochorwill
1231 2033 1267 2064 et
1294 2027 1469 2065 michaele
1495 2028 1538 2063 de
1558 2027 1699 2075 Wemys

205 2087 375 2122 militibus
394 2106 402 2114 ·
431 2087 595 2134 Eugenio
615 2088 745 2122 Thano
764 2088 807 2123 de
827 2087 1044 2135 Rothnoych
1064 2106 1073 2115 ·
1093 2085 1275 2122 Willelmo
1294 2086 1338 2122 de
1358 2085 1473 2121 Doles
1488 2104 1495 2112 ·
1516 2084 1696 2120 Willelmo

205 2142 373 2192 Wysman
388 2163 396 2172 ·
415 2144 581 2181 Johanne
601 2145 644 2181 de
663 2144 916 2181 Pethindreich
931 2164 939 2172 ·
960 2149 996 2180 et
1013 2144 1134 2180 multis
1152 2143 1227 2179 aliis
1242 2162 1250 2171 ·
