2060 2660
571 163 888 200 REGISTRUM
916 161 1278 200 MORAVIENSE.
1601 174 1669 205 105

172 266 295 301 habitu
313 264 483 312 nusquam
501 263 564 299 nifi
581 264 618 298 in
638 262 810 309 obsequiis
828 261 957 297 divinis
981 267 1017 297 et
1041 261 1273 297 ecclesiasticis
1295 261 1363 298 five
1387 264 1431 299 de
1454 266 1510 301 die
1534 266 1602 302 five
1626 268 1670 302 de

171 324 281 359 notite
303 322 357 357 uti
382 321 587 369 presumant
614 340 622 348 ·
650 332 767 367 neque
790 324 892 354 extra
916 318 1006 354 fines
1030 318 1183 353 ambitus
1207 319 1396 354 domorum
1415 323 1668 358 canonicorum

170 380 282 428 ipsum
309 378 448 414 deferre
474 378 630 413 audeant
658 397 666 405 ·
694 377 753 413 sed
771 390 853 412 cum
872 375 1050 412 ecclefiam
1070 374 1193 423 egrefli
1210 376 1344 411 fuerint
1360 378 1526 424 perfectis
1545 380 1670 415 debitis

170 435 368 472 ministeriis
402 435 543 472 ecclefie
577 435 713 471 suerint
742 434 919 470 reversuri
949 434 995 469 ad
1025 432 1203 469 eeclefiam
1235 433 1396 469 habitum
1426 435 1666 487 supradifitum

169 499 303 530 exuant
329 498 365 529 et
390 494 428 529 in
454 494 535 529 loco
563 493 700 528 mundo
721 497 757 528 et
780 491 927 527 honesto
945 496 1122 540 reponant
1137 510 1145 518 ·
1174 496 1210 526 et
1228 491 1295 526 hoc
1313 492 1557 528 moderamine
1574 494 1669 529 habi-

167 557 225 587 tus
239 551 361 587 divino
375 551 489 587 cultui
507 551 690 587 dedicatus
707 550 751 585 ab
769 550 900 585 illicitis
917 548 1034 584 usibus
1052 554 1088 584 et
1106 548 1254 584 maculis
1272 553 1308 584 et
1325 548 1485 584 sordibus
1502 550 1669 586 immunis

167 610 325 645 servetur
343 614 380 644 et
398 609 555 644 mundus
582 628 591 636 ·
619 614 655 644 et
672 608 768 643 idem
786 607 997 656 injungetur
1021 607 1167 642 cuilibet
1187 606 1248 654 qui
1265 606 1303 641 in
1321 606 1499 654 posterum
1517 608 1668 643 vicarius

166 666 244 702 fieri
274 666 417 702 debebit
446 685 455 694 ο
486 665 511 701 fi
539 671 659 702 autem
687 665 842 701 vicarius
865 665 992 712 aliquis
1018 669 1145 700 contra
1169 664 1238 700 hoc
1264 664 1389 700 fecerit
1414 678 1494 699 curn
1525 665 1569 701 de
1599 665 1667 701 hoc

166 724 334 760 claruerit
361 729 530 771 tanquam
561 723 710 772 perjurii
741 722 890 758 crimine
918 735 1000 758 reus
1030 722 1188 769 graviori
1219 722 1368 757 crimine
1399 735 1481 758 reus
1511 723 1667 770 graviori

166 781 347 830 discipline
365 781 557 830 subjacebit
576 801 584 809 ·
615 781 707 817 Item
731 780 899 816 statutum
925 779 974 815 est
995 793 1041 815 ne
1063 779 1187 815 vicarii
1209 779 1373 815 tabernas
1391 780 1526 815 intrent
1544 780 1588 815 ad
1606 793 1668 828 po-

165 839 316 874 tandum
345 839 384 874 in
414 844 497 875 cetu
524 838 611 875 ficut
636 839 746 874 moris
773 838 821 874 est
846 838 1054 886 quibusdam
1085 837 1193 886 laycis
1220 857 1229 865 ·
1261 837 1344 885 quia
1374 842 1410 873 et
1439 838 1508 873 hoc
1542 843 1666 873 contra

166 896 385 933 honestatem
413 897 613 933 clericalem
645 896 760 933 existit
788 902 824 932 et
854 896 966 944 ipsum
1002 896 1088 931 sacri
1124 908 1278 931 canones
1314 895 1531 931 detestantur
1560 915 1568 923 ·
1606 896 1666 943 qui

165 960 285 990 autem
309 955 559 990 contravenire
582 960 745 1003 repertus
762 954 870 989 fuerit
888 959 924 989 et
942 954 983 988 in
1002 966 1045 989 eo
1064 954 1234 1001 puniatur
1251 953 1289 988 in
1307 966 1378 1000 quo
1397 953 1546 1000 deliquit
1575 973 1583 981 ·
1615 954 1666 989 in-

159 1011 337 1060 jungetur
363 1012 395 1047 ei
421 1025 442 1047 a
467 1012 667 1048 subdecano
690 1017 732 1048 ut
759 1012 797 1047 in
823 1011 973 1047 crastino
1001 1011 1096 1046 illius
1125 1011 1195 1047 diei
1223 1024 1294 1058 quo
1325 1011 1394 1046 hoc
1425 1011 1617 1058 contigerit
1646 1024 1666 1046 a

165 1068 309 1105 cervifia
331 1075 367 1106 et
387 1070 486 1105 omni
509 1070 640 1118 poculo
664 1070 761 1117 quod
779 1070 954 1105 inebriare
973 1068 1086 1117 potest
1103 1069 1273 1104 abstineat
1290 1067 1361 1104 fine
1380 1068 1578 1104 differentia
1596 1069 1667 1104 die-

164 1140 245 1162 rum
265 1147 273 1155 ·
302 1127 396 1163 Item
414 1127 583 1163 statutum
603 1127 651 1163 est
667 1133 709 1163 ut
726 1128 920 1163 canonicus
937 1128 998 1175 qui
1016 1127 1148 1163 secreta
1171 1126 1318 1174 capituli
1344 1126 1556 1162 revelaverit
1582 1140 1663 1162 cum

165 1184 210 1220 de
227 1185 296 1221 hoc
315 1185 503 1221 convififfls
521 1185 629 1221 suerit
647 1198 690 1221 eo
709 1186 805 1232 quod
818 1185 1067 1234 juramentum
1085 1184 1186 1220 suum
1203 1184 1328 1220 fecerit
1356 1203 1364 1211 ·
1397 1190 1433 1219 et
1461 1197 1664 1220 excommu-

164 1242 352 1278 nicationis
378 1243 588 1278 sententiam
614 1243 818 1291 generalem
845 1243 883 1278 in
909 1256 1034 1278 omnes
1058 1242 1259 1278 detefiwres
1279 1241 1496 1277 secretorum
1519 1242 1664 1290 capituli

163 1299 272 1335 latam
290 1300 483 1336 incurrerit
502 1319 510 1328 ·
530 1305 566 1336 et
583 1299 627 1336 fic
645 1300 818 1336 beneficio
837 1299 1063 1336 ecclesiastico
1082 1300 1271 1346 indignum
1289 1299 1322 1334 se
1341 1299 1537 1334 reddiderit
1556 1319 1564 1327 ·
1586 1312 1663 1347 pre-

162 1357 278 1392 bende
309 1357 368 1393 sue
391 1356 572 1393 amiffione
596 1358 771 1393 multetur
799 1377 807 1386 ·
846 1358 985 1393 Afflmm
1009 1370 1105 1393 anno
1131 1357 1245 1404 gratie
1272 1357 1559 1394 ·m0-cc⁰·xxxviii-
1588 1357 1661 1392 ·iii0-

163 1414 288 1450 Nonas
302 1415 425 1451 martii
439 1434 447 1442 ·
468 1415 548 1462 Ego
564 1414 731 1450 Andreas
746 1416 927 1464 episcopus
942 1413 1173 1452 moravienfis
1191 1420 1227 1450 et
1245 1415 1437 1450 canonicus
1456 1415 1500 1450 de
1515 1414 1663 1451 Fother-

161 1485 248 1520 uays
265 1472 439 1508 subscribo
459 1492 467 1500 ·
497 1472 576 1519 Ego
593 1472 661 1507 ·W·
677 1478 869 1521 precentor
887 1473 1062 1508 subscribo
1082 1492 1090 1500 ·
1120 1472 1199 1519 Ego
1215 1472 1284 1506 ·W'·
1299 1472 1569 1507 archidiaconus
1587 1473 1663 1508 sub-

162 1529 274 1565 scribo
298 1549 306 1557 ·
335 1530 414 1578 Ego
442 1529 627 1566 Johannes
655 1530 841 1566 succentor
868 1530 1043 1566 subscribo
1071 1549 1079 1558 ·
1112 1530 1191 1577 Ego
1217 1529 1399 1565 Robertus
1426 1529 1663 1565 thesaurarius

162 1587 336 1623 subscribo
356 1606 364 1615 ·
394 1587 473 1635 Ego
493 1587 552 1622 ·R-
572 1588 766 1623 canonicus
790 1588 834 1624 de
857 1588 1008 1636 Duppol
1029 1587 1204 1623 subscribo
1224 1606 1232 1614 ·
1261 1587 1341 1634 Ego
1365 1586 1533 1622 Andreas
1559 1600 1663 1623 cano-

162 1645 263 1680 nicus
281 1645 324 1680 de
344 1645 551 1693 Abyrlouer
577 1645 752 1681 subscribo
780 1665 788 1673 -
819 1646 899 1693 Ego
922 1646 1107 1682 Johannes
1133 1645 1178 1680 de
1206 1644 1343 1679 Hedon
1369 1645 1561 1680 canonicus
1587 1645 1662 1681 sub-

162 1702 273 1738 scribo
292 1722 301 1730 ·
330 1702 409 1750 Ego
430 1702 544 1750 Hugo
562 1703 756 1738 canonicus
774 1703 818 1739 de
838 1703 954 1751 Petyn
971 1702 1145 1738 subscribo
1161 1721 1169 1730 ·
1198 1701 1279 1749 Ego
1298 1701 1500 1737 Willelmus
1518 1704 1663 1738 canoni-

163 1773 225 1796 cus
243 1760 287 1795 de
307 1760 425 1808 Erryn
445 1759 621 1795 subscribo
636 1779 645 1788 ·
673 1760 753 1808 Ego
768 1760 970 1796 Willelmus
988 1760 1181 1796 canonicus
1200 1760 1244 1795 de
1265 1759 1447 1808 Kinguscy
1464 1760 1638 1796 subscribo
1652 1781 1660 1789 ·

119 1831 122 1834 ’
163 1819 241 1867 Ego
269 1819 454 1855 Johannes
485 1819 678 1854 canonieus
709 1820 753 1855 de
781 1819 918 1867 Advyn
945 1819 1119 1856 subscribo
1142 1838 1151 1847 ·
1179 1819 1259 1866 Ego
1289 1818 1518 1854 Subdecanus
1544 1839 1552 1847 ·
1581 1820 1660 1868 Ego

163 1876 361 1912 Edwardus
379 1876 572 1912 canonicus
591 1877 649 1912 del
667 1879 754 1925 moy
773 1877 947 1913 subscribo
966 1897 975 1905 ·

163 2048 271 2084 Carta
288 2049 332 2085 de
350 2048 542 2085 refidencia
559 2049 720 2085 facienda
737 2050 795 2085 vel
813 2049 960 2098 septima
977 2050 1144 2086 solvenda
1163 2069 1170 2078 ·

88 2172 130 2207 91
163 2162 208 2198 In
224 2164 370 2200 nomine
385 2164 500 2200 Patris
515 2170 550 2200 et
565 2164 647 2200 Filii
661 2169 697 2200 et
711 2164 863 2212 Spiritus
878 2165 1001 2200 83,ηὸὶί
1019 2179 1124 2201 amen
1143 2185 1151 2194 ·
1181 2165 1320 2201 Afflmm
1333 2166 1371 2201 in
1385 2166 1540 2214 capitulo
1555 2180 1658 2202 cano-

160 2220 321 2256 nicorum
344 2221 485 2258 ecclefie
508 2221 721 2258 cathedralis
743 2222 787 2257 de
806 2222 926 2271 Elgyn
946 2236 1042 2259 anno
1067 2224 1181 2271 gratie
1207 2227 1344 2261 ·co⁰·cc⁰·
1369 2222 1542 2259 tricefimo
1560 2236 1656 2259 nono

160 2278 275 2313 Nonis
288 2279 411 2315 martii
425 2299 433 2308 ·
449 2279 585 2316 vocatis
599 2279 764 2316 omnibus
777 2280 838 2327 qui
853 2285 955 2316 erant
965 2281 1119 2317 vocandi
1134 2301 1142 2309 ·
1157 2281 1202 2317 de
1215 2281 1384 2317 consensu
1397 2281 1541 2329 capituli
1553 2299 1562 2308 ·
1575 2294 1657 2317 con-

903 2350 925 2373 ο
