1912 2660
190 182 247 209 450

189 800 242 826 451

185 1421 242 1445 4:32

185 1943 243 1971 453

272 88 346 120 420
670 85 985 122 REGISTRUM
1015 84 1381 122 MORAVIENSE.

275 183 340 210 Ane
354 181 518 211 obleisment
533 182 566 211 be
582 182 699 211 Maister
713 183 827 221 George
842 184 980 212 Gordoun
995 184 1081 212 baron
1096 183 1129 211 of
1140 184 1376 221 Rothymurchus
1398 187 1429 211 to
1450 186 1567 211 content
1589 183 1643 210 and
1663 192 1733 220 paye
1747 187 1778 212 to

273 230 322 258 the
338 230 474 268 Bischope
489 234 615 268 twentye
629 230 709 259 foure
724 231 828 259 markis
843 231 951 268 yeirlie,
973 231 1063 259 under
1082 240 1156 268 payn
1178 230 1211 258 of
1227 230 1339 268 tynsaill
1352 229 1386 257 of
1400 230 1449 257 the
1464 229 1511 257 seu
1525 229 1558 257 of
1567 229 1617 258 the
1631 230 1737 268 barouy
1751 230 1784 258 of

274 278 528 315 Rotbymurchus3
552 278 815 315 Notwithssauding
835 279 898 307 that
918 279 966 306 the
987 278 1069 306 smnk
1084 282 1231 305 tenement
1250 277 1283 304 of
1299 277 1348 305 the
1363 276 1419 304 said
1433 277 1539 314 barony
1553 276 1578 305 is
1596 277 1714 306 reseruit
1734 277 1780 306 till

274 325 365 353 Alane
382 325 457 353 Kere
478 325 521 353 sor
540 326 577 353 all
597 326 646 354 the
665 326 744 363 dayis
758 325 791 354 of
807 326 851 354 his
866 326 1021 362 livetyme;
1041 326 1095 352 and
1116 329 1212 353 attoni·
1232 328 1262 352 to
1283 324 1390 352 deliuer
1410 324 1517 362 yeirlye
1538 329 1568 353 to
1589 325 1638 353 the
1658 325 1778 364 Bischop

273 373 357 401 aucht
373 372 443 401 fkoir
456 372 502 410 fyr
515 373 616 411 sparris
630 374 767 401 sufficient
782 379 812 401 to
827 374 860 401 be
874 373 968 410 gestis,
983 382 1015 400 or
1029 378 1057 400 at
1071 373 1120 400 the
1135 372 1185 399 lest
1200 372 1228 400 sa
1242 381 1328 408 mony
1344 371 1443 409 sparris
1457 382 1487 400 as
1501 373 1551 401 the
1565 373 1672 401 rentale
1687 372 1720 401 of
1729 373 1779 401 the

273 420 393 458 Bischop
407 421 556 459 proportis,
571 431 603 448 or
616 431 645 449 us
662 421 752 449 Alane
767 421 843 448 Kere
864 430 896 448 or
915 420 959 447 his
981 419 1195 457 predecess'ouris
1218 418 1270 446 usit
1291 423 1322 446 to
1343 419 1458 452 deliuer,
1479 430 1556 457 upon
1571 425 1658 449 water
1671 420 1736 457 syde
1750 420 1783 448 of

274 469 348 506 Spey
362 469 466 496 beneth
481 469 529 496 the
544 469 618 506 kyrk
632 469 663 496 of
677 468 928 505 Rothymurchous
943 477 980 495 on
995 477 1047 495 ane
1062 471 1226 504 competent
1243 476 1331 494 rowm
1351 467 1450 504 quhair
1468 467 1528 495 thai
1550 477 1614 505 may
1628 469 1662 496 be
1677 468 1777 506 eiselye

272 517 354 544 cuffin
369 516 398 543 iu
413 517 461 544 the
477 517 530 544 said
543 522 629 544 water
642 516 675 543 of
686 517 759 553 Spey
771 516 799 543 in
815 515 877 543 flott
892 525 924 542 or
938 514 1110 551 utherwnyis
1125 524 1154 541 as
1169 514 1241 541 salbe
1256 514 1356 542 thocht
1371 514 1508 552 speidfull.
1545 515 1642 543 Besoir
1656 515 1778 549 witness,

272 563 379 592 Master
391 564 488 591 James
504 563 704 592 Strathauchin
728 564 825 600 person
848 562 882 590 of
903 561 1058 595 Balhelvie,
1081 561 1198 589 Maister
1216 561 1319 598 Guvyn
1340 561 1437 599 Lessye
1458 562 1556 600 person
1578 562 1611 590 of
1628 563 1776 600 Kyngusy‚

273 611 390 639 Maister
403 611 496 639 Johan
515 611 598 638 Innes
614 611 704 638 vicare
719 610 751 638 of
759 610 854 647 Elgin,
871 608 988 637 Maister
1001 609 1096 636 Johan
1109 608 1243 646 Guthery
1255 613 1345 637 notar.
1386 610 1428 637 At
1442 610 1492 638 the
1506 610 1657 638 cathedrali
1671 610 1735 638 kin-k
1750 610 1783 638 of

274 658 419 696 Murmye,
434 660 452 686 3
466 659 574 687 ,Ianuar
592 659 675 686 15:39.

272 801 457 830 Confirmatio
473 801 506 828 ab
522 800 659 838 Episcopo
678 799 750 827 facta
764 802 847 826 cartae
861 797 1033 826 venditionis
1048 808 1064 825 a
1079 798 1205 835 Georgio
1219 798 1333 827 domino
1347 799 1381 827 de
1397 799 1534 827 Gordoun
1548 809 1579 827 ac
1593 799 1706 828 domino
1720 804 1776 828 ter-

271 859 363 877 rarum
379 849 412 876 de
429 848 660 885 Rothymurchus
675 846 806 874 concessae
821 845 1029 883 consanguineo
1047 846 1096 874 suo
1113 846 1277 874 Alexandro
1294 847 1428 875 Gordoun
1452 847 1509 874 filio
1530 852 1559 876 et
1579 847 1674 875 heredi
1693 858 1776 886 appa-

271 897 344 925 renti
358 896 480 933 mngistri
493 895 609 932 Georgii
623 894 760 923 Gordoun
775 894 809 921 de
825 893 993 930 Baldornye,
1010 898 1148 922 terrarum
1163 894 1406 922 eccleliasticarum
1421 895 1454 923 de
1467 895 1701 933 Rothymurchus
1712 905 1776 923 cum

271 945 341 976 lacu,
357 944 478 971 manerio
493 943 540 970 seu
552 942 688 970 fortalicio
701 953 708 975 3
730 941 927 969 Tenendarum
942 941 975 969 de
992 941 1129 980 Episcopo
1142 953 1150 975 ;
1173 942 1326 970 Reddeudo
1341 944 1378 970 24
1393 952 1499 971 mercas
1513 942 1667 971 annuatim.
1710 943 1776 971 Sine

270 992 405 1030 potestate
420 990 555 1018 excambii
568 1002 575 1023 ;
596 999 659 1017 cum
675 989 824 1027 privilegio
838 989 872 1017 de
887 989 969 1017 unica
983 989 1070 1017 sufina
1084 989 1225 1028 capienda.
1260 990 1344 1028 Apud
1361 990 1455 1027 Elgin,
1470 991 1489 1018 4
1505 990 1674 1018 Novembris
1691 991 1776 1024 1560,

270 1049 362 1067 coram
377 1038 500 1070 testibus,
512 1037 636 1074 Georgio
648 1036 751 1064 comite
766 1037 799 1064 de
816 1036 940 1073 Huntly,
958 1037 1123 1065 Alexandro
1138 1037 1275 1065 Gordoun
1290 1038 1324 1065 de
1340 1038 1489 1075 Strapoun,
1500 1037 1632 1075 magistro
1646 1038 1776 1066 Johanne

269 1086 350 1123 Lessy
366 1091 472 1113 rectore
488 1086 521 1112 de
538 1085 612 1118 Une,
629 1084 739 1112 Thomu
755 1084 881 1121 Cuming
894 1084 928 1112 de
945 1084 1036 1118 Altre,
1053 1084 1178 1121 Georgio
1194 1084 1314 1112 Dunbar
1327 1090 1435 1113 rectore
1449 1086 1483 1113 de
1498 1085 1656 1119 Kilmowir‚
1670 1085 1776 1114 Jacobo

270 1134 406 1162 Gordoun
422 1133 455 1160 de
473 1132 569 1169 Thuly
584 1142 674 1169 angus
689 1136 717 1160 et
732 1131 846 1159 domino
861 1131 992 1160 Johanne
1008 1132 1132 1160 Gibsone
1153 1137 1262 1161 rectore
1279 1133 1313 1160 de
1329 1133 1478 1161 Unthank.
1520 1133 1649 1161 Testihus
1664 1134 1697 1161 ad
1711 1143 1776 1161 con-

269 1180 464 1213 firmationem,
479 1179 610 1217 magistro
627 1179 752 1217 Georgio
767 1179 907 1217 Hepburn
922 1184 1032 1208 rectore
1051 1180 1084 1208 de
1104 1180 1204 1217 Dalry,
1224 1180 1389 1208 Alexandro
1405 1181 1483 1208 Blair
1498 1181 1648 1208 camerario
1667 1181 1775 1215 Sconoe,

268 1229 373 1257 ι1880110
393 1228 579 1256 Hendcrsoun
593 1227 727 1255 officiario
742 1227 873 1265 ejusdem,
888 1227 994 1255 Jacobo
1011 1228 1150 1265 Hepburn
1162 1228 1296 1256 canonico
1309 1228 1416 1262 Sconae,
1428 1228 1677 1257 dominoWValtero
1689 1229 1774 1257 Ram-

268 1277 324 1314 suy,
340 1281 368 1305 et
382 1276 513 1313 magistro
529 1276 644 1304 Andrea
659 1275 773 1312 Strong,
789 1275 913 1304 notariis.
955 1276 1041 1313 Apud
1058 1276 1186 1310 Sconam,
1204 1277 1244 1304 28
1259 1275 1358 1304 Martii
1376 1277 1460 1304 1561.

271 1419 455 1449 Confirmatio
469 1419 502 1447 ab
515 1418 652 1456 Episcopo
666 1418 738 1447 facta
753 1422 836 1447 cartae
850 1418 1020 1447 venditionis
1035 1429 1051 1446 a
1067 1418 1192 1456 Georgio
1205 1419 1307 1448 comite
1322 1419 1355 1448 de
1371 1419 1492 1447 Huntlie
1507 1419 1636 1447 concess'ae
1650 1419 1669 1447 J
1672 1419 1773 1447 ohanni

271 1468 363 1496 Graut
378 1468 411 1494 de
427 1467 633 1504 Fruychqwhy‚
650 1466 801 1494 earundem
816 1471 974 1498 terrarum;
995 1467 1180 1494 tenendarum
1202 1467 1235 1495 de
1256 1467 1413 1505 Episcopo;
1435 1467 1588 1496 Reddendo
1610 1468 1647 1496 24
1668 1477 1773 1496 mercas

269 1515 422 1542 annuatim.
464 1515 496 1542 In
517 1515 571 1542 fine
594 1514 756 1542 continetur
777 1514 870 1541 sassnae
891 1519 1076 1552 preceptum;
1096 1524 1188 1542 coram
1207 1515 1334 1548 testibus,
1354 1515 1485 1543 Johanne
1500 1515 1626 1553 episcopo
1643 1515 1771 1549 Ross'ensi,

271 1562 434 1590 Alexandro
455 1562 581 1599 episcopo
603 1561 736 1589 Candidae
757 1561 833 1595 casae,
857 1561 990 1598 magistro
1006 1562 1172 1590 Alexandro
1191 1562 1338 1596 Gordoun,
1358 1562 1490 1599 magistro
1506 1563 1670 1590 Alexandro
1684 1562 1773 1591 Lessie

270 1614 298 1638 et
314 1609 435 1637 Patricio
451 1610 543 1637 Gmnt
557 1610 590 1637 de
607 1609 745 1647 Dalway3
767 1609 841 1647 apud
857 1609 989 1644 Huntlie,
1008 1610 1043 1637 14
1057 1609 1130 1638 Julii
1148 1611 1232 1638 1567.
1274 1609 1403 1638 Testibus
1424 1610 1458 1638 ad
1479 1610 1727 1643 confirmationem,
1743 1610 1771 1637 in

269 1668 322 1695 qua
335 1657 498 1694 providetur
511 1657 543 1685 de
558 1658 693 1695 potestate
708 1657 847 1685 excambii
858 1662 890 1686 ut
902 1657 931 1685 in
942 1657 1083 1696 superiore
1098 1662 1173 1687 carta
1187 1658 1289 1697 (448),
1304 1658 1436 1695 magistro
1450 1657 1556 1686 Jacobo
1572 1658 1771 1686 Strathuuchin

270 1710 376 1733 rectore
387 1704 420 1732 de
438 1704 599 1742 Balhelvye‚
622 1705 753 1742 magistro
764 1705 895 1733 Johanne
907 1705 1043 1743 Dowglas
1059 1705 1162 1734 vicario
1173 1706 1207 1734 de
1220 1705 1367 1739 Gallioun,
1382 1705 1488 1734 Jacobo
1502 1705 1586 1733 Innes
1600 1706 1633 1733 de
1646 1705 1771 1743 Dranye,

272 1752 393 1781 Patricio
409 1753 501 1780 Grant
516 1752 548 1780 (18
564 1752 690 1790 Dalway,
713 1753 854 1781 Duncano
870 1753 962 1782 Grant
982 1753 1012 1781 in
1034 1753 1167 1787 Garthin,
1189 1753 1300 1782 Davide
1323 1752 1457 1790 Cuming,
1479 1753 1586 1783 Jacobo
1612 1752 1771 1786 Monereiff,

270 1800 408 1837 magistris
425 1800 535 1828 Thoma
550 1800 686 1828 Gordoun
701 1805 729 1829 et
744 1800 887 1829 Vilhelmo
903 1801 1040 1838 VVysman
1056 1801 1181 1830 notariis.
1222 1801 1309 1839 Apud
1325 1800 1420 1838 Elgin,
1438 1802 1471 1829 17
1487 1801 1558 1829 Julii
1576 1801 1661 1831 1567.

272 1943 357 1972 Carta
371 1942 532 1970 seodifirmae
547 1942 580 1970 ab
596 1942 732 1980 Episcopo
747 1952 812 1970 cum
826 1943 958 1971 consensu
974 1943 1089 1982 capituli
1103 1944 1167 1972 data
1180 1943 1287 1972 Jacobo
1301 1943 1387 1971 Innes
1401 1943 1435 1971 de
1450 1942 1551 1980 Drany
1565 1947 1593 1971 et
1608 1942 1771 1971 Katherinae

271 1991 408 2020 Gordoun
423 1989 483 2028 ejus
497 1989 611 2027 sponsae,
623 1996 759 2018 terrarum
771 1991 805 2018 de
814 1991 928 2028 Rozgfiis
941 1992 1022 2029 croft,
1033 1992 1147 2020 Baxter
1161 1991 1243 2029 croft,
1258 1991 1331 2029 apud
1341 1990 1428 2028 Elgin
1442 1990 1472 2018 in
1486 1990 1600 2019 baronia
1612 1990 1646 2018 de
1662 1990 1772 2028 Spyne;

271 2038 383 2067 brafinae
399 2038 547 2076 superioris
562 2042 590 2065 et
604 2038 717 2065 brafinae
732 2037 871 2066 inferioris
886 2039 920 2066 de
933 2038 1098 2075 Kynnedor,
1113 2049 1178 2067 cum
1190 2040 1208 2067 *2
1219 2038 1289 2067 acris
1304 2044 1400 2072 terrae3
1420 2043 1448 2067 et
1460 2038 1557 2067 crostae
1567 2038 1602 2066 de
1614 2037 1771 2066 Edindeath

270 2087 300 2114 in
314 2085 427 2114 baronia
440 2086 474 2114 de
487 2085 584 2123 Keyth
599 2090 626 2113 et
642 2085 695 2113 vic:
707 2086 740 2113 de
751 2085 910 2114 Aberdene.
940 2085 1093 2114 Reddendo
1107 2086 1252 2115 annuatim
1269 2086 1333 2115 L.9.
1347 2087 1375 2115 6.
1389 2087 1425 2120 8.,
1441 2087 1458 2114 6
1469 2086 1610 2114 duodenas
1624 2095 1770 2124 caponum,

271 2136 288 2162 6
303 2143 394 2167 aucas,
409 2143 473 2161 cum
487 2132 605 2162 astrictis
619 2132 751 2162 multuris
767 2132 928 2162 molendino
945 2134 978 2162 de
993 2134 1134 2173 Bg’sL-hope
1151 2135 1215 2164 mill
1233 2139 1262 2164 et
1283 2133 1445 2163 molendino
1465 2134 1498 2162 de
1520 2133 1619 2163 Keith.
1660 2133 1695 2161 In
1715 2133 1771 2161 fine
