2060 2660
592 156 909 193 REGISTRUM
937 156 1299 194 MORAVIENSE.
1645 163 1694 200 77

198 256 452 304 Strathbolgyn
472 275 480 283 ·
501 256 683 303 Gregorio
698 256 834 291 decano
853 255 897 290 de
917 254 1097 302 Strathspe
1117 273 1125 281 ·
1147 254 1341 302 Radulpho
1356 255 1538 302 capellano
1552 256 1670 291 nostro
1684 276 1692 283 ·

199 314 360 349 Roberto
378 313 511 348 vicario
531 313 575 348 de
591 313 709 360 Elgyn
729 332 737 340 ·
757 318 793 347 et
810 311 932 347 multis
950 311 1027 346 aliis
1046 331 1055 339 ·
1075 311 1214 346 Actum
1234 311 1271 346 in
1290 312 1423 359 synodo
1442 312 1559 347 nostra
1576 313 1694 349 habita

195 384 291 406 anno
320 371 573 405 incarnationis
600 370 778 405 dominice
801 369 1036 406 ·m⁰·cc⁰·xxvi·
1056 369 1174 404 mense
1193 371 1301 417 (Dayo
1320 369 1445 416 quinto
1465 370 1521 405 die
1540 370 1693 418 ejusdem

195 426 320 464 mensis
337 428 374 463 in
393 427 535 464 66616113Ι
553 428 675 463 Sancti
695 427 814 475 Egidii
833 426 967 462 abbatis
985 426 1080 474 apud
1103 425 1223 474 Elgyn
1242 445 1250 453 ·

196 600 357 635 Donatio
375 600 398 637 J
400 599 550 635 ohannis
569 599 697 648 Byseth
717 600 762 636 de
774 600 858 648 jure
876 604 1086 648 patronatus
1105 598 1246 635 ecclefie
1265 599 1309 634 de
1330 598 1542 647 Kyltalargy
1557 619 1565 627 ·

194 713 372 751 Omnibus
396 715 458 750 has
482 715 602 750 literas
619 715 744 751 visuris
761 715 820 751 vel
837 715 1013 751 audituris
1030 714 1215 752 Johannes
1234 713 1364 762 Byseth
1387 718 1546 749 eternam
1565 714 1602 749 in
1621 714 1696 749 Do-

193 773 291 808 mino
309 773 457 808 salutem
476 792 484 800 ·
506 772 736 808 Univerfitati
749 772 862 808 vestre
877 772 1033 821 significo
1048 785 1105 808 me
1120 772 1276 807 caritatis
1290 771 1424 807 intuitu
1443 778 1479 807 et
1497 784 1562 819 pro
1577 772 1696 807 anima

194 830 330 865 domini
348 830 520 866 Willelmi
541 831 652 878 Regis
671 831 789 866 Scotie
809 850 817 858 ·
839 836 875 866 et
892 844 957 879 pro
976 830 1086 866 salute
1102 830 1239 866 domini
1257 830 1327 865 mei
1348 829 1549 881 Alexandri
1567 829 1695 865 nobilis

195 887 305 935 Regis
334 907 342 915 ·
374 901 516 923 necnon
534 894 570 924 et
588 902 653 936 pro
672 888 782 924 salute
800 889 1001 924 animarum
1019 888 1276 923 antecessorum
1296 893 1332 922 et
1350 887 1582 922 successorum
1600 900 1695 923 meo-

192 958 273 980 rum
288 965 295 973 ·
310 946 439 981 dediffe
454 966 462 974 -
476 945 672 982 eonceffiffe
685 952 720 982 et
730 947 796 982 1136
810 946 963 994 presenti
975 951 1072 981 carta
1083 959 1162 981 mea
1176 945 1395 981 confirmasse
1408 945 1491 980 Deo
1506 950 1541 980 et
1555 943 1695 980 66616116

195 1003 317 1038 Sancti
332 1003 430 1039 Petri
449 1004 493 1039 de
514 1004 675 1039 Rothfan
688 1005 734 1039 ad
751 1004 1038 1039 sustentationem
1057 1003 1279 1051 leprosorum
1293 1002 1425 1038 ibidem
1445 1002 1527 1038 Deo
1546 1002 1696 1038 servien-

193 1060 283 1094 tium
301 1060 362 1108 jus
385 1066 596 1108 patronatus
616 1067 652 1096 et
670 1062 838 1108 quicquid
855 1061 963 1096 habui
982 1061 1019 1096 in
1037 1061 1233 1096 donatione
1252 1059 1393 1096 ecclefie
1419 1060 1463 1095 de
1483 1060 1695 1108 Kyltalargy

193 1122 366 1164 quantum
386 1118 431 1153 ad
449 1131 565 1154 meam
584 1119 741 1167 pertinet
759 1119 991 1154 donationem
1014 1138 1022 1146 ·
1046 1119 1247 1154 habendam
1266 1124 1301 1154 et
1319 1116 1562 1166 poffidendam
1580 1117 1640 1153 fibi
1660 1124 1695 1153 et

193 1174 442 1210 successoribus
459 1176 527 1211 suis
546 1177 590 1212 de
609 1190 665 1212 me
685 1182 720 1212 et
737 1177 928 1212 heredibus
947 1176 1033 1212 meis
1051 1176 1141 1211 adeo
1160 1176 1270 1211 libere
1290 1195 1298 1203 ·
1318 1176 1436 1222 quiete
1456 1195 1464 1203 ·
1483 1176 1642 1223 plenarie
1660 1182 1695 1211 et

193 1232 390 1268 honorifice
403 1233 440 1268 in
455 1233 601 1269 liberam
617 1247 742 1282 puram
764 1240 799 1269 et
817 1239 1026 1282 perpetuam
1045 1232 1271 1269 elemosinam
1289 1252 1297 1260 ·
1315 1232 1402 1268 ficut
1420 1233 1537 1279 aliqua
1555 1232 1696 1268 ecclelia

193 1290 236 1325 ab
254 1290 373 1337 aliquo
392 1291 504 1326 milite
523 1292 581 1327 vel
598 1292 733 1327 barone
747 1292 784 1326 in
802 1305 915 1338 regno
936 1292 1053 1327 Scotie
1071 1290 1217 1326 liberius
1237 1310 1244 1317 ·
1271 1290 1425 1337 quietius
1444 1309 1451 1317 ·
1471 1290 1611 1337 plenius
1626 1310 1633 1317 ·
1660 1296 1696 1326 et

193 1347 487 1384 honorificentius
506 1354 650 1384 tenetur
669 1355 705 1384 et
723 1347 917 1397 poffidetur
942 1368 950 1375 ·
978 1348 1147 1383 Preterea
1171 1347 1253 1382 dedi
1279 1347 1402 1382 domui
1420 1352 1561 1382 tantum
1580 1347 1624 1383 de
1643 1361 1696 1383 re-

193 1404 259 1439 bus
273 1405 359 1441 meis
378 1411 413 1441 et
431 1406 559 1442 averiis
576 1407 674 1442 unde
692 1406 818 1454 placati
839 1406 919 1441 sunt
937 1411 973 1440 et
986 1405 1139 1440 fideliter
1153 1405 1240 1439 mihi
1254 1410 1290 1439 et
1304 1404 1493 1439 heredibus
1511 1405 1598 1440 meis
1615 1418 1695 1452 pro-

194 1462 364 1497 miserunt
382 1468 417 1498 et
435 1476 499 1511 per
512 1464 719 1511 pupplicum
738 1469 774 1498 et
792 1463 971 1510 solempne
986 1461 1260 1497 instrumentum
1279 1462 1312 1497 se
1332 1461 1582 1509 obligaverunt
1599 1463 1696 1509 quod

194 1532 307 1554 unum
319 1520 542 1567 capellanum
555 1521 684 1556 ibidem
694 1521 775 1556 Deo
782 1521 876 1556 sacra
888 1519 1143 1555 ministrantem
1152 1539 1160 1547 ·
1169 1520 1342 1567 etseptem
1354 1519 1525 1567 leprosos·
1534 1524 1570 1554 et
1580 1532 1694 1554 unum

194 1577 367 1612 famulum
379 1578 447 1612 illis
458 1578 666 1613 servientem
684 1598 691 1606 ·
705 1591 770 1626 pro
778 1578 1024 1625 redemptione
1036 1583 1264 1625 peccatorum
1276 1577 1419 1611 suorum
1432 1576 1469 1611 in
1480 1582 1694 1624 perpetuum

194 1633 410 1670 sustinebunt
430 1655 437 1663 ·
458 1649 498 1671 ac
516 1636 585 1670 illis
603 1635 747 1683 singulis
765 1636 803 1670 in
821 1635 1017 1671 necessariis
1034 1640 1280 1682 competenter
1298 1633 1546 1669 ministrabunt
1564 1653 1572 1661 ·
1600 1633 1694 1669 Cum

194 1697 313 1727 autem
331 1692 485 1739 aliquem
503 1693 647 1728 illorum
667 1693 892 1728 infirmorum
912 1692 1003 1728 mori
1021 1692 1213 1739 contigerit
1239 1711 1247 1719 ·
1269 1691 1325 1727 vel
1344 1691 1387 1726 de
1406 1691 1514 1726 domo
1533 1691 1696 1739 predi&a

194 1749 370 1785 recefl'erit
399 1770 406 1777 ·
436 1751 550 1786 donec
569 1751 752 1799 prediems
770 1763 941 1786 numerus
959 1750 1181 1798 compleatur
1198 1762 1262 1797 per
1280 1762 1337 1785 me
1354 1749 1412 1785 vel
1430 1749 1578 1784 heredes
1596 1762 1694 1785 meos

193 1806 282 1842 alius
299 1807 558 1855 presentabitur
577 1814 612 1843 et
629 1807 832 1843 instituetur
853 1827 861 1835 ·
884 1807 995 1850 Quod
1012 1812 1053 1842 ut
1070 1812 1188 1842 ratum
1207 1812 1243 1842 et
1261 1806 1406 1841 firmum
1424 1807 1462 1841 in
1479 1812 1693 1855 perpetuum

194 1864 366 1900 habeatur
394 1866 535 1913 presens
565 1866 732 1913 scriptum
765 1878 845 1900 cum
877 1864 989 1913 figillo
1018 1878 1099 1900 meo
1129 1865 1279 1912 dignum
1307 1864 1394 1899 duxi
1421 1864 1665 1900 roborandum
1685 1884 1692 1892 ·

196 1920 278 1956 Hiis
296 1922 438 1958 testibus
468 1942 476 1950 ·
513 1923 659 1958 domino
680 1922 831 1958 Andrea
849 1923 1010 1970 episcopo
1047 1941 1055 1950 ·
1092 1922 1132 1958 F·
1153 1922 1290 1958 decano
1327 1941 1335 1949 ·
1373 1921 1424 1956 H·
1443 1922 1694 1958 archidiacono

195 1979 408 2015 moraviensi
437 1999 445 2007 ·
476 1979 526 2014 H·
557 1981 693 2016 decano
724 1979 881 2016 Rofl'enfi
909 1980 1041 2015 vicario
1069 1978 1283 2016 moraviensi
1314 1999 1322 2007 ·
1355 1979 1499 2014 Thoma
1528 1979 1694 2015 hostiario

196 2036 372 2084 [vicario]
393 2037 437 2072 de
457 2037 634 2084 Inuernys
653 2057 661 2065 ·
682 2037 739 2072 W·
760 2038 869 2073 Prath
889 2036 1065 2085 [vicario]
1085 2037 1129 2073 de
1149 2037 1384 2072 Inuernarrin
1411 2056 1419 2064 ·
1450 2037 1496 2072 R·
1517 2036 1692 2085 [vicario]

195 2094 238 2129 de
257 2094 391 2142 Forays
419 2114 427 2122 ·
456 2095 513 2129 W·
532 2095 641 2131 fratre
663 2108 743 2131 meo
769 2115 777 2123 ·
810 2095 859 2130 H·
880 2094 1040 2131 Corbeth
1076 2114 1084 2122 ·
1121 2095 1277 2142 Symone
1297 2094 1430 2130 vicario
1453 2094 1497 2130 de
1516 2094 1693 2130 Dulbath-

194 2151 273 2187 lach
288 2171 297 2179 ·
318 2151 368 2186 H·
389 2152 573 2200 capellano
588 2166 668 2188 meo
689 2172 697 2181 ·
716 2152 776 2200 qui
794 2153 886 2188 hanc
904 2158 1037 2188 cartam
1055 2151 1186 2200 scripsit
1204 2172 1212 2180 ·
1233 2152 1387 2188 Wadino
1406 2152 1570 2188 scutifero
1589 2165 1668 2187 meo
1682 2171 1690 2179 ·

196 2213 231 2243 et
248 2209 369 2244 multis
385 2209 462 2245 aliis
480 2230 488 2237 ·
