2060 2660
55 742 120 774 181

542 175 859 212 REGISTRUM
887 177 1251 216 MORAVIENSE.
1566 187 1634 218 211

147 278 241 314 cium
264 275 353 311 illud
378 274 426 310 est
446 275 586 310 nullum
605 280 641 310 et
658 273 683 309 fi
699 274 877 322 judicium
902 275 970 310 dici
989 275 1117 311 debeat
1136 277 1173 310 in
1191 277 1223 311 se
1242 276 1290 312 est
1310 279 1492 324 putridum
1511 286 1546 315 et
1564 293 1638 315 cor-

148 340 292 381 ruptum
308 353 316 361 ·
346 332 390 368 In
409 332 509 380 cujus
527 332 579 368 rei
597 332 836 368 testimonium
850 332 1070 378 presentibus
1085 331 1236 380 sigillum
1251 334 1356 369 officii
1374 335 1480 371 nostri
1494 337 1641 372 fecimus

147 391 277 439 apponi
301 390 396 438 apud
424 390 533 425 Perth
554 388 718 426 vicefimo
737 390 854 438 primo
873 390 930 426 die
949 390 1104 438 ejusdem
1124 389 1248 426 menfis
1267 390 1437 427 Octobris
1455 406 1548 428 anno
1568 394 1642 429 Do-

148 449 234 485 mini
253 451 409 486 ·‹n⁰·ccc⁰·
430 447 660 496 nonogesimo
679 448 810 484 octavo
830 467 838 475 ·

150 621 303 659 monitio
322 627 448 657 contra
466 626 681 670 occupantes
698 626 811 657 terras
830 621 874 658 de
895 621 1067 670 Kynmily
1083 640 1091 648 ·

152 736 351 772 Willelmus
376 737 601 772 miseratione
627 736 748 772 divina
773 736 955 783 episcopus
974 734 1205 773 moraviensis
1226 736 1373 772 domino
1392 737 1564 772 Donaldo
1591 737 1649 773 de-

150 808 240 830 cano
261 794 533 831 Christianitatis
552 795 596 830 de
617 794 808 843 Inuernyss
826 800 862 830 et
880 794 1064 842 capellano
1086 794 1281 842 parochiali
1302 793 1442 830 ecclefie
1462 795 1505 830 de
1526 795 1651 831 Inuer-

150 852 228 901 nyss
242 858 278 888 et
294 866 420 888 eorum
439 852 584 888 cuilibet
602 852 749 888 salutem
768 853 806 887 in
825 853 986 888 Domino
1006 858 1041 888 et
1060 853 1250 900 diligenter
1268 853 1453 888 attendere
1472 858 1507 888 et
1525 854 1650 900 exequi

150 910 369 959 infrascripta
384 930 391 938 ·
421 910 548 956 Nuper
575 910 800 958 displicenter
826 911 1026 958 accepimus
1052 910 1150 958 quod
1171 910 1381 958 magnificus
1399 911 1453 945 vir
1471 916 1507 947 et
1525 916 1651 959 potens

152 968 362 1003 Alexander
390 968 434 1003 de
457 968 585 1004 Infulis
609 968 775 1004 dominus
800 968 844 1004 de
863 967 1049 1004 Lochabre
1071 968 1298 1015 quorundam
1322 968 1488 1004 seductus
1510 967 1652 1004 consilio

152 1026 234 1061 licet
253 1026 296 1061 de
312 1025 396 1074 jure
414 1039 488 1061 non
507 1026 618 1072 poffet
636 1026 680 1061 de
697 1026 794 1061 facto
818 1031 939 1061 tamen
963 1026 1110 1061 donavit
1134 1032 1266 1061 terram
1293 1027 1337 1061 de
1357 1025 1541 1075 Kynmyly
1558 1026 1654 1074 supe-

152 1084 246 1119 riore
263 1083 451 1131 Raynaldo
470 1083 793 1132 macAlyschandir
808 1103 816 1111 ·
837 1090 872 1119 et
891 1090 1023 1119 terram
1043 1084 1087 1119 de
1108 1084 1291 1132 Kynmyly
1310 1084 1478 1120 inferiore
1496 1084 1653 1121 Johanni

153 1142 196 1177 de
217 1140 403 1177 Chelhelm
425 1141 468 1176 de
486 1141 520 1177 le
535 1140 638 1177 Arde
657 1161 665 1169 ·
685 1147 720 1177 et
738 1142 884 1190 yharam
904 1142 948 1177 de
965 1141 1148 1190 Kynmyly
1163 1142 1330 1177 inferiore
1345 1142 1403 1178 seu
1422 1141 1525 1190 ipfius
1543 1142 1653 1178 custo-

154 1199 247 1234 diam
265 1199 424 1235 ,Iohanni
444 1199 600 1247 Qwhyte
621 1198 787 1247 burgensi
808 1199 852 1234 de
873 1199 1063 1247 Inuernyss
1091 1218 1099 1227 ·
1126 1212 1195 1246 que
1219 1204 1314 1235 terre
1341 1205 1377 1235 et
1402 1200 1486 1235 ville
1509 1200 1656 1235 fuerunt

155 1262 189 1292 et
216 1257 296 1292 sunt
320 1269 401 1292 cum
426 1257 537 1304 yhara
558 1257 721 1305 predi&a
738 1262 774 1292 et
792 1257 1016 1304 pertinentiis
1033 1256 1110 1291 aliis
1134 1255 1274 1292 ecclefie
1293 1255 1523 1293 moraviensis
1551 1263 1587 1293 et
1610 1258 1655 1293 ad

154 1314 261 1362 ipsam
285 1314 538 1362 pertinuerunt
555 1327 576 1349 a
593 1320 755 1362 tempore
780 1314 824 1349 de
846 1314 947 1362 cujus
973 1314 1075 1349 initio
1103 1315 1276 1350 memoria
1302 1315 1487 1350 hominum
1512 1315 1550 1350 in
1573 1328 1656 1351 con*

155 1372 305 1407 trarium
329 1385 404 1407 non
428 1371 542 1407 existit
557 1392 565 1399 ·
585 1385 629 1408 ex
653 1372 843 1420 largitione
866 1372 1067 1407 Alexandri
1088 1372 1181 1420 regis
1206 1372 1323 1408 Scotie
1346 1392 1354 1399 ·
1380 1378 1415 1408 et
1441 1373 1478 1408 in
1505 1386 1656 1420 quarum

155 1428 359 1477 pofl'effione
388 1430 646 1478 predecessores
674 1429 783 1465 nostri
811 1429 963 1478 episcopi
991 1430 1232 1466 moravienses
1259 1430 1405 1466 fuerunt
1433 1436 1469 1466 et
1496 1443 1561 1466 nos
1591 1444 1656 1479 pro

156 1494 320 1534 tempore
339 1487 458 1522 nostro
476 1487 608 1523 suimus
626 1493 662 1523 et
680 1488 799 1523 sumus
816 1487 961 1536 pacifice
980 1493 1015 1523 et
1033 1488 1151 1535 quiete
1170 1488 1263 1523 salva
1279 1488 1431 1535 presenti
1453 1494 1658 1524 controver-

157 1543 202 1580 sla
221 1565 229 1572 ·
258 1545 316 1580 Ne
335 1546 444 1593 igitur
462 1550 603 1580 tantum
623 1545 754 1580 malum
780 1546 818 1580 in
843 1546 1036 1593 dampnum
1060 1551 1095 1581 et
1116 1545 1353 1593 prejudicium
1378 1544 1519 1582 ecclefie
1541 1546 1656 1582 nostre

156 1608 192 1637 et
213 1602 371 1638 nostrum
391 1608 426 1638 et
443 1602 480 1637 in
499 1603 735 1650 prejudicium
754 1603 957 1638 donationis
975 1603 1072 1650 regie
1090 1603 1280 1638 invalescat
1298 1622 1306 1630 ·
1331 1603 1431 1638 vobis
1452 1608 1488 1638 et
1506 1603 1657 1639 vestrum

156 1660 302 1695 cuilibet
332 1660 392 1695 sub
421 1673 514 1708 pena
542 1660 715 1696 canonica
742 1660 963 1708 injungimus
991 1667 1026 1696 et
1054 1661 1264 1696 mandamus
1289 1666 1464 1708 quatenus
1492 1661 1660 1709 predffifis

158 1717 347 1765 Raynaldo
367 1724 402 1753 et
419 1718 578 1755 Johanni
597 1724 632 1754 et
650 1731 774 1753 eorum
791 1718 1081 1766 procuratoribus
1098 1718 1157 1754 seu
1174 1718 1362 1754 attornatis
1379 1717 1404 1754 fi
1421 1732 1510 1766 quos
1528 1719 1659 1755 habent

156 1775 344 1811 inhibeatis
363 1781 399 1811 et
416 1775 570 1811 vestrum
589 1775 737 1823 quilibet
756 1776 913 1811 inhibeat
934 1776 995 1811 sub
1019 1789 1112 1822 pena
1138 1776 1517 1812 excommunicationis
1542 1790 1588 1813 ne
1616 1778 1659 1813 de

128 1851 130 1853 ·
157 1833 262 1868 dictis
285 1833 389 1868 terris
413 1833 471 1869 vel
499 1847 620 1869 earum
649 1833 846 1869 redditibus
870 1834 928 1869 vel
955 1834 999 1869 de
1025 1834 1122 1869 dicta
1142 1834 1253 1882 yhara
1278 1834 1311 1869 se
1335 1834 1577 1870 intromittant
1602 1836 1660 1871 sed

156 1891 366 1939 permittant
383 1904 449 1926 nos
467 1897 502 1927 et
521 1890 700 1927 ecelefiam
718 1892 978 1928 moraviensem
997 1892 1099 1927 dictis
1116 1892 1220 1927 terris
1237 1892 1395 1939 gaudere
1413 1892 1557 1940 pacifice
1574 1891 1660 1929 ficut

159 1949 418 1997 predecessores
445 1949 553 1984 nostri
581 1962 639 1985 eas
665 1949 811 1998 pacifice
837 1947 1057 1997 poflidebant
1075 1969 1083 1977 ·
1112 1949 1160 1985 Et
1184 1949 1262 1985 istas
1287 1950 1502 1985 monitiones
1526 1956 1599 1986 tam
1625 1951 1662 1986 in

159 2005 301 2043 ecclesia
319 2006 443 2042 diebus
458 2007 661 2042 Dominicis
679 2013 715 2042 et
732 2007 861 2043 festivis
874 2020 980 2055 quam
999 2007 1043 2042 ad
1062 2020 1205 2043 crucem
1223 2007 1261 2042 in
1278 2008 1357 2043 foro
1375 2008 1412 2043 in
1431 2008 1554 2044 diebus
1572 2022 1661 2044 nun-

162 2064 326 2100 dinarum
343 2070 378 2100 et
392 2065 459 2100 fori
475 2065 524 2100 ita
538 2065 679 2111 publice
693 2065 919 2113 proclametis
933 2070 968 2100 et
981 2065 1116 2101 faciatis
1129 2065 1342 2113 proclamari
1360 2066 1457 2113 quod
1474 2066 1519 2101 ad
1538 2079 1662 2102 eorum

160 2122 321 2157 notitiam
342 2121 444 2171 possit
462 2121 697 2158 verisimiliter
715 2123 904 2171 pervenire
921 2142 929 2151 ·
949 2129 986 2158 et
1002 2123 1255 2159 nichilominus
1273 2122 1350 2172 ipfis
1369 2123 1558 2172 Raynaldo
1574 2143 1582 2151 ·
1601 2124 1662 2160 Jo-

161 2179 271 2215 hanni
289 2186 324 2215 et
341 2180 500 2217 ,Iohanni
529 2186 564 2216 et
589 2193 714 2216 eorum
739 2181 927 2216 attornatis
950 2194 1031 2216 cum
1049 2180 1150 2216 vobis
1172 2181 1395 2217 occurrerint
1413 2181 1471 2217 seu
1490 2195 1549 2216 eos
1568 2182 1662 2217 inve-

162 2237 238 2273 nire
258 2238 421 2286 poteritis
446 2239 616 2274 intimetis
641 2244 681 2274 ut
704 2239 748 2274 ab
770 2238 909 2287 injuriis
926 2238 959 2274 se
977 2244 1180 2287 temperent
1198 2239 1388 2275 antediGtis
1407 2259 1415 2267 ·
1439 2245 1473 2274 et
1491 2252 1598 2274 unam
1618 2239 1660 2274 de
