2060 2660
589 154 906 190 REGISTRUM
934 154 1297 194 MORAVIENSE.
1636 167 1684 203 93

187 259 400 302 perpetuum
416 252 500 301 jure
518 257 728 301 patronatus
746 253 925 288 dictarum
943 253 1205 301 prebendarum
1224 260 1260 290 et
1277 256 1536 303 presentatione
1554 261 1598 296 ad
1617 262 1684 297 eas-

187 312 267 347 dem
286 311 589 359 quotienscunque
607 311 813 346 vacaverint
825 330 833 339 ·
847 311 949 346 nobis
967 311 1073 346 etiam
1093 317 1129 346 et
1146 312 1302 359 capitulo
1321 313 1439 349 nostro
1457 316 1572 352 eidem
1590 318 1685 354 Wal-

186 375 264 405 tero
282 374 317 404 et
335 368 524 404 heredibus
542 368 610 404 suis
629 369 665 403 in
683 374 897 416 perpetuum
920 369 1074 404 fideliter
1092 374 1128 404 et
1146 369 1373 417 solempniter
1397 373 1684 418 promittentibus

184 431 220 462 et
246 426 524 461 concedentibus
548 432 589 461 ut
611 431 684 462 tam
706 426 777 474 ipse
799 439 904 473 quam
929 426 1004 475 ejus
1022 427 1171 462 heredes
1190 427 1355 462 omnibus
1373 428 1501 464 futuris
1519 434 1684 479 tempori-

184 483 248 519 bus
274 484 551 531 quotiescunque
577 484 776 532 prebendas
802 497 928 519 vacare
954 484 1146 532 contigerit
1172 484 1230 520 vel
1260 497 1383 520 earum
1414 486 1526 522 altera
1547 489 1685 535 presen-

182 541 281 576 tandi
310 542 355 576 ad
384 555 442 577 eas
468 542 565 577 viros
587 542 748 589 ydoneos
770 541 827 577 vel
850 542 896 577 ad
918 542 1066 577 alteram
1092 555 1215 577 earum
1238 542 1424 590 personam
1447 543 1624 591 ydoneam
1647 547 1684 581 li-

182 598 302 634 beram
329 599 482 635 habeant
508 599 714 635 facultatem
741 597 812 634 fine
839 599 996 646 qualibet
1019 600 1307 636 contradictione
1326 600 1382 635 vel
1399 600 1655 649 impedimento
1675 623 1682 631 ·

181 663 217 692 et
242 658 339 705 quod
365 671 549 705 nunquam
575 670 639 705 per
665 670 732 692 nos
755 657 813 693 vel
839 657 1048 693 successores
1074 657 1211 692 nostros
1234 657 1292 693 vel
1313 670 1377 705 per
1395 659 1590 706 capitulum
1609 662 1685 696 nos-

180 720 276 750 trum
295 715 352 751 vel
378 728 442 763 per
468 715 623 762 aliquem
650 715 694 750 de
718 715 875 763 capitulo
894 714 1013 750 nostro
1031 715 1135 763 super
1146 715 1231 763 jure
1249 715 1493 751 advocationis
1510 718 1685 764 predicta-

179 786 258 808 rum
276 773 540 821 prebendarum
563 772 757 808 molestiam
782 773 936 820 aliquam
957 772 1033 808 ullo
1051 786 1209 820 unquam
1228 778 1391 821 tempore
1414 773 1593 810 sustinebit
1612 776 1680 823 ipse

178 830 235 866 vel
252 831 378 878 aliquis
395 831 567 866 heredum
592 831 736 866 suorum
755 850 763 858 ·
789 830 839 866 set
856 831 1047 879 presentati
1064 831 1108 866 ab
1127 844 1170 866 eo
1187 831 1246 866 vel
1264 831 1437 866 heredum
1456 831 1601 867 suorum
1619 833 1680 868 ali-

178 902 249 936 quo
276 889 406 937 ydonei
433 888 503 925 fine
528 889 735 924 difficultate
763 894 799 924 et
826 902 927 924 more
946 889 1129 937 dispendio
1147 889 1384 924 admittentur
1402 894 1437 924 et
1455 889 1683 926 instituentur

179 952 214 981 et
232 946 503 982 installabuntur
535 966 543 974 ·
581 951 617 982 et
635 946 765 982 eisdem
783 946 1006 981 libertatibus
1025 951 1061 981 et
1078 946 1362 982 immunitatibus
1380 946 1589 994 gaudebunt
1607 948 1681 995 qui-

178 1003 242 1038 bus
255 1004 414 1051 gaudent
432 1004 594 1039 canonici
613 1003 880 1039 Lincolnienses
902 1023 910 1031 ·
935 1003 1036 1038 salvis
1054 1004 1156 1039 nobis
1178 1009 1214 1039 et
1236 1003 1485 1039 successoribus
1504 1004 1628 1040 nostris
1646 1006 1684 1041 in

177 1062 411 1109 parochianos
437 1062 681 1110 predictarum
707 1060 932 1097 ecclefiarum
958 1060 1130 1108 potestate
1160 1060 1348 1109 episcopali
1374 1066 1411 1097 et
1432 1061 1683 1109 jurisdictione

177 1119 336 1166 plenaria
363 1125 398 1155 et
425 1120 597 1155 canonica
615 1138 624 1147 ·
653 1119 747 1154 Item
770 1119 814 1154 de
832 1118 1020 1154 voluntate
1043 1124 1079 1154 et
1101 1118 1269 1154 consensu
1289 1118 1439 1154 lValteri
1458 1119 1501 1155 de
1520 1121 1684 1156 moravia

177 1176 240 1211 filii
258 1177 438 1224 quondam
456 1176 625 1225 Hugonis
644 1177 687 1212 de
703 1176 867 1213 moravia
879 1176 1022 1224 patroni
1036 1175 1178 1212 ecclefie
1193 1176 1237 1212 de
1251 1176 1422 1224 Dufphus
1437 1177 1682 1214 constituimus

176 1247 286 1269 unam
313 1234 531 1282 prebendam
558 1239 594 1270 et
620 1247 698 1270 eam
723 1231 975 1281 affignavimus
998 1234 1160 1282 predicte
1187 1232 1328 1269 ecclefie
1352 1233 1469 1270 nostre
1487 1235 1683 1271 cathedrali

177 1291 220 1327 de
239 1292 363 1327 eadem
383 1291 526 1328 ecclefia
544 1292 588 1328 de
608 1291 778 1340 Dufphus
804 1304 886 1326 cum
915 1291 1081 1327 omnibus
1107 1291 1153 1326 ad
1180 1304 1259 1326 eam
1281 1290 1373 1340 juste
1391 1292 1653 1340 pertinentibus
1672 1312 1680 1320 ·

175 1355 316 1385 retento
341 1355 376 1385 et
400 1350 561 1385 conceffo
580 1350 678 1385 dicto
698 1349 859 1385 Waltero
879 1354 914 1384 et
932 1349 1122 1384 heredibus
1143 1348 1211 1384 suis
1228 1348 1267 1384 in
1284 1356 1498 1397 perpetuum
1526 1350 1570 1386 de
1597 1363 1681 1386 con-

174 1406 271 1442 sensu
284 1407 429 1455 capituli
443 1407 551 1443 nostri
559 1407 643 1455 jure
659 1411 868 1455 patronatus
882 1412 918 1442 et
931 1406 1192 1455 presentatione
1205 1406 1251 1442 ad
1265 1407 1416 1442 eandem
1432 1407 1681 1454 quotienscun-

175 1477 244 1511 que
262 1466 442 1501 vacaverit
460 1485 468 1493 ·
488 1465 584 1501 facta
601 1465 709 1501 etiam
727 1479 748 1500 a
765 1464 868 1500 nobis
895 1470 931 1500 et
957 1464 1114 1513 capitulo
1136 1463 1256 1499 nostro
1280 1464 1444 1512 predicto
1464 1464 1626 1500 Waltero
1645 1471 1682 1501 et

173 1522 364 1558 heredibus
391 1522 459 1557 suis
486 1523 524 1558 in
550 1528 765 1571 perpetuum
789 1522 886 1558 fideli
913 1527 949 1557 et
976 1522 1149 1570 solempni
1175 1520 1358 1570 sponfione
1386 1534 1492 1569 quam
1516 1522 1680 1570 predicto

175 1578 335 1615 Waltero
354 1580 398 1616 de
417 1581 580 1617 moravia
597 1580 671 1616 filio
689 1580 871 1628 quondam
890 1579 1061 1615 Willelmi
1081 1580 1124 1615 de
1144 1579 1308 1616 moravia
1328 1592 1394 1615 nos
1420 1585 1456 1615 et
1483 1580 1679 1628 capitulum

173 1635 331 1672 nostrum
349 1637 453 1685 supra
470 1638 829 1673 commemoravimus
846 1637 960 1673 fecifl'e
978 1638 1016 1672 in
1030 1637 1196 1673 omnibus
1211 1642 1246 1672 et
1260 1649 1324 1684 per
1339 1637 1460 1672 omnia
1474 1656 1483 1664 ·
1503 1636 1679 1674 Canonici

173 1699 292 1730 autem
311 1695 372 1742 qui
389 1695 435 1730 ad
452 1695 752 1743 presentationem
770 1695 923 1743 predicti
939 1694 1090 1730 Walteri
1112 1695 1177 1730 filii
1196 1694 1367 1742 Hugonis
1383 1695 1584 1742 predictam
1602 1708 1680 1743 pre-

171 1752 325 1787 bendam
350 1752 395 1788 de
419 1753 589 1801 Dufphus
615 1753 734 1801 adepti
760 1753 894 1788 fuerint
921 1765 999 1788 eam
1022 1752 1206 1788 habebunt
1233 1752 1324 1788 adeo
1351 1752 1463 1788 libere
1491 1772 1500 1780 ·
1529 1753 1650 1800 quiete
1669 1773 1677 1781 ·

114 1816 117 1818 ’
172 1809 329 1857 plenarie
360 1815 396 1846 et
426 1810 624 1846 honorifice
650 1824 733 1846 cum
765 1809 907 1847 ecclefie
939 1811 983 1846 de
1010 1810 1181 1859 Dufphus
1205 1809 1308 1858 justis
1338 1810 1562 1858 pertinentiis
1592 1809 1679 1847 ficut

172 1872 288 1903 cetere
305 1868 485 1916 prebende
504 1882 590 1916 quas
607 1881 673 1904 nos
692 1867 834 1905 ecclefie
851 1868 968 1904 nostre
987 1868 1183 1904 cathedrali
1201 1868 1365 1903 dedimus
1389 1873 1426 1904 et
1447 1867 1678 1905 concessimus

171 1929 211 1960 ut
226 1924 331 1973 supra
347 1925 517 1974 scriptum
536 1926 585 1961 est
603 1945 611 1954 ·
630 1926 775 1962 liberius
794 1946 802 1955 ·
822 1926 976 1974 quietius
995 1945 1004 1954 ·
1028 1926 1210 1975 plenarius
1237 1931 1273 1961 et
1296 1926 1592 1962 honorificentius
1618 1926 1676 1962 ha-

171 1981 300 2018 bentur
316 1988 352 2018 et
369 1982 589 2031 poffidentur
604 2003 612 2011 ·
628 1989 664 2019 et
678 1984 942 2032 respondebunt
955 1983 1059 2019 nobis
1073 1990 1109 2020 et
1122 1983 1372 2020 succefl'oribus
1386 1983 1511 2019 nostris
1530 1984 1574 2020 de
1593 1985 1676 2033 epis-

171 2039 350 2088 copalibus
369 2060 377 2068 ·
406 2040 574 2077 Preterea
596 2040 779 2077 statuimus
802 2054 913 2077 unam
936 2041 1155 2090 prebendam
1180 2047 1216 2078 et
1240 2055 1318 2078 eam
1345 2042 1506 2090 predicte
1533 2041 1675 2078 ecclefie

171 2098 363 2133 cathedrali
381 2097 631 2147 aflignavimus
649 2099 692 2135 de
710 2100 897 2136 voluntate
916 2105 953 2135 et
970 2100 1140 2136 consensu
1159 2100 1296 2136 domini
1311 2099 1468 2135 Gilberti
1485 2099 1549 2134 filii
1562 2113 1674 2147 quon-

172 2155 252 2191 dam
270 2156 409 2191 comitis
427 2157 471 2192 de
490 2157 701 2205 Stratheryn
718 2158 862 2205 patroni
880 2156 1021 2194 66616116
1041 2158 1085 2194 (16
1104 2158 1246 2194 Dothol
1275 2177 1284 2185 ·
1314 2158 1358 2194 de
1383 2157 1507 2193 eadem
1532 2155 1673 2192 ecclefia

172 2212 215 2248 de
233 2213 372 2249 Dothol
397 2227 478 2249 cum
497 2214 662 2250 omnibus
680 2215 725 2250 ad
743 2228 822 2250 eam
838 2215 931 2264 juste
954 2216 1216 2264 pertinentibus
1247 2235 1256 2243 ·
1292 2215 1352 2263 qui
1370 2215 1414 2250 de
1432 2214 1617 2250 voluntate
1636 2219 1671 2249 et

171 2270 336 2306 consensu
363 2272 507 2319 capituli
535 2272 643 2308 nostri
670 2272 707 2308 in
735 2273 858 2309 eadem
886 2273 1002 2309 forma
1025 2279 1061 2310 et
1085 2273 1214 2309 eisdem
1242 2272 1505 2309 conditionibus
1528 2276 1600 2307 tam
1625 2271 1669 2307 de
