2060 2660
266 684 335 720 198

363 175 436 208 234,
754 171 1072 209 REGISTRUM
1101 171 1468 209 MORAVIENSE.

366 272 488 308 Sancti
507 271 627 320 Egidii
645 271 827 307 consentio
846 277 881 307 et
899 271 1074 307 subscribo
1094 291 1102 299 ·
1135 271 1215 318 Ego
1234 270 1421 306 Gilbertus
1440 269 1613 304 Richardi
1634 282 1728 306 unus
1753 272 1867 319 capel-

364 330 528 366 lanorum
547 330 591 365 de
611 329 784 365 Catbollis
810 329 985 365 subscribo
1006 349 1014 357 ·
1052 329 1099 364 Et
1117 341 1185 376 ego
1203 328 1386 365 Johannes
1406 326 1579 362 Willelmi
1596 328 1800 376 capellanus
1822 329 1866 365 de

364 387 538 437 Catpollis
556 387 738 424 consentio
757 393 793 423 et
811 387 986 423 subscribo
1003 407 1011 414 ·

365 562 601 598 Confirmatio
620 562 814 610 regalitatis
830 580 837 588 ·

362 677 517 714 Jacobus
537 678 608 713 Dei
626 677 741 725 gratia
762 677 842 711 Rex
862 676 1051 711 Scotorum
1072 672 1237 708 omnibus
1261 672 1381 720 probis
1405 672 1609 709 hominibus
1636 675 1745 711 totius
1772 682 1866 713 terre

362 735 420 771 sue
447 736 583 771 clericis
609 741 645 771 et
669 735 765 770 laicis
792 734 937 769 salutem
958 752 965 759 ·
995 731 1121 767 Sciatis
1148 744 1214 765 nos
1241 730 1276 765 in
1302 730 1446 766 laudern
1472 737 1507 767 et
1535 732 1686 779 gloriam
1711 733 1812 771 beate
1832 742 1867 771 et

363 793 546 828 individue
571 793 758 828 Trinitatis
785 805 825 826 ac
852 790 1105 826 exaltationem
1135 787 1276 824 ecclesie
1303 789 1515 824 cathedralis
1540 791 1770 827 moraviensis
1790 813 1798 821 ·
1826 808 1866 829 ac

364 864 429 899 pro
448 851 585 899 speciali
610 851 740 886 fiducia
768 848 985 895 cordialique
1011 847 1205 882 dilectione
1224 852 1260 882 et
1277 844 1445 894 singulari
1463 847 1585 883 favore
1603 862 1692 896 quos
1708 852 1867 898 gerimus

362 921 447 956 erga
466 909 701 944 reverendum
722 908 757 942 in
774 906 913 942 Christo
932 911 1068 953 patrem
1089 904 1318 951 nostrumque
1332 905 1551 940 avunculum
1568 905 1753 943 Andrean]
1769 922 1866 944 nune

361 966 561 1014 episcopum
583 965 841 1002 moraviensem
870 969 905 999 et
934 976 999 1011 pro
1029 962 1096 997 suis
1123 962 1220 997 fideli
1252 968 1288 997 et
1315 962 1473 1009 gratuito
1502 962 1648 999 servicio
1675 966 1809 1002 auxilio
1832 974 1865 1002 et

361 1023 504 1059 consilio
520 1023 620 1059 nobis
639 1022 826 1058 retroactis
841 1021 1062 1069 temporibus
1074 1020 1321 1068 multipliciter
1333 1019 1495 1068 impenfis
1509 1027 1545 1056 et
1557 1022 1722 1058 exhibitis
1735 1043 1742 1051 ·
1758 1038 1867 1072 quan-

362 1082 442 1116 dam
458 1088 588 1117 cartam
609 1081 739 1116 factam
760 1086 795 1115 et
813 1079 1008 1115 concessam
1029 1092 1092 1127 per
1106 1078 1287 1126 quondam
1302 1084 1487 1126 parentem
1503 1079 1660 1115 nostrum
1677 1082 1866 1119 recolende

361 1140 531 1174 memorie
550 1152 669 1186 regem
686 1138 862 1175 Jacobum
882 1137 1075 1172 secundum
1090 1156 1098 1164 ·
1111 1136 1214 1184 eujus
1228 1136 1346 1171 anime
1359 1137 1574 1184 propitietur
1591 1138 1688 1174 Deus
1701 1159 1709 1167 ·
1723 1141 1865 1188 prelatis

360 1203 394 1232 et
423 1196 563 1232 ecclesie
588 1196 777 1232 antedictis
806 1196 909 1243 super
937 1195 1119 1230 creatione
1142 1194 1226 1229 ville
1255 1200 1291 1230 et
1321 1194 1466 1230 baronie
1496 1195 1539 1230 de
1567 1196 1686 1244 Spyne
1710 1198 1745 1233 in
1769 1212 1865 1235 mera

359 1255 543 1301 regalitate
570 1260 605 1289 et
632 1254 765 1302 regalia
787 1267 853 1302 pro
877 1266 950 1288 una
969 1253 1045 1288 rosa
1068 1253 1179 1288 rubea
1204 1252 1351 1287 nomine
1376 1252 1455 1288 albe
1477 1252 1579 1288 firme
1604 1255 1788 1292 reddendo
1806 1271 1865 1292 an-

358 1312 492 1347 nuatim
524 1318 558 1347 et
587 1312 792 1348 orationum
824 1311 995 1359 suffragiis
1026 1311 1238 1346 devotarum
1268 1316 1409 1345 tantum
1430 1329 1437 1337 ·
1471 1311 1515 1346 de
1546 1313 1715 1348 mandato
1747 1314 1864 1351 nostro

357 1371 462 1406 visam
482 1370 612 1406 lectam
631 1370 823 1418 inspeetam
844 1375 880 1405 et
899 1369 1091 1416 diligenter
1109 1368 1348 1404 examinatam
1369 1388 1376 1396 ·
1397 1368 1513 1404 sanam
1536 1388 1544 1396 ·
1566 1369 1741 1418 integram
1762 1392 1770 1400 ·
1791 1386 1863 1408 non

357 1429 466 1464 rasam
489 1448 496 1456 ·
517 1442 590 1463 non
615 1428 846 1464 cancellatam
869 1447 877 1455 ·
906 1441 971 1463 nee
994 1428 1030 1462 in
1049 1427 1168 1474 aliqua
1186 1432 1285 1475 parte
1304 1426 1354 1461 sui
1373 1426 1566 1475 suspectam
1585 1428 1629 1463 ad
1649 1429 1794 1476 plenum
1814 1432 1864 1466 in-

357 1486 525 1522 tellexiss'e
553 1487 614 1522 sub
643 1487 708 1522 hac
737 1486 852 1522 forma
880 1506 887 1514 ·
927 1485 1084 1523 Jacobus
1118 1485 1188 1520 Dei
1219 1485 1335 1532 gratia
1365 1484 1446 1519 Rex
1478 1485 1666 1521 Scotorum
1699 1489 1863 1525 omnibus

359 1544 477 1592 probis
496 1544 698 1580 hominibus
717 1545 826 1580 totius
845 1550 939 1579 terre
958 1544 1017 1579 sue
1036 1543 1173 1579 clericis
1197 1549 1233 1578 et
1257 1543 1355 1578 laicis
1373 1542 1519 1578 salutem
1540 1563 1548 1571 ·
1578 1543 1701 1580 Sciatis
1727 1559 1793 1582 nos
1819 1549 1862 1583 ad

359 1602 500 1637 laudem
532 1609 566 1637 et
597 1602 748 1650 gloriam
779 1603 910 1638 Sancte
940 1602 1130 1637 Trinitatis
1162 1621 1169 1629 ·
1202 1600 1455 1636 exaltationem
1485 1600 1626 1637 ecclesie
1654 1604 1863 1641 cathedralis

360 1659 589 1696 moraviensis
614 1680 622 1688 ·
652 1666 686 1695 et
705 1660 750 1695 ob
767 1666 870 1708 grata
897 1660 1061 1708 obsequia
1087 1673 1151 1708 per
1175 1659 1413 1694 reverendum
1433 1659 1470 1694 in
1490 1659 1629 1695 Christo
1648 1667 1783 1708 patrem
1803 1663 1863 1700 Jo-

360 1718 511 1753 hannem
536 1718 736 1766 episcopum
756 1718 1017 1755 moraviensem
1047 1716 1285 1753 consiliarium
1311 1716 1469 1752 nostrum
1498 1718 1680 1764 quondam
1709 1721 1863 1767 genitori

360 1775 478 1811 nostro
498 1776 687 1811 recolende
706 1777 878 1811 memorie
905 1790 968 1824 per
996 1776 1108 1824 ipsum
1138 1775 1385 1823 multipliciter
1411 1775 1567 1823 impensa
1595 1782 1631 1811 et
1658 1778 1759 1813 nobis
1780 1779 1862 1815 fide-

359 1834 440 1868 liter
459 1834 666 1869 continuata
686 1854 693 1861 -
723 1847 789 1869 nee
814 1847 887 1869 non
910 1847 974 1882 pro
998 1834 1107 1870 salute
1139 1834 1257 1869 anime
1286 1832 1402 1868 nostre
1432 1839 1467 1868 et
1488 1834 1603 1869 marie
1630 1836 1753 1882 regine
1780 1851 1862 1872 con-

360 1891 459 1926 sortis
486 1891 601 1927 nostre
626 1891 878 1939 animabusque
905 1892 1188 1940 predecessorum
1209 1897 1244 1927 et
1263 1891 1494 1926 successorum
1523 1891 1724 1928 nostrorum
1744 1913 1752 1922 ·
1780 1908 1862 1930 eon-

359 1948 485 1985 cefliffe
514 1955 549 1984 et
579 1949 746 1997 presentis
778 1956 873 1985 carte
905 1950 1021 1986 nostre
1052 1956 1179 1985 tenore
1210 1949 1440 1985 concedimus
1469 1949 1567 1984 dieto
1598 1952 1797 1987 reverendo
1825 1953 1860 1988 in

360 2007 499 2044 Christo
536 2007 627 2055 patri
658 2007 816 2044 Johanni
848 2008 1011 2056 episcopo
1040 2006 1254 2044 moraviensi
1283 2013 1319 2043 et
1347 2007 1598 2043 successoribus
1626 2008 1694 2044 suis
1721 2010 1860 2046 ecclefie

359 2063 591 2102 moraviensis
616 2065 785 2113 episcopis
802 2065 987 2101 baroniam
1011 2066 1107 2101 suam
1126 2066 1170 2101 de
1190 2066 1308 2114 Spyne
1327 2079 1367 2101 ae
1392 2065 1545 2112 burgum
1575 2066 1618 2101 de
1643 2067 1761 2115 Spyne
1779 2081 1859 2103 cum

360 2121 528 2159 universis
547 2129 582 2158 et
599 2121 742 2169 singulis
761 2123 828 2158 suis
846 2124 1070 2171 pertinentiis
1089 2124 1337 2172 dependentiis
1359 2129 1395 2159 et
1420 2124 1570 2159 annexis
1597 2124 1632 2159 in
1662 2138 1796 2161 meram
1825 2132 1859 2162 et

359 2181 505 2217 liberam
525 2181 746 2228 regalitatem
767 2181 823 2216 seu
844 2181 1013 2228 regaliam
1029 2201 1036 2209 ·
1066 2182 1278 2217 Tenendam
1297 2187 1333 2217 et
1352 2181 1550 2217 habendam
1570 2182 1740 2229 prefatam
1761 2183 1860 2219 baro-

359 2240 451 2275 niam
472 2252 512 2274 ac
531 2238 683 2286 burgum
700 2239 902 2287 predictum
929 2252 1009 2274 cum
1033 2239 1100 2274 suis
1125 2239 1350 2287 pertinentiis
1375 2239 1622 2287 dependentiis
1650 2246 1685 2275 et
1713 2243 1859 2277 annexis

359 2298 456 2333 dieto
480 2297 637 2334 Johanni
662 2297 825 2345 episcopo
849 2296 1062 2333 moraviensi
1086 2303 1122 2333 et
1150 2298 1217 2333 suis
1245 2298 1494 2333 successoribus
1522 2297 1691 2346 episcopis
1719 2299 1858 2335 ecclesie
