2060 2660
564 184 878 222 REGISTRUM
907 186 1265 225 MORAVIENSE.
1588 196 1655 234 175

175 338 365 390 Responfio
385 338 548 387 Episcopi
563 358 570 367 ·

77 450 146 487 156
173 453 393 492 Sanfitiflimo
411 454 449 489 in
467 452 607 490 Christo
628 454 721 501 patri
745 466 785 488 ac
810 454 957 489 domino
976 454 1157 502 Gregorio
1176 455 1296 490 divina
1313 457 1535 503 providentia
1551 459 1659 494 sacro-

171 513 290 548 sanfite
310 512 474 547 Romane
492 524 533 546 ac
550 511 756 546 universalis
781 510 921 546 ecclefie
945 511 1081 547 summo
1103 513 1261 560 pontifici
1286 518 1407 548 orator
1424 514 1504 549 suus
1520 515 1660 550 humilis

172 576 207 606 et
224 570 375 606 devotus
395 568 604 604 Alexander
621 568 804 616 episcopus
822 568 1052 604 moravienfis
1070 570 1106 604 in
1126 570 1244 605 Scotia
1261 583 1342 605 cum
1369 570 1419 606 sui
1446 584 1660 608 recommen-

171 627 314 663 datione
331 626 478 674 supplici
496 626 627 661 devota
644 625 775 673 pedum
795 625 912 660 oscula
929 626 1115 661 beatorum
1142 646 1151 654 ·
1194 626 1390 663 Beatissime
1416 634 1516 676 pater
1543 634 1578 664 et
1602 630 1662 665 do-

171 685 266 720 mine
284 697 358 720 non
376 684 487 719 solum
507 696 552 719 ex
569 682 759 731 perspicuis
778 683 916 718 indiciis
930 696 1054 719 verum
1070 684 1175 719 etiam
1195 697 1239 719 ex
1257 683 1359 732 ipfius
1378 686 1595 733 experientia
1612 687 1662 721 rei

171 743 355 778 evidenter
381 740 515 777 constat
541 746 577 776 et
603 740 723 788 colligi
751 739 863 788 potest
889 741 985 787 quod
1008 742 1174 776 monachi
1192 742 1328 777 mundo
1346 743 1479 778 mortui
1496 749 1581 778 voto
1599 744 1664 779 fre-

171 800 348 848 quentiori
372 799 479 834 hodie
503 798 638 834 mundo
666 797 778 845 magis
804 797 1000 833 inserviunt
1027 804 1063 834 et
1089 799 1229 847 abjecto
1247 804 1320 834 tam
1342 800 1541 835 obedientie
1560 814 1663 847 quam

171 857 387 906 paupertatis
412 855 590 905 propofito
617 855 722 891 nimis
748 855 933 891 affluentes
955 856 1085 891 divitiis
1103 857 1140 891 in
1158 857 1236 892 suos
1255 857 1450 905 superiores
1467 858 1665 905 protervius

171 916 334 963 satagunt
351 914 493 950 saltibus
510 914 668 950 lascivire
684 933 692 941 ·
712 912 863 949 ecclesiis
881 913 1035 961 ipsorum
1050 914 1307 949 monachorum
1328 915 1492 950 maneriis
1509 915 1595 950 locis
1608 928 1667 950 ne-

173 973 323 1009 ceffariis
341 978 376 1009 et
394 972 540 1008 edificiis
559 971 686 1007 dirutis
704 970 890 1007 destrufitis
909 976 944 1006 et
963 971 1125 1007 desolatis
1149 991 1157 999 ·
1182 970 1258 1020 ipfis
1277 973 1382 1007 etiam
1400 971 1549 1008 ecclesiis
1567 986 1668 1008 orna-

174 1030 302 1066 mentis
322 1030 518 1066 necefl'ariis
542 1043 582 1065 ac
611 1029 734 1064 officiis
757 1029 886 1064 divinis
908 1034 943 1064 et
961 1029 1185 1065 sacramentis
1203 1030 1322 1065 vacuis
1348 1043 1388 1065 ac
1414 1028 1507 1077 quafi
1530 1031 1669 1078 penitus

174 1087 346 1123 destitutis
365 1107 373 1115 ·
393 1087 532 1123 vicariis
550 1086 850 1134 conquerentibus
870 1106 878 1114 ·
903 1087 1207 1123 murmurantibus
1230 1087 1451 1135 parochianis
1469 1107 1477 1115 ·
1504 1100 1578 1123 non
1600 1087 1668 1123 fine

173 1145 335 1181 scandalo
353 1145 454 1193 gravi
472 1150 508 1181 et
526 1145 682 1180 clamore
700 1145 820 1180 valido
839 1158 879 1180 ac
897 1145 1096 1180 animarum
1114 1145 1279 1193 periculis
1297 1145 1437 1192 aliisque
1455 1145 1576 1181 multis
1593 1159 1669 1193 gra-

173 1203 274 1238 vibus
292 1208 328 1238 et
346 1202 551 1238 enormibus
576 1203 707 1238 cotidie
728 1202 931 1250 patentibus
949 1216 1017 1250 que
1036 1203 1191 1238 breviter
1209 1203 1343 1238 calamo
1361 1209 1544 1250 nequeunt
1562 1204 1669 1251 expli-

174 1260 245 1296 cari
265 1280 272 1288 ·
301 1261 345 1296 ad
371 1274 525 1308 quorum
553 1260 759 1296 defectuum
778 1260 1070 1296 reformationem
1090 1261 1175 1296 dum
1194 1261 1355 1296 locorum
1374 1261 1543 1296 ordinarii
1561 1266 1602 1296 ut
1619 1267 1668 1297 te-

173 1323 305 1354 nentur
323 1318 542 1354 descendunt
564 1323 599 1354 et
623 1318 775 1354 veniunt
797 1318 959 1354 volentes
986 1317 1190 1353 visitationis
1216 1318 1371 1353 officium
1397 1318 1512 1354 debite
1542 1319 1668 1366 perim-

173 1376 270 1422 plere
293 1375 406 1411 statim
425 1374 486 1424 ipfi
504 1376 669 1412 monachi
696 1382 907 1424 arroganter
931 1381 967 1411 et
989 1376 1202 1424 proterviter
1224 1376 1430 1424 presumunt
1452 1381 1487 1411 et
1508 1376 1669 1423 satagunt

174 1438 299 1469 contra
315 1434 405 1482 ipsos
420 1434 619 1469 ordinarios
637 1434 682 1469 ad
701 1434 948 1482 appellationis
963 1434 1148 1482 diffugium
1163 1434 1352 1469 convolare
1368 1453 1375 1461 ·
1391 1432 1435 1469 fic
1448 1434 1543 1481 quod
1557 1434 1669 1482 sepius

175 1492 359 1539 contingat
377 1497 412 1527 et
430 1492 636 1540 frequenter
653 1492 749 1539 quod
768 1492 969 1540 hujusmodi
989 1492 1149 1527 defectus
1167 1492 1269 1527 ruine
1287 1497 1323 1527 et
1341 1491 1494 1539 dampna
1517 1492 1669 1539 plurima

174 1562 238 1598 per
254 1550 407 1595 ipsorum
430 1550 687 1585 monachorum
717 1550 930 1585 maliciosam
957 1550 1174 1596 proterviam
1200 1549 1379 1585 transeant
1404 1555 1440 1585 et
1463 1555 1669 1585 remaneant

175 1608 375 1643 incorre6‘ffl
393 1627 401 1635 ·
429 1608 557 1654 Nuper
582 1606 751 1655 fiquidem
776 1608 821 1643 ad
846 1621 902 1643 me
924 1607 1070 1643 veniens
1089 1607 1256 1643 Andreas
1274 1606 1334 1643 Ox
1351 1605 1530 1654 presbyter
1549 1607 1670 1643 Sancti

176 1665 323 1701 Andree
342 1664 485 1701 diocesis
503 1671 715 1711 procurator
741 1672 782 1701 ut
809 1666 950 1701 asseruit
975 1670 1011 1701 et
1036 1666 1182 1701 nomine
1200 1665 1448 1711 procuratorio
1468 1664 1617 1700 Abbatis
1635 1670 1669 1700 et

174 1728 372 1759 conventus
401 1723 602 1758 monasterii
631 1723 675 1759 de
704 1723 977 1758 Aberbrothocc
1009 1723 1143 1758 ordinis
1174 1723 1296 1758 Samffi
1328 1722 1515 1757 Benedicti
1536 1722 1670 1768 prefate

176 1781 296 1816 83ηᾶὶί
317 1781 467 1816 Andree
485 1779 629 1816 diocefis
649 1800 657 1809 ·
685 1781 745 1828 qui
764 1781 800 1815 in
821 1779 947 1816 diocefi
965 1794 1045 1816 mea
1063 1778 1276 1817 (Doravienfi
1293 1780 1380 1815 duas
1398 1778 1555 1815 ecclefias
1570 1792 1670 1825 paro-

127 1846 130 1849 “
175 1838 302 1874 chiales
320 1838 486 1874 videlicet
504 1839 547 1874 de
568 1839 744 1886 Inuernys
767 1843 802 1874 et
824 1839 868 1874 de
894 1838 1128 1874 Aberkerdor
1152 1838 1316 1884 optinent
1334 1843 1368 1873 et
1389 1837 1540 1883 ipsarum
1562 1837 1669 1873 eecle-

174 1893 299 1931 fiarum
313 1896 472 1931 refiwres
489 1895 558 1932 five
576 1896 725 1942 persone
740 1902 997 1942 nuncupantur
1015 1915 1024 1924 ο
1043 1896 1223 1943 quoddam
1241 1895 1408 1941 scriptum
1425 1894 1669 1941 appellationis

175 1951 199 1987 fi
214 1952 258 1989 fic
276 1953 345 1989 dici
362 1952 465 2000 poflit
482 1954 540 1989 vel
558 1954 685 1989 debeat
703 1954 849 1988 nomine
874 1959 909 1988 et
936 1966 980 1988 ex
1006 1959 1106 2001 parte
1133 1953 1288 1999 ipsorum
1313 1952 1462 1988 Abbatis
1489 1957 1525 1987 et
1549 1965 1667 1987 mona-

175 2010 322 2046 chorum
341 2011 379 2046 in
397 2010 541 2047 ecclefia
558 2011 750 2047 cathedrali
770 2010 932 2047 moravis
952 2030 960 2038 ·
983 2011 1063 2046 satis
1084 2010 1350 2058 contemptuose
1373 2015 1409 2045 et
1431 2010 1667 2045 irreverenter

175 2073 282 2116 prout
308 2069 345 2103 in
371 2069 443 2117 ipso
466 2069 594 2115 scripto
618 2074 716 2114 patet
736 2088 744 2096 ·
763 2068 849 2103 mihi
868 2068 1028 2103 exhibuit
1046 2087 1054 2096 ·
1074 2068 1111 2103 in
1129 2081 1200 2116 quo
1224 2081 1281 2103 me
1304 2072 1339 2103 et
1362 2080 1383 2102 a
1404 2080 1460 2102 me
1483 2067 1528 2101 ad
1551 2066 1664 2102 sedem

176 2125 397 2174 apostolicam
416 2126 607 2174 appellavit
622 2145 630 2153 ·
649 2126 864 2174 pretendens
882 2130 918 2161 et
935 2125 1092 2173 allegans
1110 2125 1265 2161 rationes
1282 2124 1425 2160 frivolas
1443 2129 1479 2159 et
1496 2123 1664 2158 invalidas

175 2182 419 2231 subsequentes
438 2203 447 2212 ο
480 2184 601 2219 Primo
628 2183 724 2219 enim
750 2183 866 2218 verbis
894 2182 1055 2231 pluribus
1082 2182 1293 2218 intermixtis
1320 2181 1404 2217 dicit
1430 2193 1486 2215 me
1510 2180 1662 2225 prefatos

177 2239 355 2276 Abbatem
382 2247 418 2276 et
443 2241 637 2276 monachos
661 2240 817 2288 gravaffe
844 2240 890 2276 ob
916 2241 953 2276 id
977 2245 1013 2276 et
1037 2253 1081 2276 ex
1105 2253 1148 2276 eo
1175 2240 1271 2287 quod
1295 2238 1355 2287 ipfi
1374 2237 1504 2273 Abbati
1523 2236 1577 2271 vel
1596 2236 1662 2271 suis

176 2298 464 2343 procuratoribus
485 2298 658 2346 denegavi
680 2298 818 2346 copiam
845 2297 1025 2346 cujusdam
1052 2297 1227 2344 procefl'us
1252 2296 1289 2331 in
1314 2295 1462 2342 quadam
1486 2293 1584 2328 causa
1605 2293 1662 2328 de-
