1912 2660
264 145 336 185 374·
659 141 976 178 REGISTRUM
1004 141 1369 178 MORAVIENSE.

267 239 394 288 quibus
413 239 577 276 omnibus
595 245 631 276 et
649 239 793 289 lingulis
810 241 968 289 prefatus
987 241 1153 276 dominus
1172 240 1342 276 Decanus
1360 253 1381 275 a
1399 253 1456 275 me
1474 241 1616 276 notario
1631 241 1774 289 publico

266 297 459 346 subscripto
489 296 549 334 fibi
575 311 690 334 unum
717 299 774 335 vel
803 298 907 347 plura
936 298 1212 334 instrumentum
1243 298 1303 333 seu
1331 297 1564 333 instrumenta
1591 298 1773 344 publicum

268 356 327 391 seu
344 355 487 404 publica
504 356 581 392 fieri
595 356 697 405 petiit
715 376 723 384 ·
752 355 851 392 Acta
869 361 972 391 erant
990 356 1055 391 hec
1073 356 1111 390 in
1129 355 1209 390 loco
1235 355 1422 403 capitulari
1439 355 1653 392 moraviensi
1670 357 1772 394 solito

270 418 306 449 et
331 413 501 450 consueto
530 414 654 450 horam
684 414 825 450 circiter
856 413 1030 449 decimam
1058 418 1141 448 ante
1170 412 1358 448 meridiem
1386 412 1448 447 sub
1474 426 1570 448 anno
1590 433 1597 441 ·
1628 415 1745 451 mense
1764 436 1772 444 ·

269 471 326 507 die
345 491 354 499 ·
383 472 581 508 indietione
600 477 636 507 et
654 471 864 520 pontificatu
883 470 1010 517 quibus
1028 470 1131 518 supra
1150 489 1158 497 ·
1187 469 1407 517 presentibus
1424 470 1557 506 ibidem
1575 474 1774 509 reverendo

269 534 369 577 patre
386 529 548 565 Roberto
567 528 791 577 permissione
806 528 928 564 divina
941 527 1066 562 abbate
1082 527 1126 562 de
1143 526 1297 575 Kynloss
1312 546 1320 554 ·
1336 527 1599 564 venerabilibus
1613 531 1777 578 egregiis-

268 600 337 634 que
368 587 454 622 viris
484 586 655 634 magistris
683 586 838 621 Patricio
866 584 1022 620 Dunbar
1052 584 1259 620 succentore
1287 584 1502 621 moraviensi
1520 605 1528 613 ·
1562 585 1773 623 Alexandro

270 644 487 680 Sutherland
502 645 545 680 de
559 644 715 680 Duffous
727 663 735 671 ·
759 643 921 678 Hectore
937 641 1071 678 Boeeio
1085 642 1180 677 sacre
1195 642 1376 690 theologie
1394 642 1587 688 professore
1603 663 1610 671 ·
1631 644 1774 693 Thoma

270 702 368 738 Piott
392 707 428 738 et
451 702 594 738 Thoma
615 701 699 750 Hay
725 700 916 749 capellanis
944 713 984 735 ac
1013 700 1161 735 notariis
1191 700 1341 748 publicis
1369 700 1512 736 testibus
1540 702 1586 736 ad
1613 704 1775 749 premissa

270 760 403 808 rogatis
421 765 457 795 et
477 758 648 807 requisitis
668 778 676 786 ·

271 817 318 853 Et
337 831 404 865 ego
424 817 591 852 Andreas
610 816 763 852 Seheves
781 815 911 850 artium
931 814 1094 862 magister
1115 814 1380 851 Aberdonenfis
1403 815 1547 852 dioeefis
1572 818 1774 865 capellanus

269 875 365 911 sacra
387 881 423 911 et
450 874 639 923 apostolica
664 873 879 909 a116t0ritate
906 872 1067 908 notarius
1093 872 1256 921 publicus
1282 874 1365 920 quia
1388 874 1516 922 prefati
1543 875 1679 910 domini
1702 876 1774 912 De-

271 933 349 968 cani
367 932 546 968 fidelitatis
571 937 607 967 et
628 930 830 966 obedientie
849 943 915 978 pro
934 930 967 965 se
993 935 1028 966 et
1047 931 1173 966 ceteris
1192 931 1373 967 canonicis
1396 931 1591 980 prestitioni
1611 933 1773 969 omnibus

271 1003 311 1026 ac
339 990 415 1025 aliis
443 989 586 1037 singulis
615 989 701 1024 dum
729 986 773 1023 fic
801 993 842 1023 ut
872 988 1093 1036 premittitur
1120 994 1314 1036 agerentur
1345 989 1550 1025 dicerentur
1581 996 1617 1026 et
1647 991 1773 1027 fierent

270 1061 344 1083 una
367 1061 448 1083 cum
474 1046 672 1093 prenotatis
698 1045 842 1081 testibus
868 1046 1010 1094 presens
1036 1046 1269 1094 personaliter
1290 1046 1436 1083 interfui
1458 1060 1569 1095 eaque
1594 1050 1714 1084 omnia
1738 1055 1772 1085 et

270 1104 406 1153 lingula
431 1104 475 1140 fic
501 1105 579 1140 fieri
602 1104 675 1140 vidi
702 1104 785 1139 scivi
809 1109 845 1139 et
872 1104 993 1139 audivi
1013 1117 1053 1140 ac
1074 1104 1112 1139 in
1133 1109 1256 1139 notam
1275 1105 1353 1153 cepi
1372 1105 1523 1152 ideoque
1547 1106 1615 1141 hoc
1633 1106 1772 1154 presens

271 1163 452 1211 publicum
473 1162 747 1197 instrumentum
766 1161 895 1197 exinde
913 1161 1051 1197 confeci
1070 1167 1105 1197 et
1123 1163 1210 1198 meis
1227 1161 1325 1210 figno
1344 1163 1490 1198 nomine
1509 1169 1545 1199 et
1559 1165 1772 1212 cognomine

271 1226 306 1256 et
323 1220 575 1268 subscriptione
593 1219 702 1255 solitis
720 1223 756 1255 et
774 1219 950 1255 consuetis
967 1218 1100 1268 signavi
1118 1220 1155 1255 in
1177 1219 1284 1256 fidem
1304 1225 1340 1256 et
1358 1220 1596 1256 testimonium
1616 1222 1772 1258 veritatis

272 1278 517 1327 premissorum
535 1282 682 1326 rogatus
701 1282 736 1313 et
754 1275 939 1325 requifitus
954 1296 963 1306 ·
