2060 2660
583 161 902 199 REGISTRUM
929 161 1292 200 MORAVIENSE.
1611 169 1680 206 109

188 264 333 300 cessores
351 262 430 297 suos
447 261 599 297 fideliter
617 266 653 296 et
671 260 731 296 sub
749 273 842 308 pena
859 258 1086 308 suspensionis
1104 279 1113 287 ·
1138 260 1365 296 medietatem
1392 261 1521 298 scilicet
1547 263 1591 299 ad
1617 277 1679 312 pu-

187 321 418 357 rificationem
437 319 539 355 beate
557 319 719 367 Virginis
743 323 779 354 et
804 318 908 353 aliam
930 317 1158 353 medietatem
1176 317 1221 352 ad
1237 316 1360 352 festum
1381 318 1503 355 Sancti
1521 320 1617 356 Petri
1635 322 1680 357 ad

186 378 328 414 vincula
346 397 355 406 ·
380 390 462 413 cum
486 377 578 413 tofto
607 382 643 412 et
670 376 785 412 crofto
814 388 883 423 que
911 375 1076 411 Andreas
1104 374 1286 423 episcopus
1309 376 1538 412 moraviensis
1565 378 1680 414 eidem

187 434 326 472 ecclesie
344 433 527 483 assignavit
546 454 553 463 ·
574 440 609 470 et
628 448 709 470 cum
728 447 771 469 eo
789 433 886 481 quod
904 433 1060 468 solvetur
1078 446 1099 468 a
1115 432 1298 468 monachis
1316 433 1360 468 de
1380 433 1519 481 Kynlos
1536 436 1681 471 nomine

186 493 402 529 decimarum
421 492 632 541 predialium
652 493 696 527 de
712 492 860 539 Burgyn
880 510 888 519 ·
911 491 1114 538 quicunque
1130 503 1216 526 vero
1235 503 1300 539 pro
1319 495 1480 538 tempore
1498 491 1681 528 succentor

186 551 343 587 extiterit
362 550 609 599 juramentum
636 550 815 585 fidelitatis
841 548 1006 597 prestabit
1031 548 1235 597 precentori
1261 552 1297 583 et
1320 547 1569 584 succefforibus
1586 550 1653 584 suis
1673 570 1681 577 ·

187 609 382 644 Succentor
405 621 492 644 vero
517 608 698 644 tenebitur
725 607 790 642 efl'e
817 607 978 642 sacerdos
1006 611 1042 642 et
1069 606 1179 641 alium
1207 605 1324 641 secum
1353 606 1483 642 habere
1510 607 1681 643 vicarium

187 666 400 702 sacerdotem
421 679 486 714 pro
504 665 538 701 se
556 665 624 701 suis
641 665 820 713 stipendiis
838 663 1078 700 sustinendum
1101 683 1109 691 ·
1137 663 1208 712 ipse
1225 676 1312 699 vero
1330 663 1516 699 succentor
1533 663 1683 700 refiden-

186 724 270 759 tiam
296 723 401 759 faciet
426 724 464 759 in
491 721 634 759 ecclesia
656 722 851 759 cathedrali
874 735 941 758 nec
965 721 1077 757 abefl'e
1095 722 1228 769 poterit
1245 720 1309 756 nifi
1326 734 1407 757 cum
1426 722 1572 758 evidens
1589 723 1683 758 utili-

186 787 238 816 tas
255 781 313 817 vel
331 779 511 817 neceffitas
529 781 597 817 hoc
616 781 766 829 exigerit
796 800 804 808 ·
836 785 984 828 optenta
1001 780 1100 828 prius
1117 779 1261 815 licentia
1278 792 1299 814 a
1316 779 1452 827 majore
1471 779 1606 815 decano
1626 781 1682 816 vel

187 838 262 886 ejus
279 839 374 874 vices
391 845 539 887 gerente
560 838 584 874 11
606 839 761 875 decanus
785 838 936 874 abfuerit
960 837 1018 873 vel
1044 842 1198 885 utroque
1225 837 1366 872 absente
1393 851 1413 872 a
1438 837 1605 873 fratribus
1631 851 1684 873 re-

187 895 377 932 sidentibus
395 916 404 924 ·
431 897 645 933 succentoris
663 909 750 933 vero
768 896 921 932 vicarius
945 896 983 931 in
1007 895 1172 931 omnibus
1196 895 1404 931 onerabitur
1421 894 1508 931 ficut
1525 895 1683 944 superius

187 954 324 989 dictum
344 953 391 990 est
409 955 453 990 de
471 955 603 991 vicario
621 955 811 991 subdecani
829 974 838 982 ·
867 954 961 990 Item
987 958 1171 1002 receptum
1199 952 1247 989 est
1273 960 1309 989 et
1334 953 1570 1001 approbatum
1589 967 1683 989 com-

187 1011 344 1047 muniter
361 1018 403 1047 ut
418 1012 456 1047 in
475 1012 603 1048 divinis
621 1012 744 1048 officiis
763 1032 771 1040 ·
791 1012 829 1047 in
846 1011 1027 1060 psallendo
1047 1030 1055 1039 ·
1074 1011 1229 1059 legendo
1249 1031 1257 1039 ·
1277 1016 1313 1047 et
1326 1011 1506 1046 cantando
1521 1030 1530 1039 ·
1549 1024 1590 1047 ac
1608 1011 1684 1047 aliis

188 1068 232 1104 ad
253 1069 373 1104 divina
390 1069 628 1118 spectantibus
646 1070 804 1106 servetur
821 1070 911 1105 ordo
930 1070 990 1117 qui
1009 1069 1047 1104 in
1065 1067 1207 1105 ecclefia
1226 1067 1472 1117 Salisbyryenfi
1490 1068 1556 1105 efl'e
1574 1069 1684 1105 nosci-

187 1132 247 1162 tur
264 1126 442 1163 institutus
461 1147 470 1155 ·
500 1127 592 1164 Item
615 1133 799 1176 receptum
822 1127 871 1163 est
893 1132 928 1163 et
952 1126 1188 1175 approbatum
1206 1127 1445 1162 communiter
1468 1132 1510 1162 ut
1535 1127 1684 1175 quilibet

188 1185 380 1220 canonicus
406 1190 525 1233 preter
551 1186 763 1221 canonicum
790 1186 850 1232 qui
876 1185 1032 1221 celebret
1054 1198 1119 1232 pro
1143 1184 1323 1220 defunctis
1345 1184 1382 1219 in
1405 1184 1461 1220 die
1479 1184 1684 1221 stallationis

188 1241 246 1277 sue
264 1247 430 1277 teneatur
448 1242 533 1278 dare
551 1242 692 1279 ecclefie
711 1243 904 1278 cathedrali
921 1255 1030 1278 unam
1049 1255 1172 1290 capam
1190 1242 1335 1278 sericam
1353 1242 1532 1278 valentem
1554 1243 1599 1278 ad
1621 1244 1684 1279 mi-

187 1312 255 1334 nus
283 1299 371 1335 duas
399 1313 535 1335 marcas
562 1300 812 1348 sterlingorum
843 1320 851 1328 ·
887 1300 1089 1347 quicunque
1119 1313 1206 1335 vero
1234 1299 1427 1335 canonicus
1453 1299 1683 1336 installandus

187 1357 295 1392 fuerit
321 1357 365 1392 ad
392 1357 610 1405 prebendam
628 1358 807 1394 valentem
830 1358 979 1405 triginta
1002 1370 1137 1392 marcas
1154 1357 1212 1393 vel
1234 1357 1314 1405 plus
1338 1357 1375 1392 in
1398 1357 1455 1393 die
1478 1357 1683 1394 stallationis

187 1414 245 1449 sue
273 1414 454 1450 tenebitur
484 1415 529 1450 ad
556 1415 710 1451 dandam
737 1428 861 1464 capam
888 1415 1031 1451 sericam
1059 1420 1114 1450 tot
1139 1427 1340 1450 marcarum
1366 1420 1454 1462 quot
1480 1415 1684 1452 decenarias

188 1485 322 1507 marcas
352 1472 534 1520 prebenda
563 1472 666 1521 ipfius
696 1473 791 1509 valet
818 1474 856 1509 in
886 1472 1083 1509 redditibus
1105 1492 1114 1500 ·
1154 1472 1247 1508 Item
1270 1477 1455 1520 receptum
1482 1472 1530 1508 est
1561 1479 1598 1509 et
1625 1487 1683 1522 ap-

185 1529 375 1576 probatum
398 1531 636 1566 communiter
659 1536 700 1566 ut
722 1530 843 1566 nullus
864 1531 1015 1566 fratrum
1037 1530 1205 1566 credatur
1227 1528 1424 1565 conceffifl'e
1446 1529 1681 1567 instrumento

185 1587 353 1634 pupplico
372 1593 407 1622 et
426 1588 598 1623 duraturo
616 1594 790 1637 perpetuo
809 1587 922 1636 figillo
940 1588 1085 1636 capituli
1108 1587 1289 1623 autentico
1307 1586 1443 1635 fignato
1460 1586 1524 1623 nifi
1541 1588 1614 1636 ipso
1632 1589 1683 1624 in-

185 1643 381 1680 strumento
405 1645 639 1694 subscripserit
663 1659 771 1682 manu
793 1646 937 1695 propria
954 1645 1012 1682 vel
1035 1658 1098 1694 per
1118 1650 1389 1693 procuratorem
1407 1645 1453 1681 ad
1470 1645 1538 1682 hoc
1556 1645 1684 1695 specia-

185 1701 266 1737 liter
280 1702 403 1737 datum
419 1722 427 1730 ·
443 1716 509 1739 nec
523 1703 668 1751 aliquod
682 1703 954 1739 instrumentum
970 1703 1177 1752 pupplicum
1196 1708 1370 1751 perpetuo
1389 1703 1603 1739 duraturum
1621 1704 1683 1740 sub

185 1760 331 1796 nomine
357 1761 503 1809 capituli
529 1761 734 1797 confectum
761 1762 967 1798 firmitatem
998 1761 1153 1808 aliquam
1181 1760 1342 1809 optineat
1368 1759 1432 1796 nifi
1457 1760 1585 1797 habeat
1607 1762 1684 1797 sub-

121 1835 124 1837 >
186 1817 389 1865 scriptiones
407 1818 568 1854 omnium
586 1819 738 1855 fratrum
756 1819 815 1855 vel
833 1819 977 1868 majoris
995 1824 1031 1855 et
1048 1818 1194 1854 sanioris
1213 1818 1323 1867 partis
1340 1818 1486 1867 capituli
1508 1838 1517 1846 ·
1544 1819 1621 1855 aliis
1638 1821 1683 1855 ad

185 1874 252 1910 hoc
270 1876 460 1911 evocandis
479 1877 633 1912 evocatis
651 1882 714 1912 aut
732 1877 931 1913 absentibus
944 1882 1007 1912 aut
1024 1876 1237 1912 subscribere
1254 1876 1373 1912 minus
1385 1875 1477 1925 juste
1495 1877 1684 1914 recusanti-

185 1932 249 1968 bus
268 1952 276 1960 ·
304 1933 397 1970 Item
416 1939 599 1982 receptum
618 1934 666 1970 est
684 1940 720 1970 et
737 1935 973 1983 approbatum
991 1934 1230 1970 communiter
1255 1939 1298 1970 ut
1320 1934 1470 1981 quilibet
1490 1935 1683 1971 canonicus

186 1989 242 2025 vel
259 1989 487 2027 beneficiatus
506 1992 681 2027 decedens
699 1992 757 2028 vel
775 1992 820 2028 ad
837 1992 1048 2041 religionem
1072 1990 1243 2028 tranfiens
1259 1991 1361 2027 suum
1378 1992 1538 2040 plenarie
1556 1993 1683 2030 habeat

186 2048 338 2084 annuale
370 2068 378 2076 ·
411 2049 540 2085 scilicet
558 2063 697 2085 annuos
715 2050 851 2086 reditus
868 2050 1026 2099 plenarie
1043 2050 1191 2098 recipiet
1216 2069 1224 2078 ·
1252 2049 1289 2085 id
1307 2049 1356 2086 est
1373 2049 1448 2099 ejus
1466 2050 1612 2087 nomine
1630 2064 1683 2087 re-

187 2104 362 2152 cipiantur
378 2105 487 2154 usque
510 2107 555 2142 ad
579 2120 714 2143 annum
732 2108 951 2156 completum
975 2121 996 2143 a
1016 2113 1179 2156 tempore
1197 2107 1322 2144 mortis
1339 2107 1443 2156 ipfius
1460 2108 1518 2144 vel
1536 2121 1682 2145 conver-

187 2160 288 2197 fionis
314 2164 577 2200 numerandum
607 2184 615 2192 ·
652 2165 887 2201 convertendi
914 2166 951 2201 in
978 2165 1061 2201 usus
1083 2165 1160 2214 pios
1182 2165 1242 2201 vel
1267 2165 1461 2202 secundum
1486 2166 1584 2213 quod
1610 2166 1681 2214 ipse

188 2218 360 2256 decedens
373 2221 431 2257 vel
449 2222 494 2257 ad
511 2222 723 2270 religionem
737 2221 908 2259 transiens
922 2223 1121 2260 decreverit
1140 2243 1148 2251 ·
1177 2223 1282 2260 Salva
1298 2224 1445 2272 septima
1461 2228 1560 2272 parte
1578 2222 1681 2272 ipfius

187 2277 346 2313 annualis
369 2279 414 2314 ad
438 2279 606 2316 fabricam
631 2279 773 2317 ecclesie
796 2281 1008 2318 cathedralis
1026 2281 1084 2318 vel
1103 2287 1315 2318 ornamenta
1332 2281 1487 2330 ejusdem
1504 2281 1542 2316 in
1559 2293 1681 2329 perpe-
