2060 2660
259 667 329 703 165

356 173 426 208 194
750 168 856 204 REG
864 167 1066 204 ISTRUM
1094 166 1463 204 MORAVIENSE.

355 267 509 303 sentibus
532 267 678 303 domino
698 266 911 303 Vicecomiti
935 267 979 302 de
1000 267 1176 314 Inuernys
1197 266 1255 301 vel
1281 266 1401 300 locum
1429 265 1529 299 suum
1557 265 1695 300 tenenti
1721 265 1858 313 presen-

356 325 472 359 tandis
495 323 644 372 sigillum
671 324 827 360 nostrum
848 324 895 360 est
913 324 1103 372 appensum
1122 343 1130 351 ·
1164 323 1302 358 Datum
1321 322 1415 369 apud
1436 322 1546 369 Spyni
1563 322 1690 370 quinto
1709 323 1765 359 die
1784 323 1860 359 No-

356 382 510 417 vembris
527 395 623 417 anno
644 382 794 417 Domini
813 381 995 417 millefimo
1015 384 1111 417 ·ccc⁰·
1131 377 1348 427 octogesimo
1367 379 1475 414 tertio
1495 398 1503 406 ·

358 554 481 590 Litera
499 555 745 603 procuratoria
762 554 806 589 ad
824 552 1094 601 presentandam
1113 550 1391 599 appellationem
1411 570 1418 579 ·

358 670 537 706 Noverint
564 667 715 705 universi
741 668 836 715 quod
864 680 928 702 nos
952 666 1161 701 Alexander
1184 666 1255 701 Dei
1282 666 1398 713 gratia
1424 666 1607 715 episcopus
1631 667 1862 704 moraviensis

356 728 504 763 facimus
531 733 566 762 et
593 726 835 761 constituimus
859 725 1009 759 dilectos
1031 722 1168 758 nostros
1187 729 1222 758 et
1242 724 1410 759 discretos
1428 724 1524 759 viros
1546 725 1711 761 dominos
1728 726 1863 762 Johan-

358 798 438 820 nem
468 785 512 820 de
538 785 670 819 Sancto
696 783 804 819 Claro
832 781 1107 830 prebendarium
1135 781 1179 815 de
1199 780 1297 829 Croy
1318 801 1326 809 ·
1347 781 1574 817 Eustachium
1608 783 1652 818 de
1686 784 1862 832 Inuernys

358 842 548 878 canonicos
575 840 716 876 eeclefie
743 840 859 875 nostre
889 859 897 866 ·
930 852 995 874 nec
1019 852 1094 873 non
1118 844 1153 873 et
1174 837 1292 874 Adam
1313 838 1428 887 Wyff’
1447 846 1482 874 et
1501 840 1680 876 Thomam
1700 842 1743 876 de
1762 844 1862 878 (Uarr

358 900 548 935 servientes
567 898 703 934 nostros
722 903 756 933 et
775 910 898 932 eorum
919 896 1112 943 quemlibet
1137 896 1173 931 in
1198 896 1347 931 solidum
1368 916 1376 924 ·
1405 897 1454 931 ita
1472 898 1568 944 quod
1586 911 1660 933 non
1679 897 1718 933 fit
1737 899 1863 934 melior

359 957 516 992 conditio
536 956 739 1003 occupantis
759 955 806 990 set
825 955 921 1001 quod
944 967 1037 989 unus
1058 967 1183 989 eorum
1203 954 1376 1002 inceperit
1399 954 1488 989 alius
1512 955 1674 1003 prosequi
1694 956 1811 991 valeat
1829 963 1864 992 et

358 1015 461 1049 finire
474 1034 481 1041 ·
505 1019 754 1062 procuratores
769 1012 907 1047 nostros
926 1017 961 1046 et
980 1017 1180 1047 attornatos
1198 1012 1242 1046 ad
1261 1012 1535 1059 presentandum
1556 1019 1591 1048 et
1610 1014 1863 1062 publicandum

359 1072 505 1106 domino
522 1071 699 1105 willelmo
715 1070 757 1105 de
775 1069 1024 1116 Fodryghame
1039 1070 1178 1116 gerenti
1198 1070 1230 1105 se
1249 1083 1315 1117 pro
1329 1070 1539 1105 vicecomite
1555 1071 1598 1106 de
1616 1071 1793 1119 Inuernys
1806 1072 1864 1107 seu

358 1130 477 1164 locum
505 1129 602 1163 suum
624 1128 759 1163 tenenti
779 1127 1055 1175 appellationem
1074 1127 1227 1162 nostram
1247 1140 1311 1175 per
1329 1140 1395 1162 nos
1417 1127 1658 1176 interpositam
1685 1142 1706 1164 a
1726 1129 1864 1177 judicio

359 1187 441 1222 dato
460 1191 586 1220 contra
605 1199 669 1220 nos
684 1190 723 1220 ut
738 1185 868 1220 dicitur
884 1185 919 1219 in
935 1185 1034 1219 curia
1048 1185 1107 1220 sua
1126 1190 1225 1220 tenta
1242 1185 1336 1232 apud
1357 1185 1535 1233 Inuernys
1554 1186 1650 1221 sexto
1670 1187 1726 1222 die
1742 1186 1865 1222 menfis

359 1243 529 1279 Octobris
554 1243 682 1277 ultimo
705 1242 866 1290 preteriti
885 1242 988 1290 super
1006 1242 1101 1277 secta
1120 1255 1183 1290 per
1202 1255 1267 1277 nos
1286 1243 1382 1278 dicte
1401 1243 1499 1278 curie
1518 1244 1680 1279 facienda
1698 1250 1733 1280 et
1752 1245 1796 1280 ad
1815 1245 1865 1280 in-

358 1301 573 1336 veniendum
595 1300 753 1348 plegium
773 1300 808 1334 in
829 1313 937 1334 manu
957 1300 1044 1335 dicti
1065 1300 1297 1335 vicecomitis
1316 1320 1324 1328 ·
1349 1300 1468 1336 locum
1488 1301 1587 1336 suum
1607 1302 1761 1337 tenentis
1781 1322 1788 1330 ·
1809 1303 1865 1338 vel

359 1359 447 1394 mari
471 1358 519 1393 sui
545 1377 553 1385 ·
579 1364 614 1393 et
641 1359 746 1393 etiam
773 1358 811 1392 in
838 1371 946 1392 manu
970 1357 1161 1394 Justiciarii
1190 1358 1326 1393 domini
1355 1357 1462 1393 nostri
1494 1359 1604 1406 Regis
1632 1360 1689 1395 vel
1718 1360 1866 1408 alicujus

360 1415 504 1451 ministri
524 1416 572 1450 sni
593 1435 600 1443 ·
621 1416 717 1463 quod
736 1416 873 1451 dic'tum
887 1415 1064 1463 judicium
1086 1416 1210 1451 datum
1229 1422 1355 1451 contra
1373 1429 1439 1450 nos
1458 1417 1563 1452 dietis
1587 1417 1644 1452 die
1669 1423 1705 1452 et
1731 1418 1812 1453 loco
1832 1424 1865 1453 et

361 1474 462 1522 super
481 1474 577 1508 dicta
596 1474 690 1509 seeta
708 1474 774 1508 fuit
794 1479 829 1509 et
848 1473 895 1509 est
911 1473 1043 1508 malum
1060 1479 1095 1509 et
1109 1473 1233 1510 falsum
1254 1493 1262 1501 ·
1283 1479 1318 1509 et
1338 1474 1373 1508 in
1393 1474 1548 1509 absentia
1561 1475 1807 1522 predictorum
1822 1476 1867 1511 ad

362 1532 566 1567 adeundum
586 1531 734 1579 capitale
753 1532 911 1567 mansum
933 1532 1020 1567 dic'ti
1040 1532 1176 1567 domini
1196 1531 1304 1567 nostri
1327 1532 1437 1579 Regis
1456 1533 1550 1580 apud
1572 1533 1750 1581 Inuernys
1769 1539 1805 1569 et
1823 1534 1868 1569 ad

364 1589 616 1637 publicandum
632 1589 761 1624 ibidem
778 1590 910 1624 dictam
927 1589 1081 1625 nostram
1096 1590 1372 1638 appellationem
1387 1603 1506 1625 coram
1523 1590 1665 1626 testibus
1681 1596 1716 1626 et
1730 1591 1774 1626 ad
1788 1604 1867 1639 pro-

365 1646 561 1682 testandum
581 1647 677 1694 quod
696 1660 760 1694 per
779 1647 933 1695 ipsorum
953 1648 1144 1683 absentiam
1158 1647 1219 1696 jus
1237 1647 1394 1683 nostrum
1414 1648 1450 1682 in
1469 1648 1588 1695 aliquo
1609 1661 1681 1683 non
1700 1648 1840 1684 ledatur
1859 1669 1867 1676 ·

367 1710 402 1740 et
428 1704 628 1739 faciendum
657 1705 777 1740 omnia
803 1705 871 1740 alia
895 1711 930 1741 et
952 1704 1088 1753 fingula
1105 1719 1174 1753 que
1193 1706 1287 1741 circa
1304 1705 1467 1753 premiffa
1485 1706 1618 1741 fuerint
1637 1712 1841 1754 opportuna
1859 1726 1867 1734 ·

368 1768 403 1797 et
422 1762 661 1810 promittimus
680 1776 745 1797 nos
762 1763 892 1798 habere
912 1769 1028 1798 ratum
1048 1769 1083 1799 et
1100 1764 1244 1799 firmum
1263 1763 1429 1811 quicquid
1450 1776 1512 1811 per
1531 1763 1621 1811 ipsos
1639 1763 1696 1798 vel
1714 1764 1869 1812 ipsorum

368 1820 520 1855 alterum
546 1819 680 1854 fac-hun
709 1820 815 1855 fucrit
842 1821 878 1855 in
906 1820 1075 1869 prcmissis
1094 1841 1102 1849 ·
1132 1821 1270 1856 Datum
1294 1821 1355 1856 sub
1377 1819 1490 1868 figillo
1509 1821 1628 1856 nostro
1646 1821 1741 1869 apud
1761 1822 1870 1870 Spyni

369 1877 495 1924 quinto
515 1877 570 1912 die
591 1877 805 1913 Novembris
824 1898 832 1905 ·
852 1892 946 1914 anno
966 1879 1116 1915 Domini
1135 1877 1316 1915 millesimo
1336 1883 1433 1914 ·ccc⁰·
1454 1877 1670 1927 octogesimo
1689 1879 1796 1915 tertio
1816 1899 1824 1907 ·

373 2051 576 2087 Conventio
596 2051 688 2086 inter
708 2052 920 2100 Episcopum
939 2059 974 2089 et
994 2054 1191 2102 Hugonem
1211 2054 1327 2091 Fresel
1348 2074 1356 2081 -

276 2169 349 2207 166
376 2166 444 2201 Per
463 2166 531 2201 hoc
550 2166 716 2212 scriptum
736 2168 955 2202 autenticum
970 2173 1089 2216 pateat
1103 2170 1289 2206 evidenter
1304 2169 1401 2217 quod
1416 2181 1510 2204 anno
1527 2168 1678 2204 Domini
1692 2168 1871 2206 millesimo

375 2227 472 2259 ·ccc⁰·
493 2224 588 2258 lxxx·
613 2230 740 2271 quarto
760 2244 768 2252 ·
795 2225 922 2260 ultimo
941 2226 997 2261 die
1016 2226 1141 2262 mensis
1160 2228 1376 2263 Novembris
1400 2247 1408 2255 ·
1439 2232 1656 2262 conventum
1686 2227 1753 2262 suit
1781 2227 1873 2262 inter

375 2281 611 2317 reverendum
639 2288 774 2329 patrem
803 2282 988 2318 dominum
1017 2283 1266 2320 Alexandrum
1295 2285 1366 2321 Dei
1388 2284 1503 2333 gratia
1528 2284 1727 2333 episcopum
1757 2287 1873 2321 <Dora-
