1912 2660
152 52 241 76 xxxx
254 47 258 74 ἑ
663 41 829 78 INDEX
854 40 1120 78 LOCORUM.

159 138 306 175 Kilmyles‚
324 136 404 165 Ester
418 138 486 168 449.

288 193 298 198 -
321 176 432 205 Wester
446 177 513 204 449.

158 215 359 254 Kilquhynnan
374 215 442 243 449.

157 254 307 284 Kincardie
322 255 389 282 450.

158 293 300 331 Kingnfie,
316 294 405 322 crofta
418 294 453 322 de
468 295 534 322 450.

156 333 336 362 Kintallartie
350 334 418 362 449.

156 373 342 410 Kynnedour,
358 372 478 402 Batonia
490 374 526 402 de
538 374 607 402 437.

314 428 338 434 --
360 412 549 441 molendinum
565 414 600 442 de
615 414 682 442 439.

326 468 337 473 -
358 457 468 489 pratum
483 452 518 480 de
531 453 599 481 437.

324 508 334 513 -
355 491 420 519 villa
433 491 469 519 de
483 492 551 525 437,
567 492 634 520 439.

153 530 283 568 Kynnoir
296 531 364 558 448.

155 569 324 606 Kynnowde
341 570 408 598 447.

156 687 268 725 Lagaue
282 689 351 718 449.

153 726 283 764 Lethyne
298 727 366 754 447.

152 766 334 803 Logigowne,
349 766 417 793 447.

152 803 247 842 Loss'y,
262 805 375 842 piscaria
389 805 425 832 de
439 805 508 832 435.

154 922 335 950 Maltmannis
352 922 432 950 Croft
446 922 516 951 434.

154 961 296 998 Marcuss'y
310 961 379 989 446.

154 1000 348 1029 Mafl'ounland
363 1001 430 1028 436.

154 1039 300 1068 Meritoun
315 1040 382 1067 450.

153 1079 316 1115 Midfinlarg
330 1079 399 1107 449.

155 1118 280 1146 Moneak
295 1119 364 1145 449.

154 1158 328 1185 Moraistoun
341 1157 409 1185 436.

154 1196 247 1230 Moth,
263 1197 454 1225 molendinum
470 1197 504 1225 de
519 1197 585 1225 449.

153 1236 288 1264 Mothnes
302 1236 370 1264 446.

154 1276 280 1313 Moybeg
294 1277 362 1303 450.

153 1315 251 1352 Moye‚
267 1314 354 1343 Terra
369 1314 561 1342 Ecclessastica
575 1315 610 1343 de
624 1315 692 1343 446.

154 1355 314 1392 Moymore,
332 1354 453 1382 Batonis
468 1354 503 1382 de
519 1355 586 1381 450.

152 1394 306 1422 Muretoun
322 1394 389 1422 4:38.

155 1432 305 1470 Myrefide,
320 1433 387 1460 435.

155 1513 247 1540 Narne
262 1514 329 1540 447.

154 1551 366 1588 Nedderfinlarg
379 1553 446 1579 449.

154 1590 228 1624 Ness}
244 1590 362 1619 Piscaria
377 1591 411 1618 de
423 1593 491 1619 449.

154 1630 303 1658 Newtown
317 1634 347 1658 et
363 1630 484 1658 Newton
500 1629 595 1658 Lands
610 1633 676 1659 439.

154 1748 339 1786 Owerfinlarg
353 1748 421 1777 alias
435 1748 569 1776 Milracht
583 1751 650 1777 449.

156 1867 258 1896 Pannis
273 1867 340 1894 435.

153 1906 315 1935 Pettincark
329 1907 395 1934 434.

156 1947 258 1983 Phor-p,
273 1945 368 1983 Major
382 1947 448 1974 445.

964 140 1081 176 Petlurg
1096 141 1166 169 448.

962 177 1142 207 Pethmithin
1156 180 1224 208 448.

962 295 1134 327 Quhitefield
1149 298 1216 325 442.

963 334 1116 373 Quhioeley
1130 336 1197 364 438.

963 455 1082 488 Raffort,
1098 453 1220 482 Batonia
1233 453 1267 481 de
1283 455 1350 482 444.

1094 492 1285 521 molendinum
1299 494 1334 521 de
1349 493 1416 522 446.

1092 532 1169 560 Villa
1182 532 1218 560 de
1232 534 1299 560 444.

963 572 1181 604 Rothemurcus,
1198 570 1323 600 Ecclofia
1336 572 1371 600 de
1386 573 1453 606 450,
1469 573 1535 600 451.

963 611 1171 640 Rothemurcus
1185 611 1254 638 450.

964 650 1136 687 Rothemay,
1151 649 1275 678 Ecclefia
1289 651 1324 678 de
1339 652 1407 678 450.

962 689 1083 724 Rothes,
1096 689 1173 717 Villa
1188 688 1378 718 Ecclesiastica
1392 690 1426 717 de
1442 692 1508 718 440.

963 729 1104 757 Rothwen
1122 728 1189 761 448,
1205 730 1272 756 450.

962 767 1085 796 Rowstis
1101 768 1182 796 Croft
1197 769 1263 796 436.

963 807 1074 835 Rurore
1089 808 1156 834 450.

964 846 1047 884 Ryne
1061 847 1129 874 448.

965 963 1096 991 Saltcotis
1111 965 1178 991 435.

964 1002 1069 1031 Sheriff
1081 1002 1146 1030 Mill
1162 1004 1230 1031 436.

964 1041 1064 1070 Sleach
1079 1043 1147 1070 450.

965 1081 1156 1109 Smiddecroft
1170 1082 1237 1113 437,
1253 1083 1321 1108 444.

964 1120 1052 1158 Spey,
1067 1130 1139 1157 aqua
1153 1121 1188 1148 de
1203 1121 1272 1148 450.

964 1160 1062 1188 Stabiu
1077 1159 1154 1187 ackir
1167 1159 1235 1187 alias
1251 1158 1376 1188 Smiddie
1390 1160 1474 1188 acker
1488 1162 1554 1188 445.

964 1198 1146 1236 Strathbolgy
1160 1199 1228 1226 448.

964 1237 1136 1275 Strathspey,
1153 1238 1272 1266 Baronia
1286 1238 1320 1265 de
1336 1240 1402 1266 449.

964 1278 1069 1315 Spyne,
1085 1277 1205 1305 Baronia
1219 1278 1253 1305 de
1268 1278 1335 1311 483,
1351 1280 1418 1310 434,
1434 1279 1501 1306 436.

1041 1332 1065 1339 --
1082 1316 1195 1344 Brassna
1208 1316 1243 1344 de
1258 1317 1324 1344 433.

962 1372 1068 1379 ——---
1090 1355 1165 1384 Villa
1179 1355 1214 1383 de
1228 1357 1295 1384 433.

965 1474 1104 1507 Talarice,
1120 1472 1245 1501 Ecclesia
1258 1474 1293 1501 de
1305 1475 1372 1501 451.

965 1512 1173 1546 Tullebardine,
1190 1512 1271 1541 Ester
1284 1515 1352 1541 441.

1200 1551 1304 1580 Middil
1318 1553 1385 1581 442.

964 1591 1172 1620 Tulloehclowr
1185 1591 1253 1619 450.

965 1630 1189 1659 Tullomaccarie
1203 1631 1270 1659 450.

965 1669 1140 1708 Tullychane
1153 1670 1221 1698 450.

968 1788 1135 1825 Urchnebeg
1145 1779 1217 1816 2147.

966 1906 1099 1941 Warlaw,
1114 1905 1239 1936 Ecclesia
1253 1905 1288 1934 de
1302 1905 1369 1934 451.
