2066 2780
97 1486 141 1518 31

577 132 893 169 REGISTRUM
920 133 1281 170 MORAVIENSE.
1628 141 1675 174 23

186 233 295 281 pratis
312 236 347 268 et
363 231 496 280 pascuis
515 250 523 259 ·
543 230 581 266 in
606 231 715 267 moris
741 236 777 267 et
800 229 952 266 marefiis
979 250 987 258 ·
1016 231 1054 265 in
1077 230 1175 276 aquis
1193 235 1228 265 et
1245 230 1396 279 piscarijs
1415 251 1423 259 ·
1442 233 1479 267 in
1496 233 1623 281 stagnis
1641 241 1677 271 et

186 288 398 325 molendinis
433 307 441 316 ·
480 288 584 323 Salva
599 289 764 335 predicto
783 288 957 335 Episcopo
975 293 1011 322 et
1029 287 1274 322 suceefforibus
1292 287 1359 322 suis
1376 289 1554 334 questione
1572 305 1676 338 quam

184 347 278 382 idem
296 345 488 393 Episcopus
508 345 621 380 movit
646 345 749 393 super
775 350 871 381 terra
897 345 941 379 de
969 344 1167 392 Petynlurg
1188 362 1196 370 ·
1223 349 1258 379 et
1285 344 1406 379 decem
1430 351 1465 380 et
1488 348 1571 382 οᾶὶο
1589 349 1677 383 acris

176 403 282 452 juxta
299 401 475 438 ecclefiam
495 402 538 438 de
557 402 749 451 Edyndiuy
785 421 794 430 ·
828 401 909 437 Hec
927 406 1046 436 autem
1065 400 1255 436 concordia
1272 400 1387 436 finalis
1404 402 1582 449 utriusque
1600 418 1677 452 par-

180 460 270 496 tium
282 459 489 508 juramento
508 459 557 495 est
573 459 713 495 firmata
731 479 740 487 ·
770 459 815 494 In
832 459 1078 507 premissorum
1095 463 1215 493 autem
1232 457 1374 492 firmum
1394 464 1429 493 et
1447 459 1676 497 indubitabile

180 516 418 553 testimonium
446 516 478 552 ei
505 516 598 564 parti
625 517 730 565 hujus
756 517 925 564 scripture
951 516 990 551 in
1016 516 1163 551 modum
1191 515 1402 563 cyrographi
1423 516 1585 552 confefflae
1608 531 1675 565 que

178 587 287 623 penes
303 574 506 622 predictum
526 573 737 622 Episcopum
751 579 787 609 et
804 574 1010 609 successores
1029 573 1107 608 suos
1126 572 1238 608 existit
1256 572 1447 620 appensum
1461 573 1509 608 est
1525 572 1674 621 figillum

177 631 318 667 illustris
346 631 456 679 Regis
483 631 687 667 Scottorum
715 631 915 667 Alexandri
937 636 972 666 et
994 629 1143 677 figillum
1162 629 1314 678 predicti
1333 629 1454 665 David
1472 644 1552 665 cum
1570 645 1675 680 appo-

177 687 300 724 fitione
320 688 459 724 testium
488 707 496 716 ·
524 688 626 724 alteri
652 702 739 724 vero
765 688 857 737 parti
883 688 988 736 hujus
1014 688 1183 735 scripture
1209 700 1277 734 que
1304 700 1413 734 penes
1436 687 1514 735 sepe
1539 689 1674 725 dictum

178 746 299 781 David
329 751 365 781 et
394 746 542 781 heredes
572 745 651 781 suos
682 745 730 781 est
759 746 963 781 remansura
995 744 1152 793 appofita
1180 745 1260 780 sunt
1290 743 1400 791 figilla
1428 746 1672 792 predifflmrum

177 802 340 851 Episcopi
365 808 401 838 et
431 803 575 851 capituli
603 816 684 838 cum
715 803 912 839 eorundem
942 802 1081 838 testium
1112 801 1328 850 appositione
1359 807 1394 837 et
1424 802 1672 851 subscriptione

175 860 429 896 canonicorum
468 880 477 888 ·
513 860 674 896 Testibus
693 860 834 897 Thoma
851 861 969 908 priore
987 865 1023 896 et
1041 860 1206 896 Johanne
1224 859 1396 897 monacho
1416 859 1460 894 de
1479 860 1643 897 Urchard
1663 882 1670 890 ·

177 917 339 953 Henrico
358 918 492 953 decano
512 917 669 953 Rofl'enfi
698 937 706 946 ·
735 918 889 966 Symone
907 917 1056 965 persona
1074 917 1118 952 de
1138 917 1343 965 Roscolpyn
1372 936 1380 944 ·
1408 917 1568 964 magistro
1588 918 1671 954 Gri-

174 974 248 1009 fino
268 975 310 1010 de
328 974 433 1010 Valle
463 994 471 1003 ·
498 975 659 1010 Roberto
678 975 813 1011 decano
832 975 876 1010 de
896 975 1073 1023 Inuernys
1092 994 1100 1002 ·
1120 974 1302 1009 Willelmo
1321 974 1456 1009 decano
1475 975 1518 1010 de
1537 975 1671 1011 Strath-

174 1031 309 1079 bolgyn
336 1051 345 1059 ·
375 1031 555 1079 Gregorio
583 1032 717 1068 decano
745 1033 789 1068 de
816 1032 994 1080 Strathspe
1022 1051 1030 1059 ·
1060 1032 1143 1067 Ada
1161 1031 1365 1067 Gurmund’
1384 1031 1495 1067 milite
1522 1051 1530 1060 ·
1559 1032 1669 1069 Alex.

174 1089 287 1123 andro
305 1088 512 1124 vicecomite
531 1089 575 1124 de
594 1089 713 1137 Elgyn
731 1109 740 1118 ·
761 1089 923 1125 Henrico
941 1089 1049 1125 fratre
1068 1089 1143 1138 ejus
1163 1107 1171 1116 ·
1192 1088 1394 1136 Augustino
1414 1089 1458 1124 de
1477 1089 1596 1137 Elgyn
1610 1110 1619 1118 -
1635 1096 1670 1126 et

174 1145 250 1180 aliis
267 1159 375 1192 quam
391 1146 551 1194 pluribus
565 1165 574 1174 ·
591 1145 728 1181 Actum
744 1159 838 1182 anno
852 1146 965 1194 gratie
979 1145 1224 1183 ·m⁰·cc⁰·xxvi⁰·
1240 1159 1310 1182 -xv·
1324 1146 1494 1181 kalendas
1509 1146 1645 1195 Aprilis
1660 1168 1667 1176 ·

174 1202 211 1238 in
229 1202 370 1239 ecclefia
388 1203 580 1239 cathedrali
599 1204 643 1238 de
662 1203 781 1251 Elgyu
796 1223 804 1231 ·

175 1372 391 1421 Compositio
410 1373 502 1409 inter
521 1373 732 1422 Episcopum
751 1378 787 1409 et
805 1373 874 1409 -W·
894 1373 938 1409 de
957 1373 1072 1422 Petyn
1092 1392 1099 1401 ·

173 1487 353 1522 Noverint
370 1486 523 1523 univerfi
540 1488 608 1522 hoc
625 1487 791 1535 scriptum
809 1487 915 1522 visuri
933 1487 991 1523 vel
1009 1487 1165 1522 audituri
1186 1487 1282 1534 quod
1300 1499 1381 1522 cum
1400 1487 1566 1523 Andreas
1584 1489 1667 1536 epis-

173 1557 282 1591 copus
301 1543 530 1580 moraviensis
552 1545 766 1580 convenisset
784 1549 819 1579 et
837 1545 977 1579 trahere
1001 1544 1039 1579 in
1062 1544 1199 1579 causam
1220 1544 1449 1591 proposuifl'et
1466 1544 1666 1580 VValterum

173 1601 216 1636 de
231 1602 394 1637 moravia
406 1601 519 1636 filium
532 1602 712 1648 quondam
728 1601 898 1636 Willelmi
913 1602 956 1636 de
968 1600 1255 1648 moravia-super
1268 1600 1372 1635 terris
1386 1601 1430 1636 de
1445 1600 1664 1638 Ardtrillen·

172 1662 208 1693 et
225 1657 373 1692 Lunnin
392 1677 400 1686 ·
420 1663 456 1693 et
474 1658 635 1693 Duldaui
654 1678 662 1686 ·
683 1663 718 1694 et
737 1658 861 1706 Croyn
880 1678 887 1686 ·
907 1671 992 1705 quas
1009 1658 1104 1693 idem
1118 1657 1320 1692 VVillelmus
1338 1658 1518 1693 detinebat
1535 1664 1571 1694 et
1581 1659 1665 1706 jure

170 1715 385 1750 hereditario
412 1715 457 1750 ad
483 1715 516 1750 se
542 1716 720 1763 pertinere
747 1715 885 1751 dicebat
913 1735 921 1743 ·
950 1720 985 1751 et
1007 1715 1109 1763 super
1130 1714 1363 1750 advocatione
1381 1714 1602 1751 ecclefiarum
1621 1717 1665 1752 de

104 1764 106 1766 ¹
173 1771 295 1819 Croyn
320 1791 328 1799 ·
354 1771 549 1807 Abirlouer
573 1791 581 1800 ·
607 1772 838 1820 Buthrothyn
865 1792 873 1800 ·
901 1778 937 1808 et
954 1773 998 1807 de
1017 1771 1186 1807 Arteldol
1214 1790 1222 1799 ·
1248 1776 1284 1807 et
1310 1772 1412 1820 super
1431 1772 1567 1808 decima
1584 1775 1663 1810 cani

172 1828 306 1864 domini
325 1829 435 1876 Regis
456 1830 552 1876 quod
569 1830 664 1865 idem
684 1830 765 1865 Rex
791 1829 923 1865 solebat
947 1829 1104 1877 recipere
1123 1829 1166 1864 de
1186 1829 1364 1876 Bracholy
1391 1848 1399 1857 ·
1427 1829 1627 1866 Bucharem
1652 1851 1662 1859 ·

172 1884 366 1921 Abirlouer
392 1905 400 1914 ·
428 1892 464 1921 et
484 1886 761 1934 Kyneremoneh
789 1906 797 1914 ·
828 1887 885 1922 Ita
902 1886 1069 1922 convenit
1085 1886 1179 1922 inter
1196 1899 1256 1922 eos
1274 1886 1503 1922 amicabiliter
1521 1888 1663 1924 consen-

170 1942 280 1978 tiente
305 1948 340 1978 et
363 1943 567 1979 consulente
586 1944 741 1991 capitulo
760 1943 989 1981 moraviensis
1013 1942 1152 1979 ecclefie
1184 1963 1192 1971 ·
1221 1943 1350 1979 scilicet
1367 1945 1463 1990 quod
1480 1945 1663 1992 predictus

172 1999 363 2047 Episcopus
384 2000 519 2048 quietas
543 2001 707 2036 clamavit
727 2014 793 2049 pro
811 2001 844 2037 se
862 2006 898 2037 et
915 2001 1161 2037 successoribus
1182 2001 1249 2036 suis
1266 2001 1430 2049 predicto
1448 2001 1608 2037 Waltero
1627 2008 1663 2038 et

170 2055 357 2092 heredibus
374 2057 442 2092 suis
462 2058 500 2092 in
520 2063 732 2106 perpetuum
759 2058 911 2094 decimas
936 2058 1015 2094 cani
1040 2058 1192 2106 predicti
1219 2063 1255 2093 et
1277 2058 1527 2094 advocationes
1554 2060 1662 2095 eccle-

170 2111 295 2148 {iarum
313 2114 357 2149 de
376 2114 571 2150 Abirlouer
590 2120 625 2150 et
643 2115 686 2150 de
705 2115 917 2151 Buttruthin
933 2115 971 2150 in
988 2115 1114 2163 quibus
1138 2115 1315 2151 constabat
1338 2115 1458 2163 plures
1482 2116 1661 2163 predeces-

169 2168 286 2204 sorum
302 2171 455 2218 predieti
469 2171 618 2207 WValteri
635 2172 742 2219 usque
756 2172 801 2208 ad
813 2177 975 2221 tempora
989 2173 1163 2221 presentia
1174 2172 1235 2221 jus
1247 2173 1471 2220 presentandi
1484 2172 1636 2208 habuifl'e
1648 2191 1657 2200 ·

171 2225 470 2275 Compofitionem
499 2234 618 2265 autem
645 2229 776 2265 saetam
806 2229 900 2266 inter
930 2230 1169 2266 venerabilem
1198 2235 1336 2278 patrem
1365 2230 1459 2266 bone
1488 2229 1658 2265 memorie
