1912 2660
154 823 199 860 16

710 90 888 126 CARTE
915 91 1253 128 ORIGINALES.
1645 96 1717 135 469

237 188 388 237 presenti
412 187 539 234 scripto
566 188 697 234 apponi
722 188 911 235 procuravi
929 207 937 216 ·
969 188 1051 223 Hiis
1076 188 1218 224 testibus
1236 209 1245 217 ·
1264 190 1426 238 magistro
1445 192 1598 240 Symone
1617 193 1716 229 Belle

236 250 409 294 perpetuo
439 244 571 279 vicario
602 244 646 279 de
678 244 856 292 Strivelyn
879 264 887 272 ·
920 245 1067 280 domino
1096 245 1312 282 Douenaldo
1339 248 1456 295 priore
1486 250 1530 285 de
1560 251 1689 287 mothil
1708 271 1716 279 ·

238 303 383 338 domino
402 300 588 337 Clemente
615 301 797 349 capellano
825 302 959 337 decano
980 301 1249 337 Christianitatis
1270 303 1313 338 de
1332 304 1515 341 Strathern
1534 326 1543 335 ·
1567 307 1718 343 dominis

236 360 378 395 Nevino
401 364 437 394 et
455 357 605 394 Andrea
631 358 820 406 capellanis
839 378 847 386 ·
877 359 1023 406 Rogero
1046 359 1090 394 de
1109 359 1252 395 Lafl'elis
1274 360 1401 396 clerico
1421 381 1429 389 ·
1457 363 1647 399 malcolmo
1674 365 1717 400 de

237 416 380 464 Kynros
399 435 407 443 ·
438 415 607 450 Haldano
624 416 746 464 judice
765 435 774 444 ·
804 415 964 451 Monach
988 416 1166 464 macAlpy
1185 435 1193 444 ·
1221 416 1379 464 Hugone
1398 418 1440 452 de
1460 418 1570 454 Erthe
1588 439 1597 448 ·
1623 421 1718 457 Ran-

235 473 368 521 dulpho
387 473 596 509 methfenne
615 493 624 501 ·
655 473 821 510 Johanne
839 473 912 509 filio
931 472 1112 522 presbiteri
1129 472 1292 521 burgenfi
1309 474 1353 509 de
1374 474 1643 512 Huchterardor
1657 496 1666 505 ·
1685 484 1720 513 et

235 529 354 566 multis
373 530 448 565 aliis
462 550 471 558 ·

236 703 346 739 Carta.
363 703 407 739 de
425 703 636 740 Dalrewach
655 723 663 732 ·

233 817 411 853 Omnibus
437 819 505 853 hoc
535 818 702 866 scriptum
725 818 849 853 visuris
873 819 930 854 vel
956 819 1129 854 audituris
1148 819 1313 855 Andreas
1333 820 1375 855 de
1395 819 1610 856 Dalrewach
1629 820 1721 856 filius

232 875 342 910 Ysaac
361 889 438 911 mac
457 875 591 910 elibarn
610 876 756 911 salutem
775 881 934 911 eternam
952 877 989 911 in
1008 876 1168 912 Domino
1187 896 1196 904 ·
1226 877 1346 912 Sciant
1363 877 1541 925 presentes
1559 883 1594 913 et
1611 878 1721 913 futuri

233 946 289 968 me
308 933 436 968 dedifl'e
455 931 650 968 conceflifl'e
669 938 704 968 et
722 933 789 968 hoc
807 933 958 980 presenti
982 933 1109 981 scripto
1133 934 1351 969 confirmasse
1375 935 1522 970 domino
1541 934 1721 971 Willelmo

233 990 276 1025 de
295 990 459 1025 moravia
485 990 589 1025 militi
611 990 685 1024 filio
711 990 847 1025 domini
865 990 1048 1026 malcolmi
1072 991 1116 1026 de
1136 991 1298 1027 moravia
1324 991 1444 1026 militis
1472 997 1507 1027 et
1534 992 1722 1028 heredibus

232 1047 299 1082 suis
325 1051 361 1082 et
387 1045 563 1094 assignatis
585 1052 696 1082 totam
715 1052 847 1082 terram
866 1047 909 1082 de
928 1047 1145 1083 Dalrewach
1163 1061 1219 1083 me
1237 1061 1449 1095 quocunque
1461 1048 1544 1096 jure
1562 1049 1619 1085 vel
1637 1063 1722 1097 quo-

232 1116 372 1150 cunque
390 1108 551 1151 tempore
569 1104 606 1138 in
620 1109 833 1152 perpetuum
851 1105 1119 1151 contingentem
1137 1117 1200 1152 per
1218 1106 1333 1140 re&as
1351 1105 1475 1141 divisas
1493 1106 1568 1141 suas
1586 1112 1622 1142 et
1639 1120 1721 1142 cum

232 1161 397 1196 omnibus
405 1160 506 1208 justis
520 1160 749 1206 pertinenciis
766 1161 833 1195 suis
846 1180 854 1188 ·
874 1160 1084 1196 Tenendam
1099 1166 1134 1196 et
1148 1161 1343 1197 habendam
1363 1162 1458 1197 dicto
1477 1163 1622 1198 domino
1635 1163 1721 1198 Wil-

230 1218 338 1253 lelmo
357 1219 400 1254 de
420 1218 582 1254 moravia
600 1223 636 1253 et
653 1217 842 1253 heredibus
859 1218 928 1253 suis
945 1218 1002 1253 vel
1020 1216 1196 1265 assignatis
1220 1219 1263 1253 de
1287 1231 1343 1253 me
1368 1224 1403 1254 et
1427 1219 1616 1255 heredibus
1633 1221 1720 1256 meis

229 1276 268 1311 in
285 1276 391 1311 feodo
420 1281 455 1311 et
481 1276 678 1311 hereditate
704 1288 768 1323 per
785 1280 898 1310 rectas
916 1275 1040 1310 divisas
1058 1275 1133 1310 suas
1157 1281 1193 1310 et
1218 1288 1299 1310 cum
1323 1276 1485 1311 omnibus
1498 1276 1598 1324 justis
1614 1277 1721 1325 perti-

229 1333 364 1369 nenciis
382 1333 450 1368 suis
468 1333 578 1369 libere
597 1338 633 1368 et
651 1332 769 1379 quiete
788 1352 796 1360 ·
817 1333 961 1380 pacifice
979 1338 1015 1368 et
1032 1332 1227 1368 honorifice
1247 1352 1255 1360 ·
1274 1333 1431 1380 plenarie
1449 1338 1484 1368 et
1502 1333 1640 1381 integre
1654 1354 1663 1362 ·
1681 1335 1719 1370 in

230 1390 334 1426 bosco
354 1395 389 1426 et
407 1390 514 1438 plano
529 1410 538 1418 ·
557 1391 595 1427 in
610 1390 714 1426 terris
733 1395 768 1425 et
785 1390 884 1437 aquis
896 1409 904 1417 ·
923 1390 960 1425 in
974 1390 1082 1437 pratis
1100 1395 1136 1425 et
1153 1390 1286 1437 pascuis
1298 1408 1307 1416 ·
1326 1390 1363 1424 in
1378 1390 1485 1425 moris
1498 1395 1534 1426 et
1547 1390 1698 1426 marefiis
1710 1411 1719 1419 ·

230 1448 269 1483 in
279 1448 345 1483 viis
359 1453 395 1483 et
409 1448 538 1483 semitis
551 1468 559 1476 -
578 1448 615 1483 in
631 1447 759 1495 stagnis
773 1452 808 1483 et
821 1447 1034 1482 molendinis
1046 1466 1054 1474 ·
1073 1447 1111 1482 in
1124 1447 1277 1495 piscariis
1290 1466 1298 1474 ·
1317 1447 1354 1482 in
1371 1447 1453 1482 feris
1471 1452 1506 1483 et
1523 1448 1645 1483 avibus
1656 1467 1665 1476 ·
1684 1454 1721 1484 et

233 1518 316 1541 cum
330 1505 494 1541 omnibus
508 1505 729 1541 libertatibus
741 1510 776 1540 et
787 1505 862 1540 aliis
873 1504 1092 1553 ayfiamentis
1105 1504 1237 1539 dietam
1250 1509 1381 1539 terram
1393 1505 1652 1552 pertinentibus
1662 1506 1720 1541 vel

230 1563 349 1609 aliquo
364 1568 525 1610 tempore
538 1562 719 1611 pertinere
732 1562 931 1598 valentibus
943 1581 951 1589 ·
972 1562 1149 1597 Faciendo
1164 1561 1246 1596 inde
1261 1561 1442 1609 predie’ms
1456 1561 1621 1597 dominus
1633 1562 1719 1597 Wil-

229 1620 357 1655 lelmus
375 1625 411 1655 et
428 1621 576 1656 heredes
595 1620 646 1655 sui
664 1619 721 1656 vel
739 1618 898 1667 affignati
916 1620 1126 1655 forinsecum
1145 1619 1331 1654 seruicium
1350 1619 1496 1654 domino
1515 1619 1648 1655 Comiti
1674 1620 1718 1655 de

231 1677 439 1713 Stratheren
458 1682 630 1724 quantum
649 1676 803 1725 pertinet
821 1677 865 1711 ad
884 1677 1016 1712 dietam
1042 1681 1173 1711 terram
1199 1675 1329 1711 scilicet
1355 1675 1540 1711 seruicium
1565 1676 1718 1712 Scotica-

228 1747 317 1770 num
336 1754 345 1762 ·
374 1734 422 1770 Et
439 1734 558 1770 licebit
581 1734 679 1771 dieto
699 1734 844 1769 domino
863 1734 1044 1769 willelmo
1064 1734 1107 1768 de
1126 1733 1288 1769 moravia
1311 1737 1346 1768 et
1369 1733 1558 1768 heredibus
1575 1733 1642 1769 suis
1659 1734 1717 1770 seu

229 1790 405 1839 affignatis
422 1792 620 1840 predffiiam
638 1797 772 1827 terram
789 1796 830 1826 ut
847 1791 1077 1839 prescriptum
1091 1789 1139 1826 est
1156 1790 1200 1825 de
1214 1790 1360 1826 domino
1373 1789 1514 1825 Comite
1528 1790 1572 1825 de
1584 1790 1718 1826 strath-

229 1861 315 1884 eren
333 1848 370 1884 in
388 1849 502 1897 capite
520 1854 643 1884 tenere
662 1849 805 1896 quando
828 1848 926 1883 (116ὶο
949 1848 1094 1883 domino
1121 1847 1254 1883 Comiti
1280 1852 1315 1882 et
1342 1847 1440 1882 (116ὶο
1467 1847 1612 1883 (1οωίηο
1634 1848 1717 1883 Wil-

228 1905 336 1941 lelmo
367 1906 411 1941 de
438 1906 604 1942 (Dorauia
633 1911 669 1942 et
703 1905 892 1941 heredibus
922 1905 990 1940 suis
1019 1905 1078 1940 seu
1106 1903 1280 1952 affignatis
1306 1904 1478 1952 placuerit
1502 1903 1572 1940 fine
1599 1905 1715 1952 aliqua

229 1963 513 1999 contradffikione
524 1963 581 1999 vel
595 1963 851 2011 impedimento
865 1963 935 1998 mei
948 1961 1016 1998 five
1029 1962 1202 1997 heredum
1216 1974 1377 1997 meorum
1390 1981 1399 1989 ·
1420 1961 1620 1997 Reddendo
1631 1963 1713 1998 inde

228 2020 412 2055 annuatim
439 2020 509 2068 ipse
537 2020 702 2056 dominus
720 2019 921 2055 Willelmus
939 2020 982 2055 de
1001 2019 1163 2056 (Doravia
1184 2023 1219 2054 et
1241 2019 1389 2054 heredes
1412 2019 1462 2054 sui
1481 2019 1537 2054 vel
1558 2017 1714 2066 affignati

231 2077 378 2113 domino
399 2077 533 2113 Comiti
552 2078 596 2113 de
615 2077 822 2113 Stratheren
848 2090 961 2112 unum
986 2089 1050 2124 par
1070 2076 1276 2111 sotularium
1294 2075 1537 2123 laqueatorum
1555 2076 1598 2111 ad
1615 2077 1715 2124 pasca

228 2139 265 2170 et
281 2134 367 2169 mihi
386 2140 422 2170 et
439 2135 628 2170 heredibus
645 2135 732 2170 meis
749 2147 861 2170 unum
881 2134 1066 2170 denarium
1087 2134 1132 2169 ad
1151 2132 1383 2168 Pentecosten
1408 2146 1474 2180 pro
1499 2133 1594 2168 omni
1620 2133 1712 2169 secu-

229 2190 294 2227 lari
311 2191 458 2230 seruicio
478 2192 665 2229 exafflone
683 2197 719 2229 et
737 2192 911 2229 demanda
925 2211 934 2220 ·
953 2192 1002 2227 ita
1019 2191 1115 2239 quod
1133 2191 1314 2240 predie‘ms
1332 2190 1495 2226 dominus
1513 2190 1711 2230 Willelmus
