1998 2820
979 213 1017 235 VI

254 304 306 332 50.
330 301 522 334 Malcolmus
539 302 656 334 Comes
673 301 712 332 (18
728 301 805 343 Fyff
816 299 871 331 dat
886 298 1048 330 ecclesiam
1064 298 1102 329 (18
1119 296 1335 328 Inuerhouen.
1364 295 1515 326 1206-23.
1529 296 1564 336 fi
1577 297 1632 326 24.

252 355 304 383 51.
329 354 517 396 Compositio
529 365 602 385 cum
612 353 761 385 Jobanne.
773 351 901 394 Byseffl,
912 362 976 392 qua
991 349 1177 381 conceditur
1192 348 1347 390 Episcopo
1362 351 1552 388 patronatus
1567 347 1695 380 8881868
1710 348 1750 379 (18

250 404 468 436 Dulbathlach
489 416 563 436 cum
587 407 606 437 9
630 404 790 440 dauachis,
814 408 846 434 et
865 402 1007 433 Johanni
1028 406 1216 443 patronatus
1241 397 1369 430 8881868
1392 398 1432 429 (18
1452 397 1599 440 Conewy
1614 410 1688 430 cum
1712 401 1745 430 11

250 456 412 487 dauachis.
440 457 591 487 1206-21.
606 457 639 497 s
659 456 748 496 18‚f
765 455 857 494 28‚f
873 455 926 483 42.

250 508 302 538 52.
327 507 534 539 Confirmatio
550 507 663 548 Regia.
692 508 785 537 1221.
798 507 832 545 f
852 507 900 535 12.

249 560 301 589 53.
326 558 499 600 Episcopus
514 559 555 589 ad
570 557 753 588 instantiam
769 555 912 587 Frelkini
931 554 970 585 de
986 553 1126 585 Kerdale
1142 551 1291 584 concedit
1311 551 1473 583 8881863111
1497 552 1537 583 (18
1555 553 1683 585 Deveth
1707 555 1748 586 ad

248 609 403 640 fabricam
419 609 545 641 8881868
560 608 759 640 cathedralis.
790 608 939 638 1206-23.
955 607 988 646 f
1003 607 1058 636 22.

248 662 301 691 54.
324 661 373 692 Dc
390 660 575 692 investitura
590 666 621 691 et
636 659 755 701 seyfina
770 658 919 701 ejusdem.
948 658 1098 687 1213-22.
1112 657 1145 696 f
1162 657 1214 686 22.

248 714 299 742 55.
324 712 508 743 Ratificatio
531 711 660 754 Papalis
684 711 821 742 duarum
845 708 1055 741 canoniorum
1078 708 1119 738 ab
1143 706 1301 749 Episcopo
1327 707 1522 745 dotatarum,
1550 708 1589 739 de
1614 709 1747 741 decimis

247 762 333 794 bladi
349 763 387 795 de
403 763 482 805 Moy
497 769 528 794 81
544 763 582 794 (18
598 762 734 794 ecclesiis
750 762 788 793 dc
805 761 920 803 Kynor
935 765 967 791 81
983 760 1180 790 Dunbanan.
1210 760 1302 790 1222.
1316 760 1349 799 f
1371 761 1419 789 ll.

247 815 298 845 56.
323 814 530 846 Confirmatio
546 814 674 856 Papalis
690 814 728 844 (18
744 812 880 844 ecclesiis
897 812 935 843 de
951 811 1070 853 Elgyn,
1095 810 1201 852 Dyke,
1224 810 1451 842 Dunbathelac
1473 816 1505 842 et
1524 811 1746 854 Edendyuach

245 865 286 896 ad
302 867 441 896 mensam
458 865 603 908 Episcopi
619 864 863 907 pertinentibus.
892 865 985 894 1222.
999 864 1032 903 f
1055 864 1103 893 ll.

246 918 298 949 57.
323 916 498 948 Commissio
511 917 639 959 Papalis
651 916 689 947 de
702 915 878 947 mutatione
890 914 970 946 sedis
985 914 1026 945 ad
1042 912 1203 946 8881863111
1215 914 1334 945 Sancte
1345 913 1515 946 Trinitatis
1526 914 1622 956 juxta
1634 915 1742 958 Elgin.

250 970 341 999 1223.
381 991 388 998 .
411 970 457 999 12.

244 1022 297 1051 58.
323 970 484 1051 stitutum
500 1019 782 1051 commissariorum
798 1017 966 1060 Papalium
982 1017 1021 1049 de
1037 1018 1157 1049 eadem.
1187 1020 1279 1050 1224.
1292 1020 1326 1058 f
1346 1020 1395 1049 12.

245 1073 295 1103 59.
320 1071 493 1113 Episcopus
509 1071 677 1102 confirmat
693 1070 896 1101 donationem
913 1069 1040 1100 ecclesie
1056 1069 1095 1100 (18
1111 1070 1240 1100 1)8ν8111
1259 1070 1344 1111 (53).
1373 1071 1524 1100 1224-42.
1538 1072 1571 1111 f
1587 1072 1639 1102 23.

242 1123 294 1153 60.
319 1122 492 1164 Episcopus
515 1122 684 1153 confirmat
699 1121 892 1153 erectionem
908 1121 1068 1163 prebende
1085 1121 1123 1152 de
1140 1121 1257 1163 Kynor
1273 1126 1305 1152 81
1321 1121 1508 1153 Dunbanan
1529 1122 1613 1164 (55).
1646 1125 1742 1155 1224-

242 1175 294 1204 42.
308 1175 341 1213 f.
360 1176 410 1204 23.

242 1225 292 1254 61.
318 1223 490 1266 Episcopus
506 1223 675 1254 confirmat
693 1224 832 1260 easdem3
852 1234 977 1254 necnon
1001 1223 1040 1254 de
1060 1235 1145 1254 novo
1160 1223 1325 1255 constituit
1341 1224 1534 1266 prebendam
1553 1224 1592 1256 de
1608 1225 1741 1256 decimis

239 1275 421 1316 garbalibus
444 1275 483 1306 dc
507 1275 611 1317 Petyn
629 1281 660 1305 et
673 1275 868 1317 Bracholyn,
892 1280 923 1306 et
938 1275 1034 1305 aliam
1051 1275 1090 1305 de
1106 1275 1239 1306 decimis
1254 1276 1428 1316 garbarum
1446 1276 1484 1307 de
1502 1276 1691 1318 Butruthyn
1709 1283 1741 1309 81

239 1326 431 1368 Abyrlouer‚
451 1326 490 1356 (18
506 1326 671 1357 voluntate
687 1326 823 1357 Walteri
839 1327 878 1357 de
894 1326 1043 1357 Moravia
1061 1327 1189 1369 patroni
1205 1333 1237 1358 et
1253 1326 1357 1358 futuri
1372 1327 1535 1358 collatoris
1553 1329 1738 1360 earundem.

243 1379 391 1408 1224-42.
404 1379 437 1418 f
452 1379 503 1410 27.

238 1430 288 1460 62.
312 1429 505 1460 Malcolmus
522 1429 634 1460 Comes
657 1428 695 1460 de
711 1429 777 1471 Fyf
795 1429 938 1471 quietam
957 1429 1077 1461 clamat
1102 1434 1204 1461 terras
1229 1436 1261 1461 81
1284 1430 1446 1461 8881863111
1472 1430 1511 1462 (18
1533 1431 1736 1469 Inuei·0uen;

238 1492 310 1511 cnm
327 1485 495 1522 patronatu
512 1480 638 1511 ecclesie
653 1480 692 1511 de
708 1480 872 1512 Cromdol.
904 1483 1053 1512 1224-42.
1066 1483 1099 1522 f
1115 1482 1167 1512 26.
1191 1483 1296 1521 reyist.
1314 1488 1424 1513 recent.
1437 1484 1471 1522 f
1488 1484 1538 1513 24.

239 1534 289 1562 63.
312 1532 412 1563 Carta
428 1531 566 1573 ejusdcm
582 1531 707 1573 dejure
723 1537 911 1574 patronatus
928 1533 966 1563 de
983 1533 1164 1564 Cromdole.
1190 1535 1343 1564 1224-42.
1358 1535 1391 1574 s
1409 1537 1460 1565 29.

238 1585 289 1613 64.
313 1582 486 1624 Episcopus
502 1582 671 1614 confirmat
687 1583 894 1616 donationem
911 1584 1069 1616 Willelmi
1084 1584 1143 1615 filii
1161 1584 1317 1616 Willelmi
1334 1585 1392 1616 filii
1409 1585 1564 1624 Freskini,
1583 1586 1621 1617 de
1635 1587 1737 1618 Artil-

238 1634 289 1666 ‹101
310 1635 394 1675 (23).
422 1635 569 1664 1224-42.
583 1636 615 1675 f
633 1637 683 1664 23.

237 1686 288 1716 65.
312 1685 486 1728 Episcopus
516 1685 571 1716 dat
601 1686 760 1717 ecclefiam
788 1686 827 1717 de
853 1686 1070 1719 Rathmorcus
1100 1688 1141 1719 ad
1171 1687 1346 1719 luminaria
1375 1688 1502 1720 ecclesie
1532 1690 1734 1722 cathedralis.

241 1739 388 1768 1224-42.
426 1759 433 1766 .
451 1739 500 1766 23.

237 1789 287 1818 66.
312 1739 485 1830 Ερὶῐοζρυε
501 1788 555 1818 (131
571 1788 730 1819 ecclesiam
748 1789 786 1820 de
798 1789 990 1833 Dulerguffy
1002 1791 1043 1822 ad
1054 1790 1229 1823 luminaria
1241 1791 1444 1823 cathedralis.
1472 1794 1623 1824 1224-42.
1637 1796 1671 1834 fi
1683 1796 1732 1825 23.

236 1841 287 1872 67.
312 1839 401 1882 Papa
420 1839 588 1870 confirmat
608 1840 784 1882 prebendas
799 1841 837 1872 de
854 1842 949 1884 Petty
965 1849 997 1874 81
1012 1843 1174 1885 Bracholy
1191 1849 1224 1875 et
1239 1843 1279 1874 de
1295 1844 1484 1886 Butruthyn
1501 1849 1533 1876 et
1548 1845 1733 1887 Abyrlouer

238 1891 321 1931 (61).
350 1893 440 1921 1224.
455 1893 487 1930 f
508 1893 553 1921 12.

235 1944 286 1972 68.
310 1942 483 1984 Episcopus
505 1942 666 1973 constituit
689 1944 882 1985 prebendam
905 1945 944 1975 de.
965 1945 1100 1978 ecclesiis
1116 1946 1155 1978 de
1179 1946 1327 1989 Kingusy
1343 1951 1375 1978 81
1390 1947 1442 1978 del
1459 1947 1569 1986 Incbe,
1587 1953 1619 1980 81
1635 1949 1731 1980 aliam

234 1993 273 2024 (18
288 1993 423 2024 eoelestis
439 1993 477 2024 dc
493 1994 599 2035 Croyn
616 1998 647 2024 81
664 1994 792 2036 Lunyn.
822 1997 912 2026 1226.
925 1998 958 2036 f
975 1999 1025 2027 24.

234 2047 284 2078 69.
310 2045 521 2076 Confirmatio
536 2051 607 2076 octo
624 2051 767 2077 veterum
785 2048 1002 2087 canoniarum,
1032 2050 1209 2092 (prebenda
1229 2051 1269 2082 de
1290 2055 1377 2082 terra
1393 2051 1432 2082 de
1448 2051 1625 2083 Fotherues
1641 2052 1731 2096 Epis-

233 2108 311 2138 copo
326 2096 486 2138 affignata,
502 2097 631 2128 8881863
646 2108 722 2128 vero
738 2098 776 2129 de
794 2099 986 2131 Strathouen
1000 2101 1198 2133 Cancellario
1208 2102 1232 2142 ;)
1258 2102 1385 2145 insuper
1400 2103 1518 2134 additis
1533 2103 1643 2135 decem
1659 2117 1730 2147 pre-

232 2148 343 2179 bendis
360 2148 597 2179 recentioribus.
626 2151 715 2179 1226.
729 2151 762 2189 f
779 2152 807 2180 5.

234 2202 283 2231 70.
309 2198 481 2241 Episcopus
498 2199 639 2241 quietam
655 2200 771 2231 clamat
786 2201 907 2233 Jacobo
927 2202 994 2234 filio
1014 2204 1188 2246 Morgundi
1214 2210 1333 2238 terram
1349 2206 1512 2248 quandam
1527 2211 1560 2238 81
1575 2206 1728 2239 secundas

232 2250 369 2281 decimas
385 2250 424 2281 dc
440 2251 647 2293 Abyrnythy.
676 2253 768 2283 1226.
784 2254 816 2293 fi
834 2255 884 2284 25.
