2066 2780
584 137 901 173 REGISTRUM
927 137 1288 174 MORAVIENSE.
1633 146 1680 182 29

186 239 263 274 rivo
282 238 342 285 qui
359 235 558 284 appellatur
579 235 760 271 Helthach
783 235 891 283 usque
915 235 960 270 ad
981 235 1137 270 rivulum
1156 236 1216 282 qui
1235 236 1364 271 dicitur
1383 236 1645 275 Aldnafl'auoch
1671 259 1679 268 ·

184 296 333 331 liberam
352 299 387 329 et
405 293 561 340 quietam
579 294 622 329 ab
641 293 739 329 omni
762 293 950 328 exactione
973 298 1009 328 et
1030 292 1171 328 servitio
1196 293 1342 328 seculari
1368 300 1474 341 prout
1500 296 1625 332 melius
1645 302 1681 332 et

184 352 323 400 plenius
349 350 532 399 predictus
559 350 754 399 Episcopus
780 350 979 398 medietam
1005 355 1136 385 terram
1163 350 1266 397 petiit
1292 355 1327 385 et
1353 350 1518 386 clamavit
1551 371 1559 379 ·
1597 353 1680 389 Hoc

183 414 302 445 autem
329 408 366 443 in
392 408 555 455 predicta
578 407 831 456 compositione
850 408 1046 443 deductum
1065 407 1114 442 est
1130 407 1226 454 quod
1245 407 1400 454 quelibet
1423 409 1682 455 prenominata-

182 479 262 502 rum
288 464 511 501 ecclesiarum
541 485 549 493 ·
572 466 703 501 scilicet
721 466 765 501 de
785 465 919 513 Rynyn
942 471 978 500 et
999 465 1043 500 de
1062 465 1270 500 Dunbanan
1297 469 1333 500 et
1359 465 1402 500 de
1429 465 1682 514 Drumdalgyn

183 529 218 560 et
236 524 280 559 de
301 523 494 559 Rotheuan
513 528 549 558 et
567 523 611 558 de
626 523 803 558 Butharin
817 542 824 550 ·
837 522 980 558 habebit
992 522 1098 570 juxta
1114 522 1147 558 se
1167 527 1202 557 et
1219 535 1331 570 prope
1349 535 1412 570 per
1425 522 1536 557 visum
1554 523 1682 570 probo-

182 594 262 617 rum
281 581 468 616 hominum
492 580 647 616 croftum
668 580 774 615 unius
797 593 877 615 acre
904 585 939 615 et
961 580 1090 615 toftum
1116 585 1152 615 et
1175 584 1295 614 ortum
1319 579 1458 615 olerum
1482 586 1683 628 competen-

183 644 237 674 ter
255 643 290 674 et
308 638 449 686 ydoneo
467 638 548 673 loco
567 643 602 673 et
620 637 836 685 competenti
865 657 873 664 ·
903 637 1065 680 Quilibet
1083 650 1168 672 vero
1186 637 1346 672 sacerdos
1364 636 1562 672 ministrans
1580 638 1685 673 alicui

183 695 404 732 ecelefiarum
419 696 662 743 predictarum
676 695 819 730 habebit
833 693 893 730 fibi
912 700 947 730 et
965 695 1032 729 suis
1051 707 1277 730 communem
1297 694 1471 742 pasturam
1489 708 1552 742 per
1570 700 1682 731 totam

182 754 385 802 parochiam
405 753 501 788 suam
521 773 529 780 ·
548 753 742 788 secundum
761 753 857 799 quod
877 752 925 787 est
942 752 1119 800 provisum
1140 757 1175 787 et
1193 751 1421 787 constitutum
1441 752 1483 787 ab
1504 752 1682 801 Episcopis

183 811 285 859 regni
304 811 482 847 Scoticani
500 811 537 846 in
555 810 707 846 concilio
727 810 923 845 eorundem
952 829 960 837 ·
990 809 1074 845 Hoc
1092 810 1198 845 ctiam
1217 809 1265 845 est
1282 810 1318 844 in
1338 808 1589 857 compositione
1607 823 1685 858 pre-

184 869 281 904 ᾶὶὸὶει
298 869 495 904 deductum
513 868 608 916 quod
624 868 825 903 lVillelmus
844 868 992 915 persona
1006 868 1049 902 de
1065 867 1266 915 Edendyuy
1280 873 1315 902 ct
1330 867 1519 915 Gyllemor
1532 868 1685 903 vicarius

185 926 229 961 de
248 926 428 974 Butharry
445 926 621 962 tenebunt
639 931 750 961 terras
769 925 813 960 de
837 925 1092 972 Drumdalgyn
1116 930 1151 960 et
1175 925 1218 960 de
1243 925 1437 960 Rotheuan
1456 931 1491 960 et
1510 926 1553 961 de
1573 926 1684 961 Buth-

186 996 267 1031 arry
291 983 394 1031 supra
419 983 621 1018 nominatas
646 988 755 1030 prout
781 983 987 1018 continetur
1014 982 1051 1016 in
1078 982 1183 1017 cartis
1209 995 1334 1017 eorum
1365 996 1451 1030 quas
1481 983 1613 1018 habent
1642 983 1685 1018 de

186 1040 350 1088 predicto
369 1040 543 1088 Episcopo
563 1060 571 1068 ·
592 1046 627 1076 et
649 1040 913 1088 respondebunt
931 1040 1030 1075 dicto
1050 1039 1170 1074 David
1195 1040 1239 1075 de
1261 1040 1371 1075 firmis
1389 1054 1511 1076 earum
1531 1060 1539 1068 ·
1559 1046 1594 1076 et
1618 1041 1688 1089 ipse

188 1097 310 1133 David
336 1098 548 1133 tantundem
574 1098 686 1133 solvet
714 1098 875 1145 episcopo
904 1096 1118 1133 moravienfi
1148 1098 1209 1144 qui
1239 1110 1305 1145 pro
1333 1103 1495 1146 tempore
1517 1098 1625 1134 fuerit
1653 1104 1689 1134 et

188 1168 262 1190 non
285 1155 435 1202 amplius
459 1155 502 1190 de
524 1155 694 1202 predictis
720 1155 823 1190 terris
850 1153 927 1202 ipfis
957 1155 1069 1189 diffie
1096 1160 1208 1189 terras
1235 1155 1438 1190 tenentibus
1473 1175 1481 1183 ·
1520 1155 1688 1191 Predicto

188 1225 274 1247 vero
290 1212 472 1248 Willelmo
492 1212 687 1248 decedente
701 1212 759 1247 vel
777 1212 926 1247 cedente
943 1211 1127 1259 predhstus
1142 1212 1263 1246 David
1277 1217 1313 1247 et
1326 1213 1474 1248 heredes
1488 1213 1538 1247 sui
1552 1213 1689 1249 solvent

188 1270 351 1317 predicto
376 1270 550 1317 Episcopo
576 1268 789 1306 moravienfi
815 1275 850 1304 et
876 1269 1124 1304 successoribus
1150 1269 1218 1304 suis
1244 1282 1309 1316 pro
1336 1270 1498 1317 predicta
1523 1275 1619 1305 terra
1645 1271 1688 1306 de

190 1327 444 1375 Drumdelgyn
474 1328 561 1362 duas
592 1340 727 1362 marcas
754 1340 890 1362 annuas
917 1325 1003 1361 ficut
1033 1326 1190 1374 superius
1217 1326 1354 1361 dictum
1382 1326 1430 1362 est
1460 1346 1468 1354 ·
1502 1327 1690 1363 Predictus

189 1398 276 1420 vero
296 1385 417 1420 David
443 1385 613 1432 obligavit
639 1385 672 1419 se
699 1389 735 1420 et
757 1384 906 1419 heredes
930 1383 1010 1418 suos
1024 1383 1065 1418 in
1082 1389 1296 1431 perpetuum
1313 1397 1377 1432 per
1390 1384 1636 1432 juramentum
1655 1390 1690 1420 et

189 1442 281 1477 hanc
299 1442 515 1490 solempnem
536 1442 744 1490 scripturam
767 1442 811 1477 ad
835 1441 1032 1489 predictam
1052 1440 1341 1489 compositionem
1360 1441 1513 1477 fideliter
1531 1447 1566 1477 et
1583 1442 1690 1477 firmi-

191 1505 246 1535 ter
269 1505 304 1535 et
326 1499 465 1547 plenius
490 1499 743 1534 observandam
770 1499 831 1534 sub
858 1512 949 1546 pena
972 1498 1208 1545 quadraginta
1230 1498 1400 1533 librarum
1420 1498 1690 1546 esterlingorum

191 1557 359 1604 legalium
379 1557 545 1592 solvenda
563 1557 726 1604 predicto
746 1556 920 1604 Episcopo
940 1561 975 1591 et
993 1555 1241 1591 successoribus
1263 1556 1330 1591 suis
1348 1569 1369 1591 a
1386 1556 1550 1604 Ρῐθόἰὸὶο
1570 1556 1690 1591 David

192 1619 228 1649 et
250 1614 439 1649 heredibus
466 1614 533 1648 suis
559 1614 724 1660 quotiens
748 1614 785 1648 in
809 1614 928 1660 aliquo
950 1618 1076 1648 contra
1097 1613 1246 1648 eandem
1265 1618 1400 1648 temere
1418 1618 1566 1648 ventum
1584 1613 1692 1648 fuerit

191 1671 234 1706 ab
253 1671 321 1706 illis
338 1672 396 1707 vel
418 1671 536 1718 aliquo
556 1671 699 1706 illorum
726 1690 734 1698 ·
762 1676 797 1706 et
823 1670 1046 1706 renunciavit
1071 1683 1137 1718 pro
1164 1670 1196 1705 se
1224 1675 1259 1705 et
1284 1670 1473 1705 heredibus
1499 1670 1567 1705 suis
1594 1671 1691 1706 omni

193 1729 393 1777 exceptioni
414 1748 422 1756 ·
441 1728 671 1776 appellationi
691 1748 699 1756 ·
720 1727 891 1763 occasioni
909 1733 945 1763 et
963 1727 1240 1763 contradictioni
1258 1732 1293 1762 et
1312 1728 1409 1762 omni
1422 1727 1514 1776 juris
1532 1728 1691 1763 remedio

191 1791 264 1821 tam
283 1786 395 1822 civilis
413 1799 520 1833 quam
539 1784 754 1821 ecclesiastici
787 1805 794 1813 ·
827 1790 862 1820 et
880 1784 1122 1820 constitutioni
1140 1785 1184 1820 de
1203 1785 1339 1820 duabus
1358 1785 1460 1820 dietis
1479 1790 1514 1820 et
1531 1785 1690 1821 remedio

193 1844 378 1892 episcopali
393 1843 465 1878 divi
477 1842 630 1878 Adriani
647 1862 655 1870 ·
673 1843 860 1878 PrediGtus
873 1855 960 1878 vero
976 1842 1169 1890 Episcopus
1188 1842 1248 1877 sub
1263 1843 1386 1878 eadem
1405 1842 1519 1877 forma
1533 1855 1597 1890 per
1609 1856 1690 1890 pro-

192 1899 387 1936 miflionem
411 1901 448 1935 in
470 1901 581 1936 verbo
605 1900 677 1936 Dei
703 1900 834 1935 factam
862 1905 897 1935 et
923 1912 987 1948 per
1013 1899 1111 1934 istam
1135 1899 1353 1947 solempnem
1377 1900 1585 1948 scripturam
1604 1900 1636 1935 se
1655 1905 1691 1935 et

192 1958 399 1994 successores
424 1958 503 1993 suos
527 1958 737 2005 obligandos
761 1957 919 1993 decrevit
942 1962 1115 2004 quantum
1139 1957 1184 1992 ad
1207 1957 1319 2005 ipsum
1339 1958 1495 2005 pertinet
1512 1958 1557 1992 ad
1575 1957 1690 2005 supra-

193 2015 372 2051 dictorum
392 2015 674 2051 observationem
698 2014 839 2050 fidelem
860 2020 896 2050 et
912 2015 1052 2049 firmam
1071 2019 1107 2050 et
1124 2014 1266 2062 plenam
1285 2015 1322 2049 in
1337 2014 1501 2050 omnibus
1519 2014 1580 2050 sub
1598 2027 1690 2063 pena

192 2073 392 2121 supradicta
410 2078 445 2109 et
463 2072 734 2108 renunciatione
753 2071 922 2107 confimili
940 2085 1004 2120 per
1019 2072 1140 2107 omnia
1154 2091 1162 2100 ·
1180 2072 1225 2107 In
1238 2072 1482 2120 premissorum
1498 2077 1617 2107 autem
1631 2072 1689 2107 fir-

193 2143 290 2166 mum
318 2136 354 2166 et
379 2130 611 2166 indubitabile
637 2129 877 2165 testimonium
903 2129 1006 2165 alteri
1032 2129 1125 2177 parti
1150 2129 1255 2178 hujus
1280 2130 1451 2178 scripture
1477 2130 1514 2164 in
1540 2129 1687 2164 modum

194 2188 405 2236 cyrographi
423 2188 586 2223 conse&e
605 2200 674 2235 que
692 2186 854 2223 refidebit
870 2200 979 2235 penes
999 2187 1137 2222 dictum
1156 2187 1278 2223 David
1301 2185 1456 2235 apposita
1478 2187 1558 2222 sunt
1578 2185 1688 2233 figilla

193 2246 437 2294 predictorum
456 2245 620 2294 Episcopi
638 2250 673 2281 et
691 2244 836 2293 capituli
854 2258 934 2281 cum
954 2244 1263 2293 subscriptionibus
1284 2245 1538 2280 canonicorum
1556 2262 1565 2271 ·
1584 2242 1687 2278 alteri
