2060 2660
231 499 301 543 167

236 1590 304 1626 168

328 171 397 212 196
721 168 1038 207 REGISTRUM
1066 166 1432 205 MORAVIENSE.

328 328 548 376 Computum
579 327 715 362 sa6him
746 327 839 362 inter
868 325 1054 361 dominum
1084 322 1335 359 Alexandrum
1361 320 1549 357 senescalli
1577 325 1613 356 et
1641 320 1827 357 dominum

329 386 579 422 Alexandrum
598 384 798 433 episcopum
819 382 1080 420 moraviensem
1100 399 1108 409 ·

330 500 611 537 Memorandum
641 499 737 547 quod
764 498 821 533 die
847 496 1001 532 secundo
1028 493 1153 530 mensls
1180 493 1366 529 Februarii
1394 493 1432 528 in
1461 493 1568 528 domo
1596 493 1737 530 Thome
1765 493 1828 529 filii

330 558 504 595 Johannis
530 556 711 605 burgensis
738 557 782 591 de
808 555 986 601 Inuernys
1012 565 1107 587 anno
1131 556 1198 587 etc·
1232 551 1402 586 -lxxxvi‘ffi
1438 551 1706 599 computatione
1736 551 1830 587 fafita

329 617 422 652 inter
440 616 668 663 magnificum
688 613 873 649 dominum
894 610 1144 646 Alexandrum
1164 608 1351 644 Senescalli
1371 609 1557 644 dominum
1577 610 1621 644 de
1641 609 1831 645 Badenach

329 687 373 710 ex
391 679 490 722 parte
508 686 581 708 una
599 677 634 708 et
652 671 836 706 dominum
858 667 1106 704 Alexandrum
1126 666 1329 714 episcopum
1348 666 1609 704 moraviensem
1628 680 1672 703 ex
1690 667 1802 703 altera
1821 685 1829 694 ·

329 732 431 780 super
457 731 559 766 firma
585 730 629 765 de
655 727 896 764 Ratmurchus
922 731 958 761 et
985 724 1105 760 annali
1132 724 1176 759 de
1204 723 1416 760 Culnecavil
1444 725 1536 760 infra
1566 725 1750 760 baroniam
1787 725 1831 760 de

331 789 542 836 Abernethy
562 807 570 815 ·
590 787 754 823 omnibus
773 783 985 832 computatis
1003 788 1038 817 et
1056 782 1216 817 allocatis
1234 783 1418 830 predifihis
1436 783 1602 818 dominus
1622 783 1831 819 Alexander

330 845 494 882 remansit
513 845 652 881 debitor
670 843 832 892 1›redi6‘co
852 841 999 876 domino
1019 839 1194 888 Episcopo
1213 840 1251 875 in
1269 841 1437 876 undecim
1456 841 1583 876 marcis
1607 860 1615 869 ·
1641 841 1685 876 de
1704 841 1831 888 quibus

330 905 485 951 quinque
504 915 621 938 marce
641 902 772 937 donate
790 900 936 934 fuerunt
955 904 990 933 et
1008 898 1145 934 remifl'e
1175 917 1183 926 ·
1214 904 1250 934 et
1277 899 1320 934 de
1347 898 1404 934 sex
1432 899 1558 934 marcis
1584 899 1748 947 predksto
1772 899 1832 935 do-

330 962 428 997 mino
447 961 621 1009 Episcopo
640 959 768 994 ibidem
789 958 904 993 fuerat
923 956 1140 992 satisfactum
1160 976 1168 984 ·
1197 957 1256 993 De
1274 957 1351 992 aliis
1369 957 1463 993 inter
1487 957 1577 1006 ipsos
1595 957 1833 1005 pendentibus

329 1020 437 1055 nichil
456 1020 571 1054 fuerat
589 1018 636 1052 ibi
655 1017 788 1052 factum
808 1022 848 1050 ut
867 1021 954 1063 puta
978 1015 1021 1050 de
1049 1015 1194 1050 decimis
1214 1014 1407 1063 justiciarie
1434 1021 1470 1051 et
1496 1015 1676 1051 curiarum
1694 1015 1832 1051 viceco-

329 1078 423 1112 mitis
442 1082 619 1112 tentarum
639 1081 799 1122 tempore
818 1073 879 1108 suo
899 1092 907 1100 ·
927 1085 993 1108 nec
1021 1073 1064 1107 de
1092 1072 1273 1120 sexaginta
1299 1073 1416 1108 solidis
1444 1073 1570 1108 debitis
1596 1086 1662 1121 pro
1688 1072 1833 1108 decimis

329 1135 437 1170 trium
457 1132 669 1181 Fyndlargis
687 1145 772 1179 quas
786 1131 921 1178 recepit
934 1130 956 1167 J
960 1130 1118 1165 ohannes
1132 1130 1234 1179 Gray
1248 1131 1535 1166 constabellarius
1554 1132 1597 1166 de
1619 1131 1804 1167 Ruthwen
1823 1150 1831 1157 ·

332 1192 423 1227 Item
442 1190 714 1226 memorandum
734 1189 829 1236 quod
848 1201 869 1223 a
886 1194 1048 1236 tempore
1067 1189 1193 1224 mortis
1212 1188 1355 1225 Cristini
1374 1189 1528 1226 wei-ath
1547 1189 1655 1236 usque
1680 1188 1724 1223 ad
1746 1194 1833 1224 tem-

329 1262 394 1297 pus
412 1262 483 1296 quo
502 1248 667 1283 dominus
687 1246 897 1282 Alexander
920 1246 1068 1282 intravit
1090 1247 1136 1282 ad
1158 1247 1343 1283 baroniam
1362 1248 1406 1283 de
1426 1247 1640 1295 Abernethy
1657 1246 1767 1282 nichil
1785 1246 1832 1282 est

328 1307 488 1342 locutum
508 1325 516 1333 ·

331 1480 440 1515 Carta
458 1478 518 1514 -A-
538 1478 689 1527 episcopi
707 1478 810 1526 super
828 1478 932 1514 terris
951 1478 995 1514 de
1015 1477 1232 1527 Abbreachy
1252 1498 1259 1506 -

334 1592 514 1630 Univerfis
537 1593 655 1628 san&e
680 1594 802 1628 matris
827 1592 968 1629 ecclefie
991 1594 1072 1629 filiis
1094 1594 1140 1629 ad
1163 1607 1252 1642 quos
1275 1593 1454 1642 presentes
1479 1594 1582 1630 litere
1606 1595 1835 1643 pervenerint

335 1651 543 1686 Alexander
560 1650 783 1698 permistione
803 1652 924 1686 divina
942 1651 1082 1688 ecclesie
1102 1650 1335 1689 moraviensis
1353 1651 1510 1687 minister
1528 1652 1671 1687 humilis
1689 1653 1834 1689 salutem

333 1709 580 1757 sempiternam
606 1727 614 1735 ·
653 1708 806 1744 Noverit
825 1708 1032 1745 universitas
1050 1709 1163 1746 vestra
1180 1723 1247 1745 nos
1265 1710 1309 1745 de
1328 1708 1472 1745 confilio
1491 1716 1526 1746 et
1544 1711 1676 1746 assensu
1697 1711 1835 1747 Decani

335 1771 370 1802 et
392 1766 537 1812 capituli
564 1765 705 1801 ecclesie
730 1766 847 1802 nostre
874 1768 1036 1815 predhste
1060 1787 1068 1796 ·
1096 1768 1251 1803 utilitate
1278 1769 1460 1804 communi
1487 1769 1630 1817 pensata
1654 1775 1690 1804 et
1716 1769 1836 1805 habito

335 1825 437 1872 super
455 1824 522 1859 hoc
541 1824 638 1871 prius
663 1824 824 1871 diligenti
851 1826 1008 1861 tractatu
1027 1845 1035 1854 ·
1056 1826 1185 1862 dediffe
1204 1824 1402 1862 conceffiffe
1421 1832 1456 1862 et
1474 1827 1519 1862 ad
1538 1827 1678 1862 seodam
1697 1827 1836 1863 firmani

338 1880 496 1917 dimififfe
520 1881 709 1928 magnifico
732 1882 843 1917 nobili
868 1888 904 1918 et
928 1884 1065 1931 potenti
1085 1884 1232 1920 domino
1251 1885 1398 1920 domino
1418 1884 1630 1920 Alexandro
1650 1885 1837 1922 Senescalli

336 1939 457 1975 comiti
486 1939 667 1974 Buchanie
697 1940 842 1975 domino
866 1941 909 1976 de
933 1941 1022 1976 Ross
1046 1947 1082 1977 et
1109 1942 1153 1977 de
1178 1942 1369 1978 Badenach
1396 1942 1515 1978 locum
1539 1944 1676 1979 tenenti
1700 1944 1835 1979 domini

336 1996 445 2033 nostri
465 1997 575 2044 Regis
593 2009 633 2032 ac
645 1996 838 2044 justiciario
857 2011 900 2034 ex
919 2005 1018 2047 parte
1036 2000 1171 2035 boreali
1189 2013 1280 2048 aque
1299 2000 1342 2036 de
1362 2000 1475 2036 Forth
1503 2019 1511 2028 ·
1539 2014 1604 2049 pro
1628 2001 1694 2036 suis
1717 2001 1836 2036 multi-

337 2055 488 2103 plicibus
506 2054 686 2090 beneficiis
705 2055 925 2102 adjutoribus
953 2063 988 2092 et
1014 2057 1168 2093 subfidiis
1191 2058 1294 2093 nobis
1313 2064 1348 2094 et
1367 2059 1462 2094 dicte
1481 2056 1621 2094 ecclefie
1639 2058 1755 2094 nostre
1774 2059 1836 2094 im-

338 2111 450 2160 pensis
468 2118 503 2148 et
521 2112 674 2147 fideliter
692 2125 756 2160 pro
776 2120 948 2161 perpetuo
968 2115 1215 2161 impendendis
1235 2136 1242 2144 ·
1263 2116 1446 2152 dimidiam
1465 2116 1629 2151 davatam
1647 2121 1742 2152 terre
1761 2115 1837 2152 nos-

337 2176 392 2206 tre
413 2170 457 2205 de
477 2169 680 2218 Abireachy
694 2169 873 2217 jacentem
893 2172 986 2207 inter
1005 2172 1185 2209 baroniam
1206 2174 1250 2209 de
1268 2174 1301 2210 le
1321 2174 1468 2209 Bonach
1487 2187 1531 2209 ex
1548 2179 1648 2221 parte
1673 2174 1837 2210 orientali

338 2241 382 2263 ex
400 2233 499 2276 parte
521 2240 594 2263 una
621 2233 657 2263 et
684 2227 867 2263 baroniam
887 2229 930 2264 de
950 2229 1113 2266 Urchard
1134 2245 1176 2267 ex
1196 2237 1295 2280 parte
1315 2231 1526 2267 occidentali
1545 2244 1589 2266 ex
1607 2230 1718 2267 altera
1737 2251 1745 2259 ·
1765 2245 1837 2267 una
