<?xml version="1.0" encoding="UTF-8"?>
<!DOCTYPE html PUBLIC "-//W3C//DTD XHTML 1.0 Transitional//EN"
    "http://www.w3.org/TR/xhtml1/DTD/xhtml1-transitional.dtd">
<html xmlns="http://www.w3.org/1999/xhtml" xml:lang="en" lang="en">
 <head>
  <title>
</title>
<meta http-equiv="Content-Type" content="text/html;charset=utf-8" />
  <meta name='ocr-system' content='tesseract 3.04.00' />
  <meta name='ocr-capabilities' content='ocr_page ocr_carea ocr_par ocr_line ocrx_word'/>
</head>
<body>
  <div class='ocr_page' id='page_1' title='image "./registrumepisc5800morauoft_0483.png"; bbox 0 0 1912 2660; ppageno 0'>
   <div class='ocr_carea' id='block_1_1' title="bbox 217 1195 1376 1248">
    <p class='ocr_par' dir='ltr' id='par_1_1' title="bbox 217 1195 1376 1248">
     <span class='ocr_line' id='line_1_1' title="bbox 217 1195 1376 1248; baseline 0.004 -18"><span class='ocrx_word' id='word_1_1' title='bbox 217 1195 339 1232; x_wconf 86' lang='lat' dir='ltr'>Litera</span> <span class='ocrx_word' id='word_1_2' title='bbox 357 1197 623 1234; x_wconf 75' lang='lat' dir='ltr'>conservatoris</span> <span class='ocrx_word' id='word_1_3' title='bbox 642 1199 685 1235; x_wconf 89' lang='lat' dir='ltr'>de</span> <span class='ocrx_word' id='word_1_4' title='bbox 704 1200 854 1235; x_wconf 91' lang='lat' dir='ltr'>concilio</span> <span class='ocrx_word' id='word_1_5' title='bbox 872 1200 1080 1247; x_wconf 81' lang='lat' dir='ltr'>provinciali</span> <span class='ocrx_word' id='word_1_6' title='bbox 1098 1200 1348 1248; x_wconf 83' lang='lat' dir='ltr'>congregando</span> <span class='ocrx_word' id='word_1_7' title='bbox 1369 1220 1376 1227; x_wconf 90' lang='lat'>·</span> 
     </span>
    </p>
   </div>
   <div class='ocr_carea' id='block_1_2' title="bbox 117 1305 1700 2274">
    <p class='ocr_par' dir='ltr' id='par_1_2' title="bbox 117 1305 1700 2274">
     <span class='ocr_line' id='line_1_2' title="bbox 117 1305 1699 1362; baseline 0.001 -16"><span class='ocrx_word' id='word_1_8' title='bbox 117 1305 189 1341; x_wconf 65' lang='grc' dir='ltr'>ρ95</span> <span class='ocrx_word' id='word_1_9' title='bbox 217 1311 431 1347; x_wconf 87' lang='lat' dir='ltr'>Reverendo</span> <span class='ocrx_word' id='word_1_10' title='bbox 457 1313 493 1347; x_wconf 88' lang='lat' dir='ltr'>in</span> <span class='ocrx_word' id='word_1_11' title='bbox 516 1312 653 1348; x_wconf 88' lang='lat' dir='ltr'>Christo</span> <span class='ocrx_word' id='word_1_12' title='bbox 680 1314 772 1361; x_wconf 87' lang='lat' dir='ltr'>patri</span> <span class='ocrx_word' id='word_1_13' title='bbox 795 1319 861 1349; x_wconf 89' lang='lat' dir='ltr'>etc·</span> <span class='ocrx_word' id='word_1_14' title='bbox 887 1314 1032 1349; x_wconf 87' lang='lat' dir='ltr'>domino</span> <span class='ocrx_word' id='word_1_15' title='bbox 1057 1320 1123 1349; x_wconf 83' lang='lat' dir='ltr'>etc.-</span> <span class='ocrx_word' id='word_1_16' title='bbox 1154 1314 1241 1349; x_wconf 79' lang='lat' dir='ltr'>talis</span> <span class='ocrx_word' id='word_1_17' title='bbox 1269 1314 1449 1362; x_wconf 87' lang='lat' dir='ltr'>episcopus</span> <span class='ocrx_word' id='word_1_18' title='bbox 1472 1312 1699 1350; x_wconf 75' lang='lat' dir='ltr'>moravienfis</span> 
     </span>
     <span class='ocr_line' id='line_1_3' title="bbox 214 1369 1700 1419; baseline 0.002 -16"><span class='ocrx_word' id='word_1_19' title='bbox 214 1382 254 1404; x_wconf 86' lang='lat' dir='ltr'>ac</span> <span class='ocrx_word' id='word_1_20' title='bbox 278 1369 504 1405; x_wconf 88' lang='lat' dir='ltr'>conservator</span> <span class='ocrx_word' id='word_1_21' title='bbox 528 1369 659 1405; x_wconf 83' lang='lat' dir='ltr'>confilii</span> <span class='ocrx_word' id='word_1_22' title='bbox 687 1371 862 1406; x_wconf 87' lang='lat' dir='ltr'>Scoticani</span> <span class='ocrx_word' id='word_1_23' title='bbox 886 1371 1031 1406; x_wconf 89' lang='lat' dir='ltr'>salutem</span> <span class='ocrx_word' id='word_1_24' title='bbox 1051 1390 1059 1398; x_wconf 95' lang='lat'><strong>·</strong></span> <span class='ocrx_word' id='word_1_25' title='bbox 1092 1371 1165 1406; x_wconf 90' lang='lat' dir='ltr'>Tot</span> <span class='ocrx_word' id='word_1_26' title='bbox 1189 1384 1298 1407; x_wconf 90' lang='lat' dir='ltr'>onera</span> <span class='ocrx_word' id='word_1_27' title='bbox 1324 1385 1387 1419; x_wconf 92' lang='lat' dir='ltr'>per</span> <span class='ocrx_word' id='word_1_28' title='bbox 1413 1385 1473 1407; x_wconf 87' lang='lat' dir='ltr'>eos</span> <span class='ocrx_word' id='word_1_29' title='bbox 1502 1371 1562 1418; x_wconf 91' lang='lat' dir='ltr'>qui</span> <span class='ocrx_word' id='word_1_30' title='bbox 1588 1371 1700 1418; x_wconf 89' lang='lat' dir='ltr'>potes-</span> 
     </span>
     <span class='ocr_line' id='line_1_4' title="bbox 213 1426 1700 1476; baseline 0.001 -15"><span class='ocrx_word' id='word_1_31' title='bbox 213 1431 322 1470; x_wconf 84' lang='lat' dir='ltr'>tatem</span> <span class='ocrx_word' id='word_1_32' title='bbox 341 1426 470 1462; x_wconf 82' lang='lat' dir='ltr'>habere</span> <span class='ocrx_word' id='word_1_33' title='bbox 487 1427 655 1463; x_wconf 90' lang='lat' dir='ltr'>videntur</span> <span class='ocrx_word' id='word_1_34' title='bbox 672 1428 778 1463; x_wconf 91' lang='lat' dir='ltr'>hodie</span> <span class='ocrx_word' id='word_1_35' title='bbox 800 1429 1034 1476; x_wconf 89' lang='lat' dir='ltr'>imponuntur</span> <span class='ocrx_word' id='word_1_36' title='bbox 1052 1427 1200 1463; x_wconf 83' lang='lat' dir='ltr'>ecclefiis</span> <span class='ocrx_word' id='word_1_37' title='bbox 1226 1429 1263 1463; x_wconf 92' lang='lat' dir='ltr'>in</span> <span class='ocrx_word' id='word_1_38' title='bbox 1289 1428 1446 1476; x_wconf 85' lang='lat' dir='ltr'>partibus</span> <span class='ocrx_word' id='word_1_39' title='bbox 1463 1427 1587 1463; x_wconf 88' lang='lat' dir='ltr'>nostris</span> <span class='ocrx_word' id='word_1_40' title='bbox 1604 1428 1700 1475; x_wconf 91' lang='lat' dir='ltr'>quod</span> 
     </span>
     <span class='ocr_line' id='line_1_5' title="bbox 212 1483 1700 1532; baseline 0.001 -14"><span class='ocrx_word' id='word_1_41' title='bbox 212 1483 408 1519; x_wconf 81' lang='lat' dir='ltr'>sacerdotes</span> <span class='ocrx_word' id='word_1_42' title='bbox 435 1489 470 1519; x_wconf 90' lang='lat' dir='ltr'>et</span> <span class='ocrx_word' id='word_1_43' title='bbox 496 1483 715 1532; x_wconf 84' lang='lat' dir='ltr'>poffessiones</span> <span class='ocrx_word' id='word_1_44' title='bbox 739 1498 863 1521; x_wconf 89' lang='lat' dir='ltr'>eorum</span> <span class='ocrx_word' id='word_1_45' title='bbox 891 1486 928 1520; x_wconf 93' lang='lat' dir='ltr'>in</span> <span class='ocrx_word' id='word_1_46' title='bbox 953 1485 1030 1520; x_wconf 92' lang='lat' dir='ltr'>luto</span> <span class='ocrx_word' id='word_1_47' title='bbox 1053 1490 1088 1520; x_wconf 93' lang='lat' dir='ltr'>et</span> <span class='ocrx_word' id='word_1_48' title='bbox 1108 1485 1218 1521; x_wconf 92' lang='lat' dir='ltr'>latere</span> <span class='ocrx_word' id='word_1_49' title='bbox 1236 1486 1392 1521; x_wconf 86' lang='lat' dir='ltr'>serviunt</span> <span class='ocrx_word' id='word_1_50' title='bbox 1410 1490 1445 1520; x_wconf 89' lang='lat' dir='ltr'>et</span> <span class='ocrx_word' id='word_1_51' title='bbox 1463 1490 1517 1520; x_wconf 89' lang='lat' dir='ltr'>tot</span> <span class='ocrx_word' id='word_1_52' title='bbox 1540 1485 1700 1532; x_wconf 85' lang='lat' dir='ltr'>affligun-</span> 
     </span>
     <span class='ocr_line' id='line_1_6' title="bbox 214 1540 1700 1590; baseline 0.001 -15"><span class='ocrx_word' id='word_1_53' title='bbox 214 1547 272 1575; x_wconf 87' lang='lat' dir='ltr'>tur</span> <span class='ocrx_word' id='word_1_54' title='bbox 300 1540 465 1588; x_wconf 80' lang='lat' dir='ltr'>angustiis</span> <span class='ocrx_word' id='word_1_55' title='bbox 493 1542 589 1588; x_wconf 91' lang='lat' dir='ltr'>quod</span> <span class='ocrx_word' id='word_1_56' title='bbox 617 1542 661 1577; x_wconf 92' lang='lat' dir='ltr'>de</span> <span class='ocrx_word' id='word_1_57' title='bbox 689 1542 934 1577; x_wconf 84' lang='lat' dir='ltr'>amaritudinis</span> <span class='ocrx_word' id='word_1_58' title='bbox 962 1542 1069 1578; x_wconf 88' lang='lat' dir='ltr'>calice</span> <span class='ocrx_word' id='word_1_59' title='bbox 1096 1555 1218 1578; x_wconf 87' lang='lat' dir='ltr'>omnes</span> <span class='ocrx_word' id='word_1_60' title='bbox 1245 1542 1371 1578; x_wconf 90' lang='lat' dir='ltr'>bibunt</span> <span class='ocrx_word' id='word_1_61' title='bbox 1390 1562 1398 1570; x_wconf 93' lang='lat'><strong>·</strong></span> <span class='ocrx_word' id='word_1_62' title='bbox 1427 1542 1621 1590; x_wconf 87' lang='lat' dir='ltr'>Cupientes</span> <span class='ocrx_word' id='word_1_63' title='bbox 1638 1543 1700 1589; x_wconf 86' lang='lat' dir='ltr'>igi-</span> 
     </span>
     <span class='ocr_line' id='line_1_7' title="bbox 214 1597 1700 1647; baseline 0.001 -14"><span class='ocrx_word' id='word_1_64' title='bbox 214 1605 271 1633; x_wconf 92' lang='lat' dir='ltr'>tur</span> <span class='ocrx_word' id='word_1_65' title='bbox 290 1597 467 1634; x_wconf 79' lang='lat' dir='ltr'>ecclesiam</span> <span class='ocrx_word' id='word_1_66' title='bbox 486 1599 530 1634; x_wconf 87' lang='lat' dir='ltr'>ad</span> <span class='ocrx_word' id='word_1_67' title='bbox 548 1599 684 1634; x_wconf 88' lang='lat' dir='ltr'>solitam</span> <span class='ocrx_word' id='word_1_68' title='bbox 709 1605 743 1635; x_wconf 89' lang='lat' dir='ltr'>et</span> <span class='ocrx_word' id='word_1_69' title='bbox 767 1599 946 1647; x_wconf 87' lang='lat' dir='ltr'>pristinam</span> <span class='ocrx_word' id='word_1_70' title='bbox 970 1600 1169 1635; x_wconf 87' lang='lat' dir='ltr'>libertatem</span> <span class='ocrx_word' id='word_1_71' title='bbox 1197 1600 1367 1635; x_wconf 86' lang='lat' dir='ltr'>reducere</span> <span class='ocrx_word' id='word_1_72' title='bbox 1391 1604 1427 1635; x_wconf 91' lang='lat' dir='ltr'>et</span> <span class='ocrx_word' id='word_1_73' title='bbox 1452 1598 1575 1634; x_wconf 86' lang='lat' dir='ltr'>reduci</span> <span class='ocrx_word' id='word_1_74' title='bbox 1594 1618 1602 1627; x_wconf 91' lang='lat'><strong>·</strong></span> <span class='ocrx_word' id='word_1_75' title='bbox 1621 1612 1700 1647; x_wconf 89' lang='lat' dir='ltr'>pro-</span> 
     </span>
     <span class='ocr_line' id='line_1_8' title="bbox 211 1654 1700 1704; baseline 0.001 -14"><span class='ocrx_word' id='word_1_76' title='bbox 211 1655 361 1691; x_wconf 84' lang='lat' dir='ltr'>vinciale</span> <span class='ocrx_word' id='word_1_77' title='bbox 381 1654 562 1691; x_wconf 89' lang='lat' dir='ltr'>confilium</span> <span class='ocrx_word' id='word_1_78' title='bbox 582 1656 833 1692; x_wconf 87' lang='lat' dir='ltr'>celebrandum</span> <span class='ocrx_word' id='word_1_79' title='bbox 853 1657 947 1704; x_wconf 86' lang='lat' dir='ltr'>apud</span> <span class='ocrx_word' id='word_1_80' title='bbox 966 1657 1076 1692; x_wconf 89' lang='lat' dir='ltr'>Perth</span> <span class='ocrx_word' id='word_1_81' title='bbox 1094 1657 1131 1691; x_wconf 91' lang='lat' dir='ltr'>in</span> <span class='ocrx_word' id='word_1_82' title='bbox 1150 1657 1256 1692; x_wconf 94' lang='lat' dir='ltr'>domo</span> <span class='ocrx_word' id='word_1_83' title='bbox 1271 1657 1420 1692; x_wconf 82' lang='lat' dir='ltr'>fratrum</span> <span class='ocrx_word' id='word_1_84' title='bbox 1438 1656 1700 1704; x_wconf 84' lang='lat' dir='ltr'>predicatorum</span> 
     </span>
     <span class='ocr_line' id='line_1_9' title="bbox 211 1713 1698 1761; baseline 0 -13"><span class='ocrx_word' id='word_1_85' title='bbox 211 1713 267 1748; x_wconf 90' lang='lat' dir='ltr'>die</span> <span class='ocrx_word' id='word_1_86' title='bbox 283 1713 452 1749; x_wconf 67' lang='lat' dir='ltr'>mercurii</span> <span class='ocrx_word' id='word_1_87' title='bbox 470 1713 634 1760; x_wconf 88' lang='lat' dir='ltr'>proximo</span> <span class='ocrx_word' id='word_1_88' title='bbox 653 1713 728 1761; x_wconf 88' lang='lat' dir='ltr'>post</span> <span class='ocrx_word' id='word_1_89' title='bbox 744 1713 865 1749; x_wconf 85' lang='lat' dir='ltr'>festum</span> <span class='ocrx_word' id='word_1_90' title='bbox 885 1714 978 1749; x_wconf 87' lang='lat' dir='ltr'>beati</span> <span class='ocrx_word' id='word_1_91' title='bbox 993 1713 1091 1749; x_wconf 89' lang='lat' dir='ltr'>Luce</span> <span class='ocrx_word' id='word_1_92' title='bbox 1110 1713 1319 1761; x_wconf 86' lang='lat' dir='ltr'>evangeliste</span> <span class='ocrx_word' id='word_1_93' title='bbox 1334 1727 1416 1749; x_wconf 94' lang='lat' dir='ltr'>cum</span> <span class='ocrx_word' id='word_1_94' title='bbox 1431 1713 1698 1749; x_wconf 82' lang='lat' dir='ltr'>continuatione</span> 
     </span>
     <span class='ocr_line' id='line_1_10' title="bbox 211 1770 1699 1818; baseline 0.001 -14"><span class='ocrx_word' id='word_1_95' title='bbox 211 1770 349 1805; x_wconf 89' lang='lat' dir='ltr'>dierum</span> <span class='ocrx_word' id='word_1_96' title='bbox 376 1770 589 1805; x_wconf 72' lang='lat' dir='ltr'>auctoritate</span> <span class='ocrx_word' id='word_1_97' title='bbox 617 1771 876 1806; x_wconf 81' lang='lat' dir='ltr'>conservatoria</span> <span class='ocrx_word' id='word_1_98' title='bbox 903 1770 1107 1818; x_wconf 82' lang='lat' dir='ltr'>prefigimus</span> <span class='ocrx_word' id='word_1_99' title='bbox 1126 1790 1135 1798; x_wconf 92' lang='lat'><strong>·</strong></span> <span class='ocrx_word' id='word_1_100' title='bbox 1163 1771 1286 1806; x_wconf 86' lang='lat' dir='ltr'>eadem</span> <span class='ocrx_word' id='word_1_101' title='bbox 1312 1770 1525 1806; x_wconf 70' lang='lat' dir='ltr'>auctoritate</span> <span class='ocrx_word' id='word_1_102' title='bbox 1551 1770 1699 1806; x_wconf 90' lang='lat' dir='ltr'>vestram</span> 
     </span>
     <span class='ocr_line' id='line_1_11' title="bbox 210 1827 1700 1874; baseline -0.001 -12"><span class='ocrx_word' id='word_1_103' title='bbox 210 1827 443 1863; x_wconf 89' lang='lat' dir='ltr'>reverendam</span> <span class='ocrx_word' id='word_1_104' title='bbox 470 1828 718 1874; x_wconf 83' lang='lat' dir='ltr'>paternitatem</span> <span class='ocrx_word' id='word_1_105' title='bbox 746 1828 966 1874; x_wconf 88' lang='lat' dir='ltr'>requirentes</span> <span class='ocrx_word' id='word_1_106' title='bbox 990 1833 1025 1863; x_wconf 84' lang='lat' dir='ltr'>et</span> <span class='ocrx_word' id='word_1_107' title='bbox 1049 1828 1086 1862; x_wconf 91' lang='lat' dir='ltr'>in</span> <span class='ocrx_word' id='word_1_108' title='bbox 1107 1828 1268 1863; x_wconf 91' lang='lat' dir='ltr'>Domino</span> <span class='ocrx_word' id='word_1_109' title='bbox 1286 1827 1455 1863; x_wconf 88' lang='lat' dir='ltr'>attentius</span> <span class='ocrx_word' id='word_1_110' title='bbox 1473 1828 1700 1862; x_wconf 88' lang='lat' dir='ltr'>exhortantes</span> 
     </span>
     <span class='ocr_line' id='line_1_12' title="bbox 210 1884 1699 1932; baseline -0.001 -12"><span class='ocrx_word' id='word_1_111' title='bbox 210 1891 384 1932; x_wconf 86' lang='lat' dir='ltr'>quatenus</span> <span class='ocrx_word' id='word_1_112' title='bbox 403 1884 534 1919; x_wconf 92' lang='lat' dir='ltr'>ibidem</span> <span class='ocrx_word' id='word_1_113' title='bbox 555 1885 652 1920; x_wconf 60' lang='lat' dir='ltr'>dicto</span> <span class='ocrx_word' id='word_1_114' title='bbox 672 1884 771 1932; x_wconf 86' lang='lat' dir='ltr'>[die]</span> <span class='ocrx_word' id='word_1_115' title='bbox 791 1898 872 1920; x_wconf 91' lang='lat' dir='ltr'>cum</span> <span class='ocrx_word' id='word_1_116' title='bbox 891 1885 1159 1921; x_wconf 86' lang='lat' dir='ltr'>continuatione</span> <span class='ocrx_word' id='word_1_117' title='bbox 1177 1885 1313 1920; x_wconf 90' lang='lat' dir='ltr'>dierum</span> <span class='ocrx_word' id='word_1_118' title='bbox 1334 1897 1413 1920; x_wconf 92' lang='lat' dir='ltr'>cum</span> <span class='ocrx_word' id='word_1_119' title='bbox 1428 1884 1571 1932; x_wconf 89' lang='lat' dir='ltr'>prelatis</span> <span class='ocrx_word' id='word_1_120' title='bbox 1587 1884 1699 1920; x_wconf 85' lang='lat' dir='ltr'>vestre</span> 
     </span>
     <span class='ocr_line' id='line_1_13' title="bbox 210 1940 1698 1990; baseline -0.001 -13"><span class='ocrx_word' id='word_1_121' title='bbox 210 1940 352 1977; x_wconf 78' lang='lat' dir='ltr'>diocesis</span> <span class='ocrx_word' id='word_1_122' title='bbox 381 1947 416 1976; x_wconf 91' lang='lat' dir='ltr'>et</span> <span class='ocrx_word' id='word_1_123' title='bbox 443 1942 679 1989; x_wconf 86' lang='lat' dir='ltr'>capitulorum</span> <span class='ocrx_word' id='word_1_124' title='bbox 709 1942 942 1989; x_wconf 82' lang='lat' dir='ltr'>collegiorum</span> <span class='ocrx_word' id='word_1_125' title='bbox 970 1947 1005 1977; x_wconf 87' lang='lat' dir='ltr'>et</span> <span class='ocrx_word' id='word_1_126' title='bbox 1031 1946 1274 1977; x_wconf 86' lang='lat' dir='ltr'>conventuum</span> <span class='ocrx_word' id='word_1_127' title='bbox 1300 1941 1588 1990; x_wconf 86' lang='lat' dir='ltr'>procuratoribus</span> <span class='ocrx_word' id='word_1_128' title='bbox 1613 1941 1698 1989; x_wconf 84' lang='lat' dir='ltr'>ydo-</span> 
     </span>
     <span class='ocr_line' id='line_1_14' title="bbox 209 1997 1695 2046; baseline -0.001 -12"><span class='ocrx_word' id='word_1_129' title='bbox 209 1999 284 2034; x_wconf 84' lang='lat' dir='ltr'>neis</span> <span class='ocrx_word' id='word_1_130' title='bbox 311 1999 348 2033; x_wconf 93' lang='lat' dir='ltr'>in</span> <span class='ocrx_word' id='word_1_131' title='bbox 374 1998 495 2033; x_wconf 85' lang='lat' dir='ltr'>habitu</span> <span class='ocrx_word' id='word_1_132' title='bbox 520 1998 659 2034; x_wconf 89' lang='lat' dir='ltr'>decenti</span> <span class='ocrx_word' id='word_1_133' title='bbox 685 1997 848 2033; x_wconf 72' lang='lat' dir='ltr'>inter-fitis</span> <span class='ocrx_word' id='word_1_134' title='bbox 874 1999 919 2033; x_wconf 92' lang='lat' dir='ltr'>ad</span> <span class='ocrx_word' id='word_1_135' title='bbox 944 1999 1172 2034; x_wconf 60' lang='lat' dir='ltr'>traetandum</span> <span class='ocrx_word' id='word_1_136' title='bbox 1198 1998 1301 2046; x_wconf 88' lang='lat' dir='ltr'>super</span> <span class='ocrx_word' id='word_1_137' title='bbox 1322 1998 1574 2034; x_wconf 87' lang='lat' dir='ltr'>reformatione</span> <span class='ocrx_word' id='word_1_138' title='bbox 1591 1997 1695 2033; x_wconf 86' lang='lat' dir='ltr'>status</span> 
     </span>
     <span class='ocr_line' id='line_1_15' title="bbox 210 2054 1696 2102; baseline -0.001 -11"><span class='ocrx_word' id='word_1_139' title='bbox 210 2054 350 2091; x_wconf 89' lang='lat' dir='ltr'>ecclefie</span> <span class='ocrx_word' id='word_1_140' title='bbox 377 2060 413 2090; x_wconf 91' lang='lat' dir='ltr'>et</span> <span class='ocrx_word' id='word_1_141' title='bbox 440 2055 516 2090; x_wconf 86' lang='lat' dir='ltr'>aliis</span> <span class='ocrx_word' id='word_1_142' title='bbox 544 2069 611 2102; x_wconf 95' lang='lat' dir='ltr'>que</span> <span class='ocrx_word' id='word_1_143' title='bbox 640 2055 720 2090; x_wconf 91' lang='lat' dir='ltr'>sunt</span> <span class='ocrx_word' id='word_1_144' title='bbox 748 2056 926 2091; x_wconf 88' lang='lat' dir='ltr'>contraria</span> <span class='ocrx_word' id='word_1_145' title='bbox 952 2054 1174 2091; x_wconf 80' lang='lat' dir='ltr'>ecclesiastice</span> <span class='ocrx_word' id='word_1_146' title='bbox 1200 2055 1382 2091; x_wconf 87' lang='lat' dir='ltr'>libertati·</span> <span class='ocrx_word' id='word_1_147' title='bbox 1409 2068 1475 2090; x_wconf 91' lang='lat' dir='ltr'>nec</span> <span class='ocrx_word' id='word_1_148' title='bbox 1497 2055 1696 2090; x_wconf 83' lang='lat' dir='ltr'>dubitamus</span> 
     </span>
     <span class='ocr_line' id='line_1_16' title="bbox 209 2111 1695 2160; baseline -0.001 -12"><span class='ocrx_word' id='word_1_149' title='bbox 209 2113 295 2160; x_wconf 90' lang='lat' dir='ltr'>quin</span> <span class='ocrx_word' id='word_1_150' title='bbox 321 2113 427 2148; x_wconf 89' lang='lat' dir='ltr'>etiam</span> <span class='ocrx_word' id='word_1_151' title='bbox 454 2113 634 2148; x_wconf 88' lang='lat' dir='ltr'>modernis</span> <span class='ocrx_word' id='word_1_152' title='bbox 660 2113 878 2160; x_wconf 88' lang='lat' dir='ltr'>temporibus</span> <span class='ocrx_word' id='word_1_153' title='bbox 904 2113 941 2148; x_wconf 90' lang='lat' dir='ltr'>in</span> <span class='ocrx_word' id='word_1_154' title='bbox 969 2111 1110 2148; x_wconf 83' lang='lat' dir='ltr'>eeclefia</span> <span class='ocrx_word' id='word_1_155' title='bbox 1134 2112 1320 2148; x_wconf 87' lang='lat' dir='ltr'>Scoticana</span> <span class='ocrx_word' id='word_1_156' title='bbox 1339 2112 1413 2160; x_wconf 86' lang='lat' dir='ltr'>jam</span> <span class='ocrx_word' id='word_1_157' title='bbox 1439 2112 1595 2160; x_wconf 84' lang='lat' dir='ltr'>oppress&#39;a</span> <span class='ocrx_word' id='word_1_158' title='bbox 1617 2124 1695 2159; x_wconf 91' lang='lat' dir='ltr'>pre-</span> 
     </span>
     <span class='ocr_line' id='line_1_17' title="bbox 211 2167 1695 2217; baseline -0.003 -11"><span class='ocrx_word' id='word_1_159' title='bbox 211 2170 317 2206; x_wconf 87' lang='lat' dir='ltr'>ciosas</span> <span class='ocrx_word' id='word_1_160' title='bbox 350 2170 483 2217; x_wconf 86' lang='lat' dir='ltr'>aliquas</span> <span class='ocrx_word' id='word_1_161' title='bbox 514 2168 572 2204; x_wconf 88' lang='lat' dir='ltr'>fibi</span> <span class='ocrx_word' id='word_1_162' title='bbox 604 2170 784 2205; x_wconf 89' lang='lat' dir='ltr'>Dominus</span> <span class='ocrx_word' id='word_1_163' title='bbox 818 2169 1079 2206; x_wconf 88' lang='lat' dir='ltr'>conservaverit</span> <span class='ocrx_word' id='word_1_164' title='bbox 1112 2169 1316 2217; x_wconf 76' lang='lat' dir='ltr'>margaritas</span> <span class='ocrx_word' id='word_1_165' title='bbox 1345 2169 1406 2216; x_wconf 94' lang='lat' dir='ltr'>qui</span> <span class='ocrx_word' id='word_1_166' title='bbox 1436 2168 1558 2204; x_wconf 86' lang='lat' dir='ltr'>diebus</span> <span class='ocrx_word' id='word_1_167' title='bbox 1588 2167 1695 2203; x_wconf 85' lang='lat' dir='ltr'>Helie</span> 
     </span>
     <span class='ocr_line' id='line_1_18' title="bbox 211 2226 1619 2274; baseline -0.002 -12"><span class='ocrx_word' id='word_1_168' title='bbox 211 2228 340 2274; x_wconf 88' lang='lat' dir='ltr'>septem</span> <span class='ocrx_word' id='word_1_169' title='bbox 359 2227 470 2262; x_wconf 86' lang='lat' dir='ltr'>millia</span> <span class='ocrx_word' id='word_1_170' title='bbox 487 2226 673 2262; x_wconf 91' lang='lat' dir='ltr'>hominum</span> <span class='ocrx_word' id='word_1_171' title='bbox 690 2226 881 2263; x_wconf 87' lang='lat' dir='ltr'>reservavit</span> <span class='ocrx_word' id='word_1_172' title='bbox 898 2227 959 2274; x_wconf 88' lang='lat' dir='ltr'>qui</span> <span class='ocrx_word' id='word_1_173' title='bbox 976 2233 1058 2263; x_wconf 91' lang='lat' dir='ltr'>ante</span> <span class='ocrx_word' id='word_1_174' title='bbox 1075 2226 1162 2262; x_wconf 88' lang='lat' dir='ltr'>Baal</span> <span class='ocrx_word' id='word_1_175' title='bbox 1179 2239 1297 2274; x_wconf 86' lang='lat' dir='ltr'>genua</span> <span class='ocrx_word' id='word_1_176' title='bbox 1313 2239 1387 2262; x_wconf 90' lang='lat' dir='ltr'>non</span> <span class='ocrx_word' id='word_1_177' title='bbox 1405 2229 1593 2262; x_wconf 85' lang='lat' dir='ltr'>curvarant</span> <span class='ocrx_word' id='word_1_178' title='bbox 1611 2243 1619 2251; x_wconf 92' lang='lat'><strong>·</strong></span> 
     </span>
    </p>
   </div>
  </div>
 </body>
</html>
