2060 2660
578 165 892 202 REGISTRUM
923 166 1282 203 MORAVIENSE.
1629 172 1675 204 83

180 266 379 301 lValterum
399 265 543 312 Cumyn
561 278 606 300 ex
624 264 735 300 altera
747 264 888 300 ·scilicet
906 264 1003 311 quod
1020 264 1203 311 predifi'ms
1222 265 1414 313 Episcopus
1433 267 1476 302 de
1494 268 1674 303 communi

178 323 346 359 consensu
369 322 512 370 capituli
541 322 591 357 sui
613 323 723 357 totius
742 322 862 369 quieta
880 321 1045 357 clamavit
1062 335 1127 369 pro
1146 322 1179 356 se
1198 327 1233 357 et
1251 322 1496 358 successoribus
1514 325 1581 359 suis
1598 339 1675 373 pre-

178 381 276 416 dieto
294 379 455 415 Waltero
474 385 510 415 et-
528 380 719 415 heredibus
737 379 805 415 suis
822 380 860 414 in
878 384 1089 427 perpetuum
1111 392 1152 414 ea
1170 379 1291 414 omnia
1303 393 1371 426 que
1390 381 1539 428 episcopi
1558 384 1675 418 mora-

176 437 309 472 vienses
327 436 485 473 solebant
508 438 691 485 percipere
709 437 766 473 vel
786 437 928 485 exigere
947 437 991 472 de
1009 442 1105 472 terra
1123 437 1167 472 de
1186 436 1378 472 Badenaeh
1400 439 1583 473 annuatim
1610 453 1674 487 pro

176 494 312 530 decima
330 495 409 530 cani
428 495 564 530 domini
584 495 695 543 Regis
714 500 750 530 et
767 508 833 543 pro
851 494 928 530 aliis
947 494 1051 530 rebus
1066 494 1230 529 omnibus
1247 514 1254 521 ·
1274 494 1404 530 scilicet
1418 500 1571 541 quatuor
1585 509 1674 531 mar-

176 565 232 587 035
262 571 270 579 ·
301 552 360 588 sex
386 565 513 600 porcos
545 572 553 580 ·
586 553 671 588 octo
695 552 853 600 cogallos
876 552 963 587 casei
988 571 996 579 ·
1025 557 1059 587 et
1081 552 1168 587 duas
1186 552 1322 587 celdras
1340 557 1375 587 et
1394 552 1580 587 dimidium
1598 567 1674 601 pre-

174 609 290 644 bende
304 615 340 645 et
355 623 425 645 ·xx-
440 610 570 645 solidos
581 623 720 645 annuos
734 623 823 658 quos
834 610 929 645 idem
944 609 1124 645 VValterus
1138 609 1289 645 reddere
1304 609 1493 645 tenebatur
1507 610 1674 659 episcopis

175 665 453 703 moraviensibus
479 681 545 716 pro
571 681 644 703 una
671 668 831 703 dauacha
855 673 950 703 terre
969 667 1064 715 apud
1083 666 1310 715 Logykenny
1329 686 1336 694 ·
1365 672 1401 702 et
1419 668 1490 702 ·xii·
1511 668 1674 704 denarios

174 737 262 771 quos
280 724 374 760 idem
389 725 491 760 solvit
510 726 553 761 de
568 726 861 773 Inverdrumnyn
876 745 884 753 ·
900 730 935 760 et
950 725 1070 760 omnia
1088 725 1194 760 etiam
1213 725 1282 760 alia
1295 725 1389 760 idem
1403 725 1595 774 Episcopus
1608 740 1673 774 pro

174 781 206 816 se
226 787 260 817 et
279 782 526 818 suceefforibus
545 784 612 819 suis
632 783 675 819 de
694 783 863 819 consensu
881 783 1026 831 capituli
1044 782 1095 818 sui
1113 783 1232 830 quieta
1246 782 1410 818 clamavit
1427 803 1434 810 -
1449 796 1518 830 que
1536 784 1674 820 ratione

174 839 393 875 decimarum
409 841 487 876 cani
503 841 638 876 domini
653 841 763 888 Regis
778 860 786 868 ·
802 841 859 876 vel
874 841 1012 876 ratione
1031 840 1236 888 cujusquam
1254 841 1307 876 rei
1324 840 1469 875 alterius
1487 840 1529 876 ab
1548 842 1673 877 eodeni

174 896 349 946 Episcopo
369 903 404 933 et
422 898 672 934 successoribus
690 899 758 934 suis
777 899 821 934 de
840 904 936 934 terra
955 899 998 933 de
1018 898 1210 933 Badenach
1232 898 1325 946 exigi
1348 898 1487 946 poffent
1505 918 1512 926 ·
1534 899 1674 935 Predic-

174 960 231 989 tus
250 968 335 990 vero
355 956 535 992 lValterus
554 956 698 1005 Cumyn
716 969 781 1005 pro
799 957 865 992 hac
884 957 1004 1004 quieta
1025 956 1237 991 clamatione
1261 955 1426 992 concessit
1445 956 1560 992 eidem
1580 958 1675 1006 Epis-

174 1025 265 1060 copo
284 1018 319 1048 et
338 1013 584 1049 successoribus
602 1014 670 1049 suis
688 1015 725 1049 in
743 1020 957 1062 perpetuum
974 1027 1083 1049 unam
1109 1014 1304 1049 dauaeham
1329 1019 1424 1049 terre
1442 1015 1537 1063 apud
1556 1014 1673 1064 Logy-

174 1069 295 1118 kenny
318 1070 447 1106 scilicet
471 1071 686 1120 Edenlogyn
710 1091 718 1099 ·
742 1078 778 1107 et
800 1071 1039 1120 Abyrcardon
1066 1085 1152 1107 vero
1178 1077 1213 1107 et
1236 1077 1367 1107 terram
1392 1072 1429 1106 in
1452 1086 1523 1119 qua
1543 1072 1605 1108 fita
1628 1074 1674 1109 est

175 1126 317 1163 00010113
335 1128 378 1163 (10
398 1128 623 1177 Logykenny
643 1149 650 1156 ·
679 1143 748 1177 que
769 1136 865 1165 terra
883 1130 979 1178 jacet
997 1129 1091 1165 inter
1109 1130 1199 1164 duos
1216 1129 1352 1165 rivulos
1373 1129 1527 1178 Kyllene
1546 1131 1674 1167 scilicet

175 1190 210 1219 et
226 1184 429 1234 Petenachy
449 1206 457 1214 ·
477 1192 512 1222 et
530 1187 634 1221 aliam
655 1186 850 1222 dauacham
870 1193 964 1222 terre
979 1187 1073 1235 apud
1091 1187 1124 1222 le
1141 1186 1229 1222 Inch
1249 1200 1354 1234 quam
1369 1187 1464 1222 idem
1479 1188 1673 1237 Episcopus

174 1242 329 1278 voluerit
347 1243 479 1291 eligere
498 1244 542 1279 de
559 1244 626 1279 hiis
645 1244 781 1280 duabus
803 1244 969 1279 dauachis
988 1244 1117 1280 scilicet
1136 1245 1179 1279 de
1196 1244 1372 1291 Ardynch
1392 1250 1427 1280 et
1447 1245 1648 1295 Inverceffy
1663 1267 1670 1275 ·

175 1299 231 1334 Ita
249 1305 368 1336 tamen
383 1301 480 1348 quod
501 1302 595 1337 idem
611 1302 804 1350 Episcopus
822 1302 929 1349 eligat
947 1302 1042 1336 illam
1059 1302 1241 1337 dimidiam
1261 1302 1455 1337 dauacham
1474 1303 1511 1338 in
1524 1317 1594 1350 qua
1611 1303 1673 1340 fita

174 1357 222 1392 est
243 1357 385 1393 ecclefia
408 1359 465 1394 del
486 1359 597 1394 Inche
617 1379 624 1387 ·
654 1359 767 1395 Dedit
793 1360 900 1394 etiam
927 1364 962 1394 et
989 1357 1154 1394 conceffit
1179 1359 1274 1394 idem
1298 1359 1478 1395 VValterus
1505 1362 1673 1410 episcopis

175 1415 454 1452 moraviensibus
480 1417 518 1452 in
543 1422 757 1465 perpetuum
776 1418 834 1453 ·vi·
853 1430 951 1453 acras
974 1422 1068 1452 terre
1090 1416 1197 1465 juxta
1220 1415 1397 1452 ecclefiam
1417 1417 1460 1452 de
1481 1418 1674 1468 Kynguscy

172 1473 210 1508 in
227 1474 354 1521 quibus
371 1473 433 1510 fita
451 1474 499 1510 est
516 1473 659 1510 00010113
687 1494 694 1502 -
732 1474 810 1510 Η35
828 1480 948 1510 autem
966 1479 1079 1510 terras
1097 1488 1221 1510 omnes
1238 1487 1303 1522 per
1319 1474 1396 1510 11135
1414 1476 1530 1511 Υοἇὶ35
1549 1477 1672 1513 divisas

174 1536 210 1566 et
227 1544 308 1566 cum
328 1532 493 1567 omnibus
504 1531 605 1580 justis
622 1532 847 1580 pertinentiis
866 1532 933 1567 suis
951 1532 988 1567 in
1006 1531 1110 1567 bosco
1130 1551 1138 1559 ·
1157 1531 1195 1566 in
1213 1532 1321 1580 plano
1337 1552 1345 1560 -
1364 1532 1403 1568 in
1420 1534 1530 1580 pratis
1548 1545 1583 1570 et
1601 1536 1673 1583 pas-

173 1588 247 1623 cuis
267 1608 274 1616 ·
295 1589 332 1623 in
351 1590 459 1624 moris
478 1595 513 1625 et
531 1588 684 1625 marefiis
703 1609 711 1618 ·
731 1590 769 1625 in
787 1589 915 1638 stagnis
934 1594 969 1625 et
986 1589 1200 1625 molendinis
1219 1609 1227 1617 ·
1247 1590 1285 1625 in
1303 1589 1387 1626 seris
1405 1597 1441 1626 et
1459 1591 1582 1627 avibus
1601 1612 1609 1620 ·
1635 1593 1672 1628 in

172 1646 270 1692 aquis
289 1652 325 1681 et
341 1647 494 1694 piscariis
514 1666 522 1674 ·
542 1647 635 1682 salva
651 1647 816 1695 predicto
835 1647 996 1683 XValtero
1015 1647 1206 1682 medietate
1223 1646 1455 1694 piscationum
1474 1649 1519 1684 ad
1537 1650 1673 1697 predic-

172 1708 244 1738 tam
271 1708 402 1739 terram
428 1704 486 1740 del
511 1704 622 1740 Inche
649 1705 906 1753 pertinentium
933 1724 941 1732 ·
970 1704 1151 1740 habebunt
1174 1717 1299 1740 omnes
1325 1706 1566 1742 moravienses
1589 1709 1673 1756 epis-

172 1761 250 1808 copi
268 1762 306 1795 in
324 1775 449 1809 puram
469 1767 504 1797 et
522 1767 731 1811 perpetuam
754 1761 979 1798 elemosinam
999 1782 1007 1790 ·
1036 1767 1072 1797 et
1089 1762 1252 1810 predksta
1270 1763 1390 1798 omnia
1407 1777 1489 1799 cum
1508 1766 1672 1801 omnibus

117 1833 120 1835 ·
171 1818 394 1865 pertinentiis
420 1820 488 1855 suis
513 1840 521 1848 ·
551 1820 716 1856 omnibus
733 1820 876 1869 juribus
903 1825 938 1856 et
964 1820 1186 1856 libertatibus
1212 1825 1285 1855 tam
1312 1820 1544 1857 ecclesiasticis
1565 1836 1671 1870 quam

172 1875 350 1912 forinsecis
367 1877 425 1912 vel
443 1876 637 1913 forensibus
657 1898 664 1906 ·
690 1878 874 1926 predictus
892 1878 1073 1914 WValterus
1092 1878 1190 1913 dedit
1208 1883 1244 1913 et
1261 1877 1427 1914 conceflit
1445 1879 1672 1916 moraviensi-

172 1933 236 1969 bus
254 1935 423 1983 episcopis
445 1955 453 1963 ·
482 1935 645 1971 habenda
669 1942 704 1972 et
728 1934 935 1984 possidenda
952 1936 989 1971 in
1006 1941 1219 1984 perpetuum
1239 1936 1328 1972 adeo
1346 1936 1457 1973 libere
1487 1957 1495 1965 ·
1524 1938 1642 1985 quiete
1662 1958 1670 1966 ·

173 1991 329 2039 plenarie
356 1998 391 2028 et
417 1993 613 2029 honorifice
640 1992 726 2029 ficut
744 1994 862 2041 aliqua
880 1992 1069 2030 elemosina
1086 1994 1122 2029 in
1141 2007 1254 2041 regno
1274 1994 1391 2030 Scotie
1409 1994 1554 2030 liberius
1575 1996 1669 2043 quie-

172 2049 241 2084 tius
259 2055 294 2085 et
312 2050 605 2087 honorificentius
632 2051 675 2086 ab
701 2051 820 2099 aliquo
846 2052 997 2087 habetur
1024 2071 1032 2079 ·
1060 2056 1204 2087 tenetur
1230 2052 1289 2087 seu
1314 2050 1508 2100 possidetur
1527 2072 1535 2081 ·
1568 2053 1670 2089 Idem

173 2107 276 2143 etiam
302 2107 482 2144 VValterus
509 2114 544 2144 et
570 2109 718 2145 heredes
744 2109 795 2145 sui
822 2109 1105 2146 warantizabunt
1131 2109 1299 2157 episcopis
1327 2109 1605 2146 moraviensibus
1632 2111 1669 2145 in

172 2170 383 2213 perpetuum
411 2172 446 2202 et
472 2167 724 2214 acquietabunt
750 2180 836 2215 erga
862 2180 985 2203 omnes
1009 2167 1053 2203 de
1075 2167 1222 2203 servitiis
1240 2173 1276 2203 et
1294 2168 1539 2203 exactionibus
1558 2168 1669 2202 omni-

172 2221 237 2257 bus
254 2228 290 2258 et
306 2224 619 2260 consuetudinibus
636 2224 816 2272 predststas
830 2230 942 2261 terras
955 2225 1246 2273 contingentibus
1259 2225 1318 2260 vel
1331 2226 1538 2273 contingere
1551 2225 1668 2260 valen-

172 2278 264 2314 tibus
283 2299 291 2308 ·
319 2280 378 2317 De
396 2282 524 2318 nativis
548 2287 666 2318 autem
686 2283 736 2318 ita
753 2283 922 2319 convenit
940 2283 1033 2319 inter
1051 2283 1233 2331 predkstos
1251 2282 1463 2330 Episcopum
1483 2288 1518 2318 et
1538 2282 1667 2318 Walte-
