2060 2660
92 957 139 989 84

563 161 881 199 REGISTRUM
909 161 1271 199 MORAVIENSE.
1617 168 1665 206 97

167 263 324 300 nostrum
342 282 351 291 ·
371 262 422 298 illi
440 275 526 298 vero
545 261 637 310 parti
655 273 724 308 que
742 265 903 296 remanet
921 273 1029 308 penes
1047 260 1125 308 sepe
1144 261 1281 295 dictum
1299 260 1454 296 nobilem
1472 262 1589 298 virum
1607 276 1665 311 ap-

167 320 316 370 pofitum
335 319 383 356 est
399 318 550 367 figillum
569 318 714 367 capituli
733 317 842 354 nostri
860 323 896 353 et
913 317 1072 352 nostrum
1088 337 1096 345 ·
1117 317 1278 353 Testibus
1297 317 1443 353 domino
1462 318 1525 353 ·H·
1540 320 1664 355 abbate

168 379 212 415 de
233 378 372 426 Kynlos
391 397 399 405 ·
419 376 602 412 Willelmo
622 376 766 423 Cumyn
785 375 915 411 clerico
936 394 944 402 ·
966 374 1075 410 Helia
1092 375 1225 410 vicario
1244 375 1288 409 de
1307 374 1455 410 Baneth’
1475 395 1483 403 ·
1504 376 1665 423 magistro

167 436 226 471 ·R·
246 435 290 471 de
313 434 480 471 Stuteuill
505 454 513 462 ·
539 434 700 469 Waltero
725 434 769 469 de
788 433 952 470 moravia
974 452 982 460 ·
1009 432 1176 469 Johanne
1196 432 1325 480 Byseth
1344 451 1352 459 ·
1377 432 1542 468 Johanne
1562 433 1665 469 Cam-

168 493 257 528 bron
276 512 284 520 ·
306 492 453 540 Rogero
468 491 591 527 Loren
610 511 618 519 ·
639 491 847 539 Gylleroch'
862 491 906 526 de
922 490 1088 526 Urchard
1103 509 1112 518 ·
1133 489 1344 525 Alexandro
1360 508 1368 516 ·
1383 489 1406 526 J
1409 490 1549 525 ohanne
1563 490 1666 526 Flan-

167 549 346 586 drenfibus
364 570 373 577 ·
395 549 588 597 Radulpho
607 549 802 584 camerario
818 568 826 576 ·
843 548 999 597 Symone
1018 548 1255 596 dispensatore
1271 566 1279 574 ·
1295 546 1490 595 malcungy
1505 566 1513 574 ·
1528 548 1666 584 malles-

167 608 257 643 nach
276 627 284 636 ·
304 613 340 644 et
357 608 433 643 aliis
452 627 460 635 ·
492 608 631 642 Ac'tum
649 620 745 642 anno
763 607 877 654 gratie
896 605 1159 643 ·‹o⁰·cc⁰·xxxiii-
1179 619 1224 641 ·v·
1245 605 1332 640 Idus
1349 604 1468 642 marcii
1484 624 1492 632 ·

170 782 228 817 De
251 779 450 816 redditibus
473 779 645 816 habendis
668 779 783 814 donec
807 777 847 814 fit
869 779 905 814 in
928 778 1157 827 perceptione
1183 782 1424 826 proventuum
1445 777 1605 813 beneficii
1625 779 1668 814 de

167 854 263 877 novo
282 838 432 876 conceffi
447 859 455 867 ·

167 955 346 992 Omnibus
363 955 483 990 sancte
502 954 622 992 matris
640 952 782 990 ecclefie
799 953 881 989 filiis
900 952 1067 988 Andreas
1085 950 1309 1001 permiffione
1328 952 1450 988 divina
1467 953 1669 989 moravien-

167 1012 207 1048 fis
231 1013 412 1061 episcopus
438 1018 474 1048 et
497 1012 691 1060 capitulum
712 1012 843 1047 Sanete
864 1010 1052 1046 Trinitatis
1071 1011 1115 1046 de
1134 1010 1254 1058 Elgyn
1272 1015 1432 1046 eternam
1451 1011 1488 1046 in
1508 1010 1668 1046 Domino

166 1071 313 1106 salutem
328 1090 336 1098 ·
357 1071 540 1113 Quoniam
554 1070 633 1118 sepe
647 1069 825 1117 contingit
839 1069 877 1104 in
891 1067 1035 1105 ecclefia
1048 1068 1166 1104 nostra
1178 1074 1219 1103 ut
1238 1068 1400 1104 canonici
1419 1074 1454 1104 et
1473 1069 1668 1105 confratres

166 1128 275 1163 nostri
301 1128 345 1163 ad
371 1128 543 1164 beneficia
568 1127 735 1163 uberiora
757 1140 879 1163 curam
902 1127 1102 1162 animarum
1121 1126 1288 1162 habentia
1304 1127 1420 1162 vocati
1438 1127 1668 1175 perceptione

167 1186 351 1221 fructuum
370 1185 633 1234 prebendarum
651 1185 793 1220 suarum
811 1185 999 1233 privantur
1018 1204 1026 1212 ·
1046 1190 1081 1220 et
1098 1184 1372 1232 impedientibus
1385 1184 1596 1220 annualibus
1611 1185 1669 1221 de-

168 1244 371 1279 cedentium
396 1244 441 1279 ad
467 1256 621 1290 quorum
644 1243 816 1278 beneficia
833 1242 1063 1277 intitulantur
1081 1255 1145 1290 per
1162 1255 1297 1277 annum
1315 1242 1496 1290 integrum
1515 1243 1559 1278 de
1577 1243 1669 1279 fruc-

167 1301 261 1336 tibus
276 1301 473 1336 eorundem
488 1301 745 1336 beneficiorum
759 1300 869 1336 nichil
883 1300 1024 1347 penitus
1038 1300 1273 1348 percipientes
1287 1313 1392 1347 egere
1406 1300 1463 1336 vel
1477 1314 1537 1336 ere
1551 1300 1668 1337 alieno

168 1359 310 1394 onerari
329 1359 520 1407 contigerit
535 1378 543 1387 ·
565 1359 703 1394 Eodem
722 1358 843 1393 habito
860 1358 1018 1393 tra6'ffltu
1033 1357 1195 1405 diligenti
1210 1363 1245 1393 et
1259 1358 1514 1394 deliberatione
1529 1359 1573 1394 de
1587 1372 1670 1394 con·

167 1415 240 1452 filio
262 1422 297 1452 et
315 1417 483 1452 consensu
503 1416 686 1452 communi
704 1416 871 1452 duximus
888 1415 1113 1451 statuendum
1137 1420 1173 1451 et
1194 1416 1232 1450 in
1256 1414 1398 1451 ecclefia
1419 1415 1536 1451 nostra
1562 1417 1670 1452 firmi-

167 1480 222 1510 ter
240 1479 276 1510 et
294 1474 550 1522 perpetualiter
568 1474 826 1510 observandum
852 1493 860 1501 ·
888 1479 929 1509 ut
947 1473 1250 1521 quotienscunque
1267 1473 1336 1509 hoc
1354 1474 1545 1521 contigerit
1562 1475 1591 1509 is
1608 1475 1669 1522 qui

168 1532 213 1567 ad
239 1532 452 1568 beneficium
479 1532 625 1580 aliquod
651 1537 798 1567 vocatus
825 1532 933 1567 suerit
959 1532 996 1567 in
1023 1545 1094 1579 quo
1121 1531 1249 1567 cedens
1270 1531 1328 1567 vel
1352 1531 1526 1567 decedens
1544 1532 1602 1568 vel
1624 1533 1670 1568 ad

168 1590 378 1637 religionem
398 1589 568 1625 tranfiens
583 1590 737 1625 annuale
751 1590 851 1625 suum
867 1589 1030 1625 habuerit
1048 1594 1083 1624 et
1102 1589 1298 1637 optinuerit
1315 1588 1509 1625 secundum
1527 1590 1671 1626 consue-

167 1647 309 1683 tudines
333 1648 543 1696 approbatas
562 1648 599 1682 in
617 1646 760 1683 ecclefia
779 1647 966 1683 Scoticana
992 1666 1000 1674 ·
1028 1647 1172 1682 interim
1192 1659 1315 1682 omnes
1333 1646 1472 1682 fruetus
1490 1647 1670 1695 prebende

167 1705 225 1740 sue
243 1705 371 1740 habeat
390 1711 425 1741 et
442 1705 666 1753 integraliter
683 1705 856 1753 percipiat
880 1724 888 1732 ·
913 1704 1043 1740 scilicet
1061 1704 1176 1740 donec
1194 1704 1270 1752 ejus
1287 1704 1449 1740 beneficii
1467 1704 1606 1741 fru&us
1624 1706 1670 1741 ad

167 1763 263 1810 quod
286 1768 436 1798 vocatur
462 1763 645 1811 percipere
672 1768 708 1798 et
732 1763 776 1798 de
795 1763 844 1798 eis
867 1762 1053 1810 disponere
1075 1762 1185 1797 libere
1206 1762 1311 1797 liceat
1338 1762 1454 1797 eidem
1481 1782 1489 1790 ·
1524 1763 1569 1798 In
1591 1776 1669 1812 pre-

119 1830 121 1832 ·
168 1820 345 1855 mifforum
364 1826 484 1856 autem
503 1821 647 1856 firmum
666 1826 701 1856 et
719 1820 951 1855 indubitabile
969 1819 1210 1855 testimonium
1229 1820 1312 1855 huic
1330 1820 1501 1868 scripture
1515 1820 1670 1869 apposita

168 1878 247 1913 sunt
264 1877 375 1926 sigilla
393 1878 511 1914 nostra
533 1892 616 1914 cum
642 1878 794 1913 fratrum
821 1877 1130 1926 subscriptionibus
1154 1897 1162 1905 ·
1189 1877 1268 1925 Ego
1294 1877 1460 1913 Andreas
1486 1879 1668 1927 episcopus

168 1934 396 1972 moraviensis
414 1942 450 1972 et
467 1937 661 1972 canonicus
679 1936 853 1971 subscribo
869 1955 877 1963 ·
901 1936 981 1984 Ego
996 1935 1198 1971 Willelmus
1216 1935 1448 1971 cancellarius
1466 1937 1668 1973 moravien-

167 1991 207 2028 fis
232 1993 406 2029 subscribo
430 2013 439 2021 ·
468 1994 548 2042 Ego
567 1993 754 2029 Gilbertus
772 1994 964 2029 canonicus
983 1994 1027 2029 de
1046 1993 1216 2042 Dufphus
1242 1993 1417 2029 subscribo
1445 2013 1454 2022 ·
1482 1994 1562 2042 Ego
1581 1994 1668 2030 Wil-

168 2050 294 2086 lelmus
310 2057 501 2099 precentor
520 2050 750 2088 moraviensis
768 2051 943 2087 subscribo
958 2071 966 2079 ·
987 2052 1066 2099 Ego
1079 2051 1260 2087 Walterus
1277 2051 1497 2087 subdecanus
1513 2052 1668 2089 moravi-

168 2106 254 2143 enfis
279 2108 453 2145 subscribo
473 2129 482 2137 ·
522 2109 601 2157 Ego
623 2109 804 2145 Robertus
827 2109 871 2145 de
890 2109 1040 2158 Duppol
1066 2109 1241 2145 subscribo
1266 2129 1275 2137 ·
1308 2109 1387 2157 Ego
1407 2109 1462 2145 ·L·
1481 2110 1667 2146 succentor

169 2164 309 2202 ecclefie
327 2166 558 2203 moraviensis
585 2167 759 2203 subscribo
789 2186 797 2195 ·
830 2167 910 2215 Ego
930 2167 1132 2204 Edwardus
1156 2167 1348 2203 canonicus
1371 2167 1415 2203 de
1434 2169 1521 2215 moy
1549 2187 1557 2195 ·
1588 2167 1666 2215 Ego

171 2222 370 2260 Willelmus
398 2225 528 2272 Agnus
557 2225 750 2261 canonicus
781 2226 825 2261 de
857 2225 1039 2274 Kinguscy
1068 2245 1076 2253 ·
1109 2225 1189 2273 Ego
1218 2223 1373 2262 malifius
1401 2225 1592 2261 canonicus
1622 2225 1666 2260 de

908 2296 932 2319 N
