2060 2660
377 192 448 224 *2⁶24
775 188 1090 226 REGISTRUM
1120 189 1486 226 MORAVIENSE.

379 288 495 323 Forne
516 308 523 315 ·
553 288 598 324 de
619 288 850 324 Dunbennan
870 308 878 317 ·
899 289 943 324 de
970 288 1141 324 Ruthven
1162 308 1169 316 ·
1191 288 1325 335 Botary
1345 307 1353 314 ·
1375 286 1613 333 Drumdelgie
1633 306 1641 314 ·
1664 287 1769 335 Ryne
1789 309 1797 317 ·
1820 289 1878 324 In-

375 346 590 395 nerkeithny
609 366 617 374 ·
647 352 683 382 et
704 352 817 382 terras
835 347 879 382 de
900 346 1106 394 Rothymay
1125 365 1134 373 ·
1162 351 1198 381 et
1215 351 1328 380 terras
1348 344 1490 379 Domus
1510 343 1581 379 Dei
1599 357 1710 393 prope
1731 346 1848 394 Elgyn
1869 367 1877 375 ·

375 404 597 439 tenendriam
622 404 666 440 de
691 404 921 440 Drumreoch
947 423 954 431 ·
982 417 1064 438 cum
1088 401 1258 438 univerfis
1281 409 1316 436 et
1340 400 1484 448 fingulis
1509 402 1733 449 pertinentiis
1752 417 1878 440 earun-

375 462 455 497 dem
475 482 483 489 ·
509 462 545 497 in
570 475 679 498 unam
699 475 832 498 meram
853 463 1028 509 integram
1048 466 1083 496 et
1102 460 1247 495 liberam
1273 459 1458 494 baroniam
1488 478 1496 486 ·
1526 462 1804 509 nuncupandam
1833 464 1876 498 de

374 525 493 554 cetero
518 519 702 555 baroniam
730 520 773 555 de
801 519 908 567 Spine
928 538 936 546 ·
966 530 1071 565 quam
1095 516 1326 564 principalem
1352 516 1449 551 dicte
1468 516 1609 552 ecclesie
1627 521 1807 566 perpetuis
1824 521 1877 556 fu-

373 577 461 611 turis
479 578 698 626 temporibus
714 577 779 613 effe
800 583 835 612 et
854 575 1052 623 nuncupari
1071 574 1238 608 volumus
1253 593 1261 601 ·
1291 574 1391 615 Quas
1410 587 1534 610 omnes
1552 580 1588 610 et
1605 573 1757 623 fingulas
1775 577 1876 613 baro-

372 635 446 669 nias
473 640 509 670 et
535 641 647 670 terras
674 635 826 683 prefatas
856 646 936 669 cum
965 632 1129 667 omnibus
1156 636 1192 666 et
1218 630 1361 678 fingulis
1385 632 1579 667 earundem
1598 634 1821 681 pertinentiis
1840 642 1875 671 et

371 693 519 727 annexis
537 693 633 728 dicte
652 693 798 728 baronie
817 692 861 727 de
880 691 997 738 Spyne
1024 689 1250 724 annectimus
1273 689 1543 737 incorporamus
1573 696 1609 726 et
1637 692 1780 728 unimus
1808 706 1873 741 pro

370 755 543 798 perpetuo
562 756 687 786 tenore
705 749 874 798 presentis
893 753 988 784 carte
1002 767 1009 775 ·
1034 747 1069 782 T
1071 746 1227 782 enendas
1250 752 1286 782 et
1309 747 1487 783 habendas
1512 761 1636 784 omnes
1662 755 1697 785 et
1720 749 1873 798 singulas

369 813 480 843 terras
498 808 745 856 suprascriptas
763 820 843 843 cum
859 805 1082 855 pertinentiis
1102 805 1139 839 in
1157 817 1267 840 unam
1286 818 1420 841 meram
1440 811 1476 841 et
1492 806 1667 854 integram
1686 807 1870 845 baroniam

369 866 413 901 de
445 866 563 914 Spyne
591 866 770 914 perpetuis
801 864 930 900 futuris
961 862 1182 911 temporibus
1209 864 1487 911 nuncupandam
1517 865 1680 912 predicto
1711 866 1870 903 Johanni

367 923 528 972 episcopo
548 922 760 961 moravienfi
779 928 814 958 et
828 922 895 957 suis
913 920 1162 956 succefl'oribus
1180 921 1350 969 episcopis
1364 921 1645 958 moravienfibus
1659 923 1694 958 in
1713 924 1819 960 feodo
1834 932 1870 961 et

368 982 562 1017 hereditate
581 982 615 1017 in
636 986 848 1029 perpetuum
867 992 931 1028 per
950 992 1074 1015 omnes
1093 979 1209 1015 rectas
1228 985 1340 1014 metas
1358 979 1434 1015 suas
1453 985 1488 1015 et
1507 980 1631 1015 divisas
1651 1000 1659 1008 ·
1678 981 1716 1016 in
1734 982 1845 1018 boscis
1860 1003 1867 1010 ·

366 1039 478 1087 planis
493 1060 501 1068 ·
518 1040 625 1075 moris
638 1059 645 1067 ·
660 1037 810 1074 marefiis
823 1058 831 1066 ·
844 1038 910 1073 viis
923 1058 931 1065 ·
944 1037 1074 1073 semitis
1088 1057 1095 1065 ·
1108 1037 1207 1084 aquis
1220 1057 1227 1065 ·
1241 1037 1396 1085 stangnis
1409 1057 1417 1065 ·
1434 1038 1555 1073 rivolis
1568 1058 1576 1066 ·
1592 1039 1701 1086 pratis
1713 1059 1721 1067 ·
1734 1040 1869 1088 pascuis

365 1104 400 1132 et
418 1097 564 1145 pasturis
584 1118 591 1125 ·
612 1096 825 1132 molendinis
845 1116 853 1124 ·
873 1096 1039 1131 multuris
1058 1101 1094 1131 et
1112 1108 1237 1131 eorum
1262 1095 1408 1143 sequelis
1428 1115 1435 1123 -
1455 1097 1751 1144 aucupationibus
1776 1118 1784 1126 ·
1809 1111 1868 1134 ve-

363 1156 566 1191 nationibus
586 1175 594 1183 ·
622 1154 870 1203 piscationibus
891 1173 898 1182 ·
926 1154 1071 1202 petariis
1090 1173 1098 1182 ·
1118 1154 1286 1189 turbariis
1305 1172 1313 1181 ·
1333 1154 1549 1189 carbonariis
1569 1174 1576 1182 ·
1597 1154 1768 1203 lapicidiis
1783 1175 1791 1184 ·
1819 1156 1866 1192 la-

362 1214 443 1261 pide
458 1219 493 1248 et
511 1213 605 1248 calce
625 1232 633 1240 ·
654 1212 834 1248 fabrilibus
853 1232 861 1240 ·
881 1211 1026 1247 brafinis
1045 1231 1053 1239 ·
1073 1212 1225 1247 bruariis
1244 1231 1252 1239 ·
1271 1211 1413 1259 genistis
1432 1231 1440 1239 ·
1463 1225 1543 1247 cum
1563 1213 1670 1249 curiis
1688 1219 1724 1249 et
1742 1227 1864 1250 earum

360 1270 511 1306 exitibus
531 1290 538 1298 ·
558 1271 732 1306 herzeldis
752 1290 759 1298 -
779 1270 975 1306 bludwekis
994 1275 1029 1305 et
1047 1270 1236 1305 merchetis
1262 1270 1452 1305 mulierum
1478 1289 1486 1298 ·
1514 1284 1596 1306 cum
1615 1272 1811 1307 tenendriis
1829 1278 1864 1308 et

360 1329 670 1364 liberetenentium
690 1329 837 1365 servitiis
857 1348 864 1357 ·
890 1328 1064 1364 columbis
1084 1334 1119 1364 et
1137 1328 1366 1363 columbariis
1391 1347 1399 1356 ·
1423 1328 1576 1375 antiquis
1600 1330 1863 1365 consuetudini-

361 1388 424 1423 bus
437 1407 444 1414 ·
460 1400 541 1422 cum
560 1387 660 1422 furca
680 1392 714 1422 et
733 1387 818 1422 fofl'a
833 1406 841 1415 ·
857 1387 918 1422 sok
933 1407 941 1415 ·
957 1386 1015 1422 sak
1030 1406 1040 1414 ·
1056 1386 1146 1422 tholl
1162 1406 1169 1414 ·
1185 1386 1304 1421 theme
1320 1405 1328 1414 ·
1347 1386 1579 1434 infangtheif·
1600 1388 1860 1436 outfangtheif·

358 1459 395 1480 ac
411 1458 491 1480 cum
507 1445 671 1480 omnibus
685 1445 760 1480 aliis
775 1451 810 1480 et
824 1443 968 1492 fing'ulis
984 1444 1206 1480 libertatibus
1221 1463 1229 1472 ·
1250 1444 1562 1480 commoditatibus
1577 1450 1612 1480 et
1626 1444 1836 1482 aifiamentis
1851 1466 1858 1473 ·

357 1518 395 1538 ac
411 1503 511 1551 justis
530 1504 753 1551 pertinentiis
774 1503 840 1538 suis
859 1503 1126 1551 quibuscunque
1144 1508 1216 1538 tam
1240 1515 1314 1537 non
1333 1502 1526 1537 nominatis
1543 1516 1648 1550 quam
1669 1504 1860 1539 nominatis

357 1562 400 1596 ad
424 1562 575 1609 prefatas
593 1567 705 1596 terras
724 1575 804 1597 cum
824 1561 1048 1610 pertinentiis
1066 1560 1307 1609 spectantibus
1325 1560 1383 1595 seu
1402 1560 1635 1607 quovismodo
1654 1561 1745 1609 juste
1768 1562 1860 1610 spec-

357 1626 431 1653 tare
450 1618 648 1654 valentibus
673 1620 710 1654 in
735 1619 897 1655 futurum
917 1620 1007 1655 adeo
1025 1619 1136 1654 libere
1156 1638 1163 1646 ·
1190 1618 1308 1665 quiete
1329 1638 1336 1645 ·
1356 1618 1514 1666 plenarie
1534 1638 1541 1646 ·
1562 1618 1701 1666 integre
1720 1639 1728 1647 ·
1748 1620 1859 1655 hono-

357 1676 452 1711 rifice
472 1696 479 1703 ·
505 1676 595 1712 bene
618 1683 651 1712 et
673 1677 710 1712 in
733 1691 819 1725 pace
843 1676 929 1713 ficut
954 1678 1072 1725 aliqua
1089 1676 1237 1712 baronia
1256 1676 1347 1711 infra
1365 1689 1516 1724 regnum
1535 1676 1693 1712 nostrum
1712 1691 1775 1726 per
1793 1691 1858 1714 nos

355 1735 410 1769 seu
431 1734 688 1782 predecessores
711 1735 847 1770 nostros
869 1735 1136 1783 quibuscunque
1155 1734 1343 1770 retroae‘cis
1361 1734 1581 1782 temporibus
1605 1735 1749 1771 liberius
1773 1749 1858 1771 con-

354 1792 492 1827 ceditur
517 1792 572 1827 seu
600 1793 755 1827 donatur
774 1812 782 1821 ·
814 1793 993 1829 Faciendo
1016 1794 1100 1828 inde
1122 1792 1224 1828 nobis
1248 1798 1282 1828 et
1305 1792 1494 1828 heredibus
1517 1792 1642 1828 nostris
1660 1793 1778 1828 dietus
1795 1794 1856 1831 Jo-

354 1851 487 1885 hannes
506 1856 540 1885 et
559 1850 765 1886 success'ores
789 1851 839 1886 sui
858 1852 1008 1899 episcopi
1028 1851 1270 1888 moravienses
1288 1863 1396 1885 unam
1416 1850 1546 1885 sectam
1565 1851 1659 1899 apud
1682 1851 1855 1887 Innernes

354 1910 387 1942 in
416 1908 514 1943 curia
540 1908 681 1956 capitali
708 1909 861 1956 ejusdem
889 1908 1032 1957 singulis
1059 1909 1161 1944 annis
1188 1908 1353 1957 proximo
1375 1908 1451 1956 post
1468 1908 1591 1944 festum
1613 1908 1743 1944 Pasche
1767 1909 1853 1945 inibi

352 1966 507 2001 tenenda
525 1971 663 2001 tantum
684 1980 748 2015 pro
768 1967 865 2002 omni
889 1967 958 2002 alio
984 1981 1093 2003 onere
1109 1987 1116 1995 ·
1137 1967 1326 2003 exactione
1341 1986 1349 1994 ·
1369 1965 1550 2014 questione
1566 1985 1574 1993 ·
1596 1967 1773 2002 demanda
1794 1968 1852 2003 seu

352 2024 490 2059 servitio
510 2023 654 2058 seculari
674 2038 742 2071 que
761 2025 804 2060 de
824 2025 920 2060 dieta
937 2025 1086 2060 baronia
1104 2038 1186 2061 cum
1204 2024 1428 2073 pertinentiis
1442 2038 1506 2072 per
1519 2024 1746 2072 quoscunque
1759 2025 1851 2073 juste

350 2082 442 2129 exigi
458 2087 628 2129 poterunt
646 2083 914 2129 quomodolibet
933 2083 989 2118 seu
1009 2084 1162 2130 requiri·
1188 2083 1232 2118 In
1251 2082 1352 2130 cujus
1371 2083 1422 2118 rei
1442 2082 1679 2118 testimonium
1699 2083 1849 2130 presenti

348 2145 444 2175 carte
469 2139 585 2174 nostre
605 2153 773 2187 magnum
793 2139 941 2187 sigillum
962 2140 1118 2175 nostrum
1138 2141 1268 2189 apponi
1288 2141 1511 2188 precepimus
1527 2160 1535 2167 ·
1564 2140 1726 2175 Testibus
1751 2154 1851 2176 reve-

348 2197 466 2232 rendis
485 2197 521 2231 in
541 2196 680 2232 Christo
702 2197 858 2245 patribus
874 2198 1053 2233 Willelmo
1073 2205 1108 2233 et
1127 2199 1269 2233 'l'homa
1289 2196 1524 2245 Glesgwenfis
1543 2204 1577 2233 et
1593 2198 1755 2233 Candide
1774 2199 1848 2234 case

347 2253 567 2290 ecclesiarum
590 2255 769 2303 Episcopis
799 2275 806 2282 ·
837 2254 1009 2290 carissimo
1032 2256 1296 2303 coufimguineo
1315 2255 1434 2291 nostro
1456 2255 1635 2290 Willelmo
1654 2256 1784 2291 comite
1803 2256 1846 2291 de
