2060 2660
338 151 383 185 86
736 152 1050 189 REGISTRUM
1081 151 1442 187 MORAVIENSE.

335 250 436 285 firme
455 250 570 299 elapso
590 251 759 287 devoluta
777 252 936 287 contenti
955 256 1061 286 erunt
1079 250 1231 298 predie'ti
1251 249 1521 284 archidiaconus
1546 266 1553 274 ·
1582 253 1771 295 precentor
1798 254 1834 284 et

335 307 494 343 re&ores
527 307 667 344 ecclesie
701 310 744 345 de
779 309 875 344 Ketli
906 321 1047 344 necnon
1078 313 1113 343 et
1144 319 1267 342 omnes
1295 306 1344 340 eis
1375 306 1412 339 in
1440 303 1618 352 posterum
1649 305 1833 342 successuri

335 364 557 412 suprataxata
574 367 725 414 pecunie
750 367 884 401 sunima
905 366 1034 401 eisdem
1058 364 1242 399 annuatim
1261 362 1493 411 persolvenda
1505 361 1611 409 juxta
1634 364 1832 411 prediGtam

335 422 598 459 distinctionem
617 444 625 451 ·
656 424 716 459 Ad
731 424 794 459 hec
810 424 918 470 igitur
932 423 1086 458 fideliter
1102 420 1258 456 tenenda
1272 425 1307 454 et
1322 419 1493 454 servanda
1511 419 1598 455 dieti
1618 420 1810 470 Episcopus
1823 442 1831 450 ·

334 479 621 516 Archidiaconus
639 487 675 516 et
695 482 889 516 Preceiitor
907 477 1136 515 moraviensis
1156 497 1163 505 ·
1184 478 1329 512 nomine
1348 477 1567 525 episcopatus
1587 497 1594 505 ·
1615 478 1659 514 de
1675 479 1808 528 Forays
1823 500 1831 507 ·

332 537 376 572 de
396 538 580 573 Rathueth
608 558 616 566 ·
644 539 687 573 dc
707 538 842 585 Alvays
860 536 1121 585 prebendarum
1150 554 1157 562 ·
1187 540 1222 570 et
1240 535 1399 569 rectores
1418 533 1560 570 ecclesie
1579 536 1622 571 de
1644 536 1741 572 Keth
1769 551 1832 572 no-

331 595 426 630 mine
438 595 591 644 ejusdem
607 594 747 631 ecclesie
761 615 769 622 ·
790 594 911 629 Abbas
923 599 958 629 et
971 593 1134 628 monachi
1148 593 1336 627 memorati
1351 611 1359 619 ·
1380 605 1442 640 per
1457 592 1673 641 solempnem
1687 595 1831 642 promis-

330 650 460 687 sionem
480 659 516 689 et
533 653 729 701 presentem
749 652 955 700 scripturam
975 651 1007 686 se
1026 650 1276 697 obligaverunt
1291 669 1299 677 ·
1315 649 1443 697 quibus
1457 651 1622 686 omnibus
1637 652 1832 688 auctoritas

331 709 493 758 Episcopi
521 724 602 745 eum
638 710 805 746 consensu
837 709 980 757 capituli
1012 708 1062 743 sui
1092 708 1354 743 interveniente
1385 706 1522 743 acceflit
1553 715 1588 744 et
1615 709 1680 745 hec
1711 711 1832 746 omnia

329 768 554 803 confirmavit
574 768 680 816 juxta
706 768 802 815 quod
827 768 863 802 in
891 766 1123 801 instrumento
1143 765 1298 813 ejusdem
1317 766 1522 802 auctentico
1541 766 1643 815 super
1661 767 1730 803 hoc
1748 782 1830 804 con-

328 825 423 860 secto
445 826 584 874 plenius
610 826 815 861 continetur
840 845 848 852 ·
874 830 914 859 ut
933 824 1111 858 ordinatio
1130 822 1191 858 ista
1209 823 1313 859 realis
1330 822 1370 859 sit
1389 829 1424 859 et
1443 837 1516 859 non
1535 825 1727 872 personalis
1747 846 1754 854 ·
1786 827 1829 861 In

327 883 455 918 horum
475 889 593 919 autem
612 884 752 918 firmum
774 888 808 918 et
827 881 1059 917 indubitabile
1083 880 1323 916 testimonium
1343 881 1374 917 ei
1393 882 1485 930 parti
1510 882 1681 930 scripture
1700 884 1737 918 in
1756 897 1829 920 mo-

328 941 413 976 dum
437 942 647 990 cyrographi
671 941 833 976 conset-'te
858 953 926 987 que
949 952 1058 988 penes
1080 939 1261 987 predkstos
1280 938 1461 975 Abbatem
1480 940 1674 975 monachos
1693 947 1728 976 et
1747 955 1829 977 con-

327 1004 472 1034 ventum
501 1004 659 1034 remanet
685 999 835 1046 appensa
862 998 940 1033 sunt
964 996 1075 1044 sigilla
1096 997 1233 1032 domini
1253 997 1454 1032 Alexandri
1479 997 1692 1033 illustrissimi
1718 998 1829 1047 Regis

327 1056 444 1092 Scotic
462 1063 497 1092 et
515 1057 758 1105 predic-‘torum
780 1055 942 1104 Episcopi
962 1061 997 1090 et
1015 1055 1159 1103 capituli
1179 1054 1410 1091 moraviensis
1429 1075 1437 1083 ·
1458 1068 1600 1091 necnon
1619 1062 1655 1091 et
1674 1057 1798 1092 decani
1819 1078 1826 1085 ·

325 1114 564 1150 archidiaconi
586 1134 593 1142 ·
610 1114 828 1162 precentoris
847 1133 855 1141 ·
871 1119 906 1149 et
924 1113 1127 1148 cancellarii
1145 1112 1377 1150 moraviensis
1392 1133 1400 1141 ·
1417 1127 1499 1149 cuin
1517 1113 1828 1162 subscriptionibus

325 1172 578 1207 canonicorum
598 1171 827 1208 moraviensis
854 1169 994 1207 ecclesie
1020 1191 1027 1199 ·
1056 1171 1088 1206 ei
1107 1177 1228 1207 autem
1245 1172 1338 1220 parti
1360 1185 1429 1219 que
1454 1185 1563 1220 penes
1586 1172 1665 1221 sepe
1690 1173 1827 1209 dictum

326 1229 536 1277 Episcopum
565 1235 599 1265 et
631 1230 825 1278 capitulum
851 1229 1013 1266 moravie
1041 1229 1192 1265 liabetur
1227 1229 1379 1278 appensa
1402 1230 1482 1265 sunt
1507 1228 1619 1278 sigilla
1643 1230 1827 1266 Abbatum

323 1287 366 1321 (le
385 1287 519 1323 melros
538 1307 545 1315 ·
566 1288 610 1323 de
628 1287 811 1335 Neubotyl
831 1307 838 1315 ·
859 1288 903 1323 de
923 1287 1045 1336 Cuper
1060 1307 1068 1315 ·
1088 1287 1132 1322 de
1152 1288 1286 1323 saneto
1305 1288 1465 1323 Servano
1490 1307 1499 1315 ·
1525 1288 1569 1324 de
1585 1289 1685 1324 Deer
1704 1308 1712 1316 ·
1732 1295 1767 1324 et
1784 1290 1826 1325 de

323 1345 455 1379 Sancto
470 1345 646 1380 Edwardo
666 1365 673 1373 ·
693 1359 766 1381 una
780 1359 859 1381 cuni
876 1344 987 1393 sigillo
1002 1346 1156 1394 predicti
1170 1345 1321 1381 Abbatis
1336 1346 1379 1381 de
1389 1345 1528 1394 Kynlos
1543 1366 1551 1374 ·
1565 1360 1646 1382 cum
1661 1346 1826 1395 subscrip-

321 1402 475 1438 tionibus
494 1403 751 1439 monachorum
770 1404 914 1439 suorum
930 1424 938 1431 -
955 1404 1187 1440 Conventum
1203 1403 1251 1439 est
1269 1409 1389 1439 autem
1404 1410 1439 1439 et
1453 1404 1659 1452 promissum
1679 1404 1826 1453 solemp-

321 1460 414 1495 niter
432 1467 467 1496 et
487 1460 592 1509 [per]
612 1462 809 1509 presentem
828 1462 1046 1510 solempnem
1061 1462 1270 1510 scripturam
1289 1461 1541 1509 obligaverunt
1558 1462 1591 1497 se
1610 1461 1688 1510 sepe
1707 1462 1825 1498 dietus

323 1517 515 1566 Episcopus
539 1532 604 1566 pro
624 1520 661 1554 vse
686 1525 722 1555 et
747 1519 996 1555 suecefforibus
1020 1520 1088 1555 suis
1118 1539 1125 1547 ·
1157 1520 1244 1555 dicti
1262 1519 1534 1555 archidiaconus
1553 1525 1589 1555 et
1607 1525 1796 1567 precentor
1815 1540 1823 1548 ·

322 1575 516 1623 capitulum
530 1577 752 1612 moraviense
765 1597 772 1605 ·
787 1583 822 1613 et
836 1579 995 1613 rectores
1008 1576 1148 1614 ecclesie
1162 1578 1205 1613 de
1220 1577 1317 1613 Keth
1332 1597 1340 1605 ·
1356 1578 1441 1613 item
1456 1578 1639 1625 predictus
1653 1577 1775 1613 Abbas
1789 1584 1825 1614 et

322 1639 520 1668 conventus
539 1634 582 1669 de
602 1634 740 1682 Kynlos
756 1655 763 1662 -
778 1648 843 1683 pro
863 1636 894 1670 se
914 1641 948 1671 et
966 1634 1026 1671 fibi
1044 1636 1081 1671 in
1100 1635 1278 1684 posterum
1293 1635 1494 1671 successuris
1513 1654 1520 1662 ·
1541 1635 1585 1670 ad
1605 1635 1823 1671 subeundam

321 1703 449 1738 penam
481 1697 625 1726 centum
657 1705 855 1727 marcarum
887 1693 1091 1729 solvendam
1122 1693 1341 1729 servantibus
1373 1693 1575 1741 supradi6ht
1602 1692 1755 1728 fideliter
1785 1694 1823 1728 in

322 1748 486 1783 omnibus
510 1748 553 1783 ab
577 1749 642 1784 hiis
667 1750 727 1796 qui
745 1756 871 1785 contra
889 1764 966 1786 eam
986 1752 1022 1786 in
1040 1752 1160 1799 aliquo
1178 1757 1313 1786 temere
1331 1751 1454 1786 venire
1474 1750 1747 1799 presumpserint
1764 1751 1821 1787 vel

321 1807 612 1854 attemptaverint
631 1827 639 1834 ·
670 1807 807 1842 Actum
832 1821 926 1843 anno
948 1810 1061 1856 gratie
1087 1809 1354 1847 ·‹n⁰·cc⁰·xx⁰ix⁰·
1381 1808 1499 1844 mense
1525 1808 1724 1856 Septembri
1750 1809 1820 1844 ·xii·

324 1863 504 1899 Kalendas
523 1863 694 1900 octobris
713 1885 721 1892 ·
744 1879 839 1900 anno
859 1867 959 1913 regni
979 1868 1113 1902 domini
1135 1868 1336 1903 Alexandri
1357 1867 1466 1914 Regis
1486 1866 1603 1902 Scotie
1623 1870 1706 1901 ·xv⁰·
1726 1866 1821 1914 apud

324 1921 463 1969 Kynlos
481 1935 544 1970 per
563 1935 688 1957 inaniis
708 1923 858 1958 Roberti
878 1924 1031 1972 ejusdem
1051 1925 1120 1961 loci
1140 1925 1331 1974 supprioris
1350 1944 1358 1952 ·
1392 1925 1467 1972 Ego
1490 1924 1599 1959 frater
1620 1924 1821 1960 Herbertus

321 1979 438 2014 di&us
457 1979 561 2015 abbas
580 1980 623 2015 de
645 1980 783 2028 Kynlos
801 1995 864 2029 per
879 1995 1023 2018 inanum
1042 1983 1159 2019 fratris
1177 1983 1369 2032 supprioris
1387 1982 1562 2018 subscribo
1581 2001 1589 2009 ·
1615 1982 1693 2029 Ego
1712 1982 1822 2018 frater

321 2038 455 2085 Symon
473 2037 571 2085 prior
589 2038 763 2073 subscribo
783 2058 790 2066 ·
821 2039 898 2086 Ego
917 2040 1026 2076 frater
1046 2041 1228 2077 Robertus
1247 2042 1291 2077 de
1311 2040 1484 2076 Aberden
1509 2040 1683 2075 subscribo
1703 2059 1710 2068 ·
1741 2040 1820 2087 Ego

320 2094 429 2130 frater
444 2094 638 2130 Alketinus
658 2096 702 2131 de
719 2096 888 2132 l'etliinus
906 2098 1079 2133 subscribo
1100 2119 1108 2126 ·
1139 2099 1216 2146 Ego
1236 2099 1345 2134 frater
1358 2098 1540 2134 Robertus
1559 2098 1602 2133 de
1618 2098 1726 2133 Saute
1745 2097 1821 2132 sub-

320 2152 430 2188 scribo
451 2172 459 2180 ·
488 2152 567 2200 Ego
590 2153 699 2188 frater
719 2153 937 2190 Benedictus
957 2155 1147 2203 Augustini
1173 2157 1347 2192 subscribo
1372 2176 1380 2184 ·
1409 2156 1489 2203 Ego
1511 2155 1620 2190 frater
1639 2155 1820 2190 Teodicus

320 2210 363 2245 de
388 2209 463 2246 Jar‘
491 2211 664 2247 subscribo
692 2231 700 2239 ·
738 2211 817 2259 Ego
845 2212 954 2248 frater
978 2213 1178 2250 Willelinus
1210 2215 1253 2250 de
1285 2214 1461 2252 Invernar
1491 2212 1664 2248 subscribo
1692 2232 1700 2240 ·
1739 2212 1819 2260 Ego

319 2269 427 2304 frater
449 2268 650 2305 Willelmus
681 2270 725 2305 de
758 2270 900 2318 Salteby
931 2271 1104 2307 subscribo
1132 2292 1140 2300 ·
1172 2273 1250 2320 Ego
1282 2273 1390 2309 frater
1420 2271 1542 2307 David
1573 2270 1616 2306 de
1647 2270 1794 2319 Lynton
1809 2290 1817 2298 ·
