1912 2660
65 125 303 152 ffivffissnoun.
766 110 1142 149 MORAVIENSIS.
1628 122 1699 158 439

198 212 447 243 Momnmxum
461 219 504 239 nu
517 209 745 240 KYNNEDOUR
762 208 867 239 solves]
883 209 917 239 in
932 221 1017 240 anno
1029 215 1166 251 quatuor
1177 210 1274 241 libras
1287 211 1390 250 firme,
1406 224 1502 244 unam
1514 213 1691 246 duodenam

198 273 365 305 caponum,
383 271 484 292 unum
499 271 614 301 aprum
630 259 765 301 pastum,
782 271 857 290 cum
873 261 1096 292 sustentatione
1112 261 1288 293 molendini
1303 263 1337 293 in
1354 264 1495 305 fingulis.

326 312 474 344 Andreas
490 311 657 342 Monerefe
673 317 705 342 et
721 311 890 342 Elizabeth
907 311 1004 342 Innes

194 414 315 445 ANNU1
336 423 505 444 REDDITUS
522 423 565 443 ΕΤ
582 423 798 444 FEODIFIRME
815 422 928 444 HUJUS
944 423 1110 444 BARONIE.

194 516 338 547 MmmL
361 515 509 546 Dum
536 515 643 545 solvefi
669 515 703 545 in
727 526 812 545 anno
836 514 1066 557 septemdecem
1092 515 1192 547 libras
1212 516 1279 546 xvii
1296 519 1320 547 Ξ.
1347 521 1379 548 et
1404 528 1520 548 novem
1545 517 1690 549 denarios

194 572 331 604 monete,
348 578 487 597 unacum
509 577 574 597 una
593 571 697 596 marta
717 566 896 604 custumali,
924 578 988 597 uno
1012 572 1154 605 mutone,
1183 573 1321 609 quatuor
1345 568 1500 599 duodenis
1520 580 1688 610 caponum,

193 623 331 659 quatuor
346 617 439 648 bollis
455 629 640 654 avenarum,
658 629 732 648 cum
748 617 889 659 servicijs
905 617 1072 649 consuetis.

323 669 460 700 Jacobus
478 669 574 699 Innes
589 669 628 700 de
644 669 778 710 Dranye

191 771 313 802 L1T1LL
328 772 476 802 DRANYE
493 771 571 802 alias
589 772 811 803 SALTERHILL
834 771 941 803 solvefi
966 772 1000 802 in
1024 783 1109 802 anno
1132 772 1242 803 decem
1262 772 1361 803 libras
1383 773 1439 803 xvi
1456 776 1482 803 Ξ.
1503 773 1559 803 viii
1575 773 1605 804 d.
1621 774 1686 804 feo—

192 821 328 859 difirme,
346 834 444 853 unam
461 828 609 860 martam,
626 823 706 854 duos
725 828 884 861 mutones,
902 824 981 854 duos
1002 835 1112 865 agnOS,
1133 824 1212 854 duas
1236 824 1399 855 duodenas
1420 835 1591 867 caponum,
1608 825 1686 856 duas

190 885 295 911 aucas,
313 874 392 904 duas
408 874 509 905 bollas
524 885 700 905 avenarum
715 874 951 913 custumalium,
969 886 1043 906 cum
1058 874 1199 916 servieijs
1215 874 1384 906 consuetis.

322 925 492 956 Elizabeth
509 926 607 956 Innes

189 1027 366 1058 NEWTOUN
392 1032 424 1058 et
449 1028 627 1058 NEWTOUN
652 1038 776 1058 LANms
800 1039 873 1058 cum
890 1029 1012 1059 brafina
1027 1027 1166 1070 ejusdem
1183 1028 1289 1059 solves]
1307 1029 1340 1059 in
1356 1040 1441 1059 anno
1456 1040 1571 1059 novem
1588 1029 1685 1060 libras

190 1090 305 1109 novem
321 1078 434 1109 solidos
451 1091 471 1109 v
483 1079 513 1110 d.
531 1080 580 1110 ob.
594 1085 625 1110 et
637 1080 851 1121 quadraginta
865 1079 978 1110 solidos
994 1091 1051 1121 pro
1067 1079 1118 1110 sex
1135 1079 1228 1111 bollis
1243 1080 1332 1111 aride
1348 1080 1499 1117 multure,
1513 1086 1578 1111 tres
1591 1092 1686 1122 quar-

189 1130 284 1160 terias
298 1136 410 1166 marte,
426 1136 489 1160 tres
505 1136 663 1167 mutones,
677 1136 815 1172 quatuor
831 1131 994 1162 duodenas
1007 1142 1175 1173 caponum,
1187 1143 1262 1162 cum
1274 1131 1426 1173 serviciJS,
1444 1131 1478 1173 iij
1496 1131 1596 1162 bollas
1612 1143 1686 1163 ave-

190 1192 306 1212 narum
322 1193 396 1212 cum
412 1181 540 1223 pabulo.

319 1232 458 1264 Jacobus
474 1233 571 1263 Innes
588 1233 626 1263 de
641 1232 775 1274 Dranye

189 1334 293 1365 Erus
310 1333 415 1365 solvefi
432 1335 464 1365 in
481 1346 566 1365 anno
581 1346 601 1365 v
617 1334 671 1366 lib.
689 1346 709 1364 v
726 1338 749 1365 Ξ.
767 1335 811 1365 vii
827 1335 857 1366 d.
875 1342 906 1366 et
921 1346 964 1366 xx
978 1338 1001 1365 Ξ.
1019 1346 1076 1376 pro
1092 1335 1195 1366 tribus
1210 1335 1304 1366 bollis
1320 1335 1407 1366 aride
1419 1336 1571 1374 multure,
1585 1347 1683 1367 unam

186 1386 381 1426 quarterium
394 1392 506 1423 marte,
521 1397 623 1416 unum
635 1391 810 1422 mutonem‚
826 1387 905 1417 (luas
921 1387 1084 1417 duodenas
1100 1398 1270 1429 caponum,
1287 1387 1367 1418 duas
1382 1387 1482 1418 bollas
1497 1398 1683 1424 avenarum,

187 1448 262 1467 eum
277 1436 427 1477 servicijs.

317 1488 456 1519 Thomas
474 1488 570 1519 Innes

185 1590 343 1620 BnAfflNA
369 1601 550 1627 INFERIOR,
576 1601 725 1621 BRASINA
750 1601 921 1622 SL'PERIOR
947 1596 978 1622 et
1003 1592 1065 1622 due
1090 1602 1162 1622 acre
1186 1591 1272 1621 infra
1292 1591 1402 1622 villam
1424 1591 1462 1621 de
1484 1591 1684 1632 Kynnedour

184 1640 365 1671 affedantur
380 1642 499 1672 Jacobo
518 1642 612 1672 Innes
629 1643 667 1672 de
683 1643 814 1683 Dranye
830 1643 861 1673 in
880 1643 1068 1680 feodifirma,
1086 1643 1192 1674 solvefi
1209 1642 1242 1672 in
1260 1653 1355 1679 anno,
1374 1654 1513 1673 unacum
1529 1642 1631 1673 crofta
1647 1642 1685 1673 de

186 1692 366 1723 Edindoath
385 1693 469 1723 infra
486 1694 649 1724 baroniam
668 1694 706 1724 de
724 1694 843 1735 Keyth,
861 1694 1017 1725 summam
1038 1705 1153 1725 novem
1174 1694 1329 1724 librarum
1350 1696 1402 1725 sex
1422 1694 1593 1724 solidorum
1612 1698 1685 1724 octo

185 1744 401 1782 denariorum,
421 1756 558 1776 unacum
575 1745 626 1776 sex
642 1745 796 1776 duodenis
813 1757 981 1788 caponum,
998 1746 1050 1776 sex
1066 1746 1154 1776 aucis
1170 1744 1358 1783 domesticis,
1384 1756 1523 1776 unacum
1543 1744 1684 1786 servicijs

185 1795 353 1826 consuetis.

660 1949 874 1980 BARONIA
896 1950 959 1980 DE
982 1949 1200 1981 BIRNETH.

186 2051 349 2082 HILTOUN
370 2061 411 2080 DF.
428 2051 595 2081 Bumwn
618 2050 725 2082 solvefi
748 2052 780 2082 in
803 2064 888 2083 anno
911 2052 967 2082 xiii
986 2052 1041 2082 lib.
1062 2052 1095 2083 vi
1112 2055 1136 2083 ἕ.
1156 2051 1212 2083 viii
1228 2053 1258 2083 d.
1282 2052 1385 2091 firme,
1410 2063 1508 2084 unam
1532 2056 1678 2088 martam,

184 2107 320 2143 quatuor
337 2109 493 2138 mutones,
512 2108 649 2143 quatuor
664 2114 764 2144 agnos
779 2103 830 2133 vel
846 2103 954 2140 hedos,
971 2103 1029 2133 viii
1044 2103 1207 2134 duodenas
1222 2115 1391 2146 caponum,
1406 2104 1463 2135 viii
1478 2115 1583 2140 aucas,
1601 2114 1678 2143 qua-

183 2158 256 2184 tuor
279 2153 379 2184 bollas
408 2165 582 2184 avenarum
607 2166 680 2184 cnm
707 2155 834 2196 pabuIO,
860 2155 906 2185 xii
929 2155 1028 2186 bollas
1052 2155 1141 2186 ordei
1166 2155 1201 2187 in
1227 2156 1317 2187 arida
1343 2155 1495 2193 multura,
1523 2155 1679 2195 greffuma

182 2210 318 2242 tautum,
336 2217 408 2235 enm
426 2205 575 2246 strxieijffi

311 2256 468 2297 Georgius
485 2257 656 2287 Mortimar
700 2262 815 2299 quarta
830 2268 903 2299 pars
