1912 2660
290 115 362 148 358
683 110 1001 149 REGISTRUM
1028 110 1396 150 MORAVIENSE.

292 211 404 247 cimus
422 210 586 247 notitiam
612 211 711 259 quod
735 223 801 247 nos
820 229 828 239 ·
854 210 1057 247 examinato
1082 211 1267 247 electionis
1293 211 1440 247 decreto
1458 211 1635 248 celebrate
1655 214 1699 250 de
1717 214 1796 250 reli-

290 268 388 316 gioso
411 268 489 304 viro
507 268 617 305 fratre
636 268 848 304 Alexandro
865 268 1043 305 monacho
1061 269 1106 305 de
1126 269 1178 304 ·P·
1203 269 1241 303 in
1263 268 1421 316 priorem
1445 269 1624 317 prioratus
1643 270 1796 319 ejusdem

292 331 333 362 ut
359 326 479 363 decuit
499 345 507 355 ·
535 326 697 375 factaque
720 326 1001 375 proclamatione
1028 326 1065 361 in
1092 324 1235 361 ecclefia
1258 325 1296 361 in
1317 338 1390 372 qua
1406 325 1534 362 electio
1553 326 1683 364 exstitit
1709 328 1797 365 cele-

292 384 394 420 brata
418 383 444 420 fi
467 384 551 421 effet
574 384 699 432 aliquis
726 385 786 432 qui
812 383 846 420 se
868 383 978 420 vellet
1000 395 1183 431 opponere
1206 382 1289 418 huic
1308 382 1475 419 electioni
1492 383 1550 421 vel
1569 384 1682 422 electo
1700 387 1797 434 quod

293 447 517 491 compareret
534 442 642 479 hodie
661 454 781 478 coram
799 441 902 477 nobis
919 441 957 475 in
975 439 1119 476 ecclefia
1132 438 1350 477 moraviensi
1366 439 1589 489 oppositurus
1607 455 1676 490 que
1690 443 1797 480 vellet

293 512 475 549 opponere
493 505 620 536 contra
638 499 849 536 electionem
863 497 921 534 vel
940 497 1094 533 electum
1110 516 1118 525 ·
1138 502 1175 533 et
1191 496 1276 545 quia
1291 497 1413 534 nullus
1431 504 1558 536 contra
1571 500 1684 549 ipsum
1702 514 1796 537 com-

291 558 410 606 paruit
429 578 437 586 ·
466 570 532 594 nos
561 557 773 594 electionem
796 555 905 604 ipsam
923 555 1136 591 auctoritate
1154 555 1335 591 ordinaria
1352 560 1388 592 et
1406 556 1593 605 episcopali
1610 558 1796 596 confirma-

293 628 371 652 mus
391 635 399 644 ·
418 628 460 651 ac
478 627 602 651 curam
621 620 657 650 et
674 612 1014 649 administrationem
1032 612 1212 648 bonorum
1230 612 1317 649 dicti
1334 613 1513 662 prioratus
1529 613 1591 664 ipfi
1608 616 1797 653 committi-

294 686 372 710 mus
396 678 432 709 et
455 672 567 721 ipsum
594 685 658 721 per
685 670 860 707 annulum
884 668 1044 706 nostrum
1068 669 1311 707 investivimus
1336 671 1381 707 de
1402 671 1532 708 eisdem
1551 692 1559 701 ·
1578 673 1796 711 reservantes

293 730 396 767 nobis
414 736 450 767 et
467 729 716 767 succefforibus
734 728 860 765 nostris
877 726 1113 764 visitationem
1136 740 1293 764 annuam
1317 733 1354 765 et
1374 730 1635 767 correctionem
1660 731 1698 767 in
1723 732 1796 780 ipso

293 789 454 838 prioratu
473 809 481 817 ·
508 794 544 824 et
568 788 689 823 onmia
711 786 780 822 alia
805 785 952 822 devoria
973 790 1009 821 et
1030 784 1116 834 jura
1139 785 1439 834 predecessoribus
1460 787 1587 824 nostris
1602 789 1745 837 prestita
1762 795 1797 827 et

294 846 396 883 nobis
412 846 530 882 debita
544 846 588 882 de
604 843 860 881 consuetudine
875 848 911 879 et
925 843 969 879 de
982 842 1065 892 jure
1085 863 1093 872 ·
1123 844 1168 880 In
1185 844 1431 893 premissorum
1450 845 1690 883 testimonium
1707 846 1797 896 figil-

294 905 369 941 lum
388 903 547 940 nostrum
565 901 785 953 presentibus
807 901 956 937 fecimus
980 902 1112 950 apponi
1131 921 1140 930 ·
1172 901 1312 939 Datum
1329 903 1368 938 in
1385 902 1528 941 ecclefia
1544 903 1662 941 nostra
1680 907 1796 943 mora-

295 961 402 999 vienfi
420 962 504 999 ·xxi·
524 961 581 998 die
599 958 725 997 menfis
744 958 899 1008 Augusti
917 972 1014 996 anno
1032 965 1100 996 etc·
1119 959 1349 1009 nonagesimo
1368 966 1496 998 octavo
1516 982 1524 991 ·
