2060 2660
70 1723 137 1756 184

557 184 662 221 REG
670 184 872 221 ISTRUM
901 184 1262 223 MORAVIENSE.
1581 197 1651 235 147

163 286 275 334 sepius
289 290 325 321 et
338 284 528 331 diligenter
542 282 768 319 consideratis
783 302 791 310 ·
807 282 966 318 virorum
980 283 1199 330 prudentum
1212 285 1471 323 interveniente
1486 289 1626 326 confilio
1643 311 1650 318 -

162 348 367 391 reputantes
384 347 419 377 et
437 341 761 376 animadvertentes
779 340 994 388 prebendam
1015 346 1159 375 centum
1182 341 1374 377 solidorum
1395 345 1554 390 predi&e
1577 348 1653 383 nos-

162 407 216 437 tre
239 398 379 435 eeclefie
403 404 547 434 tenuem
571 398 637 433 effe
660 404 696 433 et
720 398 846 433 exilem
876 417 884 425 ·
912 398 949 432 in
977 397 1052 446 ejus
1078 403 1311 444 augmentum
1330 399 1495 435 vicariam
1514 404 1652 440 ecclefie

162 457 276 493 nostre
295 456 506 504 parochialis
524 456 567 491 de
588 455 695 502 Elgin
714 455 758 490 de
770 455 854 503 jure
873 460 909 490 et
927 455 971 490 de
989 455 1085 490 facto
1105 460 1288 490 vacantem
1304 469 1367 503 per
1385 456 1653 504 resignationem

162 514 297 550 domini
312 514 449 549 Hervei
466 513 584 548 ultimi
598 513 720 548 vicarii
739 512 893 560 ejusdem
907 532 915 540 ·
932 512 1094 560 diligenti
1112 512 1210 560 prius
1227 512 1329 560 super
1348 513 1415 548 hoc
1433 514 1552 550 habito
1567 522 1654 552 trac-

160 577 236 607 tatu
252 572 288 606 in
302 571 458 619 capitulo
472 570 590 606 nostro
605 583 686 606 cum
702 570 852 605 Decano
871 575 907 605 et
924 569 1103 605 canonicis
1122 569 1276 617 ejusdem
1295 570 1439 617 capituli
1455 577 1490 606 et
1505 572 1548 607 de
1562 586 1656 609 com-

161 629 261 664 muni
284 629 452 664 consensu
474 634 510 663 et
527 628 713 663 voluntate
732 627 929 662 eorundem
950 627 1089 662 Decani
1108 632 1143 662 et
1161 627 1307 675 capituli
1332 647 1340 655 ·
1367 634 1562 664 memorate
1580 638 1657 678 pre-

160 687 276 722 bende
302 699 383 721 cum
410 686 478 721 suis
504 685 669 721 omnibus
695 690 731 720 et
756 683 899 732 fingulis
920 684 1144 732 pertinentiis
1170 684 1229 720 seu
1252 685 1431 732 pertinere
1458 686 1656 723 valentibus

161 744 353 779 uniendam
373 743 540 778 duximus
557 742 822 790 adjungendam
846 761 854 769 ·
883 741 996 777 Salvis
1013 742 1116 776 nobis
1134 747 1170 777 et
1187 741 1435 778 succefforibus
1461 743 1586 779 nostris
1613 745 1657 781 de

162 801 283 837 eadem
302 801 435 836 vicaria
452 800 704 849 episcopalibus
722 798 848 834 nostris
866 799 992 834 debitis
1007 804 1042 834 et
1056 799 1231 834 consuetis
1249 818 1257 826 ·
1278 800 1422 835 decimis
1440 800 1657 837 salemonum

162 858 305 906 piscarie
323 865 449 906 portus
468 859 511 893 de
531 858 621 906 Spee
641 877 649 885 ·
668 871 750 893 cum
769 870 889 892 annua
902 856 1005 892 firma
1018 856 1112 892 illius
1130 856 1235 892 crofti
1253 857 1349 904 quod
1364 857 1493 893 dicitur
1507 858 1540 894 le
1554 859 1660 895 Vica-

162 915 331 951 rishalche
349 929 418 962 que
433 916 466 951 se
485 915 647 951 extendit
664 915 708 950 ad
726 920 797 950 tres
815 927 951 950 marcas
970 914 1108 949 duobus
1122 914 1283 949 terminis
1297 915 1546 962 persolvendas
1561 935 1569 944 ·
1590 930 1660 953 me-

162 974 331 1009 dietatem
357 973 524 1008 videlicet
550 973 595 1008 ad
622 972 745 1008 festum
776 971 996 1007 Pentecostes
1023 977 1058 1007 et
1084 972 1188 1006 aliam
1216 972 1442 1008 medietatem
1467 973 1511 1008 ad
1535 973 1659 1009 festum

163 1031 285 1066 Sancti
303 1031 450 1067 martini
476 1031 514 1065 in
539 1030 656 1065 hieme
675 1049 683 1057 ·
710 1029 894 1065 reservatis
920 1029 1027 1064 etiam
1052 1029 1154 1064 nobis
1177 1030 1488 1077 procurationibus
1506 1031 1632 1067 nostris
1651 1052 1658 1059 -

163 1088 211 1123 ita
237 1088 332 1135 quod
359 1088 613 1136 prebendarius
640 1087 736 1123 dicte
762 1086 943 1135 prebende
969 1087 1030 1134 qui
1056 1099 1121 1134 pro
1148 1092 1309 1135 tempore
1333 1087 1441 1123 fuerit
1465 1088 1509 1123 de
1536 1089 1659 1125 eadem

162 1145 293 1180 vicaria
311 1145 421 1180 solvet
442 1145 505 1180 uni
530 1145 713 1192 capellano
732 1143 873 1180 ecclefie
892 1144 1015 1179 Sanfifi
1033 1143 1183 1179 Andree
1207 1145 1244 1179 in
1270 1145 1331 1179 illa
1356 1146 1524 1192 parochia
1549 1147 1661 1182 deser-

164 1203 273 1238 vienti
292 1202 350 1238 sex
363 1215 498 1237 marcas
513 1215 553 1237 ac
568 1202 751 1250 capellano
770 1202 814 1236 de
832 1201 865 1236 le
881 1201 1000 1236 Inchis
1014 1206 1086 1236 tres
1100 1214 1235 1236 marcas
1253 1203 1413 1237 terminis
1430 1203 1639 1251 supradictis
1651 1224 1659 1232 ·

164 1265 199 1295 et
217 1260 321 1295 faciet
340 1258 481 1294 ecclesie
499 1259 691 1307 parochiali
711 1259 754 1294 de
769 1258 876 1305 Elgin
891 1263 1087 1294 memorate
1104 1258 1248 1294 honeste
1267 1259 1433 1295 deserviri
1449 1279 1457 1288 ·
1491 1260 1551 1296 Ad
1570 1261 1661 1298 hanc

163 1330 249 1353 vero
276 1317 447 1352 unionem
475 1316 728 1352 testificandam
755 1322 791 1352 et
817 1316 967 1351 firmiter
993 1316 1230 1351 roborandam
1258 1317 1296 1351 in
1322 1324 1534 1365 perpetuum
1560 1317 1662 1366 figilli

164 1373 272 1409 nostri
294 1374 491 1409 munimine
509 1387 582 1409 una
600 1387 680 1409 cum
700 1373 882 1409 communi
900 1371 1011 1421 figillo
1030 1373 1175 1421 capituli
1194 1373 1302 1409 nostri
1320 1374 1497 1422 presentes
1514 1375 1661 1412 facimus

164 1431 360 1480 consignari
380 1451 387 1459 ·
414 1444 496 1467 cum
515 1430 824 1479 subscriptionibus
842 1431 1098 1466 canonicorum
1116 1436 1152 1466 et
1169 1430 1294 1466 nostris
1313 1450 1321 1459 ·

166 1603 276 1639 Carta
295 1603 469 1640 Tenentis
487 1604 531 1640 de
550 1604 724 1652 Episcopo
742 1604 778 1638 in
797 1603 882 1638 villa.
900 1603 944 1638 de
963 1603 1197 1652 Inuerlochty
1209 1623 1217 1631 ·

165 1716 343 1753 Omnibus
363 1718 491 1756 Christi
514 1718 676 1754 fidelibus
694 1719 739 1754 ad
757 1732 845 1766 quos
862 1718 1041 1766 presentes
1057 1718 1160 1754 litere
1178 1718 1408 1766 pervenerint
1426 1719 1547 1755 David
1565 1721 1663 1757 mise-

163 1775 303 1810 ratione
331 1776 452 1811 divina
483 1776 664 1824 episcopus
696 1775 926 1813 moraviensis
955 1776 1099 1811 salutem
1129 1776 1167 1811 in
1196 1775 1358 1811 Domino
1385 1776 1632 1825 sempiternam
1652 1798 1661 1806 ·

122 1838 124 1840 '
163 1832 348 1868 Noveritis
372 1846 438 1869 nos
463 1834 592 1869 dediffe
616 1833 813 1870 conceffiffe
842 1839 877 1869 et
905 1834 970 1869 hac
996 1833 1149 1882 presenti
1175 1839 1273 1869 carta
1300 1833 1418 1869 nostra
1442 1835 1661 1872 confirmafl'e

165 1889 347 1926 Willelmo
375 1891 419 1926 de
443 1891 676 1939 Inuerlochty
699 1892 773 1927 filio
801 1897 836 1927 et
862 1891 985 1927 heredi
1007 1891 1148 1926 Thome
1175 1891 1219 1926 de
1247 1891 1482 1940 Inuerlochty
1507 1898 1661 1940 quatuor

165 1947 310 1983 bovatas
328 1953 423 1984 terre
442 1962 523 1984 cum
542 1949 609 1984 suis
627 1949 851 1997 pertinentiis
870 1949 907 1983 in
925 1948 1010 1984 villa
1027 1948 1071 1984 de
1091 1948 1325 1997 Inuerlochty
1347 1968 1355 1976 ·
1383 1949 1427 1984 de
1445 1949 1573 1997 quibus
1591 1951 1661 1986 dic-

164 2010 220 2040 tus
240 2004 398 2041 Thomas
418 2011 519 2054 pater
537 2006 612 2054 ejus
627 2006 770 2042 vestitus
784 2006 871 2041 obiit
886 2011 922 2041 et
935 2004 1075 2054 sayfitus
1087 2025 1095 2034 ·
1110 2006 1282 2042 tenendas
1300 2011 1336 2042 et
1353 2006 1532 2042 habendas
1549 2005 1608 2042 fibi
1626 2013 1661 2043 et

165 2062 353 2098 heredibus
379 2063 447 2098 suis
474 2065 509 2098 in
537 2069 751 2112 perpetuum
778 2064 822 2099 de
845 2063 947 2098 nobis
966 2068 1002 2099 et
1019 2063 1267 2099 succefforibus
1284 2063 1409 2099 nostris
1428 2064 1595 2113 episcopis
1612 2066 1661 2101 ita

166 2118 275 2156 libere
294 2139 302 2148 ·
337 2120 456 2168 quiete
476 2140 483 2148 ·
515 2121 674 2169 plenarie
694 2141 702 2148 -
731 2121 876 2169 pacifice
894 2126 930 2156 et
947 2120 1065 2168 quiete
1082 2119 1169 2156 ficut
1187 2121 1345 2156 Thomas
1362 2127 1463 2169 pater
1481 2122 1556 2170 ejus
1573 2128 1660 2158 tem-

164 2189 250 2224 pore
268 2177 385 2213 obitus
403 2178 453 2213 sui
471 2178 669 2214 antedictas
687 2184 840 2226 quatuor
858 2178 1004 2214 bovatas
1021 2183 1116 2214 terre
1134 2191 1215 2214 cum
1237 2178 1305 2214 suis
1328 2179 1551 2226 pertinentiis
1564 2179 1659 2220 ,libe-

164 2233 237 2269 rius
254 2235 369 2270 tenuit
388 2254 396 2263 ·
415 2235 555 2283 plenius
573 2241 609 2271 et
626 2236 920 2271 honorificentius
937 2241 973 2271 et
991 2236 1145 2283 quietius
1164 2256 1172 2264 ·
1196 2236 1380 2272 reddendo
1398 2236 1499 2271 nobis
1516 2235 1659 2283 fingulis

162 2291 262 2327 annis
279 2305 392 2328 unum
411 2305 475 2341 par
492 2293 652 2329 albarum
673 2293 943 2342 cyrothecarum
967 2292 1208 2330 Parifienfium
1226 2294 1284 2330 vel
1303 2299 1374 2329 tres
1392 2294 1554 2329 denarios
1578 2293 1658 2329 ster-
