2066 2780
552 131 865 167 REGISTRUM
894 131 1256 169 MORAVIENSE.
1601 140 1648 176 57

156 238 190 267 et
214 230 422 280 incipiendis
444 229 615 265 instruere
643 249 651 256 ·
682 229 774 265 Item
793 242 917 264 omnes
935 235 1060 264 cantus
1081 230 1124 264 ab
1145 230 1317 277 Episcopo
1335 231 1554 278 incipiendos
1577 233 1646 280 ipse

157 289 329 337 Episcopo
355 288 393 322 in
416 287 560 335 propria
582 287 732 335 persona
757 292 901 322 tenetur
926 286 1115 334 injungere
1143 306 1150 314 ·
1179 287 1307 322 Libros
1334 293 1452 323 autem
1478 295 1646 324 cantuum

155 345 294 382 ecclesie
311 345 425 381 factos
443 345 623 392 corrigere
642 364 650 372 ·
670 350 706 380 et
723 358 805 380 cum
824 357 914 392 opus
930 344 1038 379 fuerit
1055 344 1130 392 post
1144 345 1294 392 primam
1308 345 1497 392 ligaturam
1513 346 1622 393 ligare
1640 366 1646 373 ·

155 409 191 439 et
212 401 237 437 fi
259 403 344 438 novi
372 402 460 438 tales
484 402 564 437 libri
590 402 763 438 scribendi
787 402 867 437 sunt
892 400 996 449 ipfius
1019 415 1105 437 cura
1128 408 1163 438 et
1187 400 1408 450 dispositione
1427 402 1620 438 scribentur
1641 422 1647 430 ·

154 459 329 509 prepofito
347 460 602 496 canonicorum
622 460 788 508 expensas
806 459 1025 495 ministrante
1044 479 1052 487 ·
1072 465 1108 495 et
1126 472 1207 495 cum
1226 460 1263 494 in
1281 459 1392 494 choro
1411 459 1582 495 discordia
1594 461 1648 496 vel

155 518 315 554 defectus
329 518 415 553 dum
433 518 574 553 canitur
586 518 643 553 vel
662 517 821 566 psallitur
839 517 1030 565 contigerit
1044 536 1053 545 ·
1068 517 1114 553 ad
1128 530 1251 553 curam
1265 517 1419 565 pertinet
1433 519 1651 564 precentoris

156 580 196 610 ut
213 576 424 611 emendetur
442 576 631 623 providere
650 596 657 603 -

157 748 214 783 De
234 748 350 784 officio
359 772 361 774 -
369 748 584 784 Caneellarii
604 768 611 775 ·

157 863 325 899 Officium
345 864 546 900 cancellarii
564 863 612 899 est
630 864 762 899 scholas
779 863 960 911 theologie
983 876 1108 911 regere
1133 883 1140 890 ·
1169 863 1352 911 predicare
1371 863 1429 899 vel
1450 876 1513 912 per
1539 863 1572 898 se
1595 864 1652 899 vel

157 934 220 968 per
237 921 346 956 alium
365 935 468 968 quem
489 922 533 957 de
552 920 694 957 ecclefia
712 922 861 968 elegerit
884 941 892 949 ·
923 922 1009 957 dum
1032 934 1077 957 ex
1103 921 1272 956 consensu
1295 921 1420 956 decani
1447 926 1482 956 et
1509 921 1653 969 capituli

158 978 246 1013 illud
265 984 435 1014 extraneo
455 979 600 1027 deputet
619 979 776 1015 officium
806 999 814 1006 ·
844 984 880 1015 et
907 979 975 1014 hoc
1003 979 1278 1026 intelligendum
1305 978 1352 1014 est
1374 979 1516 1026 quando
1544 979 1653 1014 choro

159 1035 318 1083 presente
332 1036 589 1084 predicandum
603 1036 651 1072 est
665 1057 673 1064 ·
689 1037 773 1072 alias
787 1037 920 1084 poterit
934 1050 1015 1072 cum
1030 1036 1185 1072 voluerit
1204 1036 1360 1071 officium
1378 1036 1566 1084 injungere
1584 1050 1655 1072 me-

159 1098 336 1128 moratum
359 1113 367 1121 ·
394 1093 454 1129 Est
471 1100 589 1130 autem
608 1094 865 1142 predicandum
884 1094 950 1129 hiis
968 1094 1092 1130 diebus
1109 1094 1244 1142 populo
1273 1113 1280 1121 ·
1308 1092 1451 1141 singulis
1470 1094 1656 1130 dominicis

159 1150 282 1186 diebus
300 1151 436 1186 clericis
453 1152 491 1186 in
509 1152 666 1200 capitulo
693 1171 703 1179 ·
729 1165 793 1199 per
811 1157 882 1187 tres
899 1152 1031 1199 primas
1050 1151 1123 1187 dies
1142 1151 1280 1187 Natalis
1299 1151 1450 1186 Domini
1469 1171 1477 1179 ·
1497 1152 1554 1187 die
1573 1152 1655 1200 Epi-

158 1209 286 1256 phanie
306 1228 314 1236 -
333 1209 418 1244 item
433 1222 496 1257 per
510 1214 581 1245 tres
594 1210 726 1257 primas
744 1209 818 1244 dies
834 1209 963 1244 Pasche
982 1228 990 1237 ·
1011 1209 1068 1244 die
1084 1209 1342 1256 Afl'umptionis
1362 1228 1370 1236 -
1386 1209 1443 1244 die
1461 1209 1655 1244 nativitatis

158 1266 259 1301 beate
278 1266 392 1303 marie
411 1286 419 1294 ·
440 1267 497 1302 die
516 1267 690 1303 Omnium
711 1267 927 1302 Sanctorum
947 1286 955 1294 -
975 1267 1032 1301 die
1052 1266 1183 1302 Sancte
1202 1266 1389 1301 Trinitatis
1417 1285 1424 1293 ·
1455 1272 1491 1301 et
1508 1266 1576 1302 hoc
1594 1266 1655 1302 fiat

159 1323 214 1358 vel
232 1337 296 1371 per
314 1324 505 1359 canonicos
523 1324 580 1360 vel
598 1337 662 1372 per
679 1324 767 1359 alios
786 1324 880 1359 viros
897 1324 1096 1359 autenticos
1114 1322 1138 1358 fi
1156 1324 1385 1359 inveniantur
1407 1324 1467 1370 qui
1489 1324 1602 1359 velint
1620 1330 1655 1359 et

158 1381 266 1416 sciant
285 1401 292 1408 ·
312 1382 397 1416 item
417 1382 472 1417 die
488 1382 659 1418 Cinerum
681 1401 688 1410 ·
718 1382 787 1417 Per
804 1382 961 1429 quinque
980 1382 1054 1417 dies
1071 1381 1166 1429 apud
1185 1381 1304 1416 locum
1323 1380 1479 1416 stationis
1499 1400 1506 1409 ·
1526 1381 1655 1417 scilicet

158 1439 215 1474 die
235 1439 438 1474 Palmarum
462 1445 497 1475 et
522 1439 665 1488 majoris
692 1439 842 1475 Letanie
867 1459 876 1467 ·
904 1444 940 1475 et
957 1439 1070 1474 tribus
1089 1439 1212 1474 diebus
1232 1438 1445 1485 Rogationis
1474 1458 1482 1466 ·
1512 1439 1655 1486 quando

158 1497 354 1544 solempnes
368 1502 468 1532 extra
483 1496 660 1532 ecclesiam
674 1497 765 1532 fiunt
779 1495 1014 1545 proceffiones
1041 1516 1049 1524 ·
1092 1496 1184 1531 Item
1202 1496 1310 1531 libros
1329 1495 1562 1543 legendarum
1580 1509 1655 1531 cor-

159 1554 273 1601 rigere
294 1574 301 1581 ·
321 1560 355 1589 et
374 1554 450 1602 post
466 1555 617 1603 primam
636 1555 826 1602 ligaturam
845 1553 869 1589 fi
887 1568 976 1602 opus
993 1553 1033 1590 fit
1051 1553 1202 1601 religare
1231 1572 1239 1580 ·
1269 1559 1305 1588 et
1322 1552 1346 1587 fi
1364 1553 1448 1588 novi
1467 1553 1554 1589 tales
1575 1553 1654 1589 libri

158 1610 222 1646 fint
241 1612 392 1646 faciendi
410 1612 563 1658 qualiter
586 1612 782 1647 scribantur
806 1612 865 1647 sua
888 1611 1124 1647 sollicitudine
1142 1610 1331 1659 providere
1360 1630 1368 1637 ·
1398 1609 1573 1658 preposito
1602 1624 1656 1646 ca-

158 1669 371 1704 nonicorum
390 1669 557 1716 expensas
575 1669 794 1705 ministrante
814 1689 821 1697 ·
852 1669 945 1705 Item
958 1669 996 1704 in
1014 1668 1148 1704 stabulo
1166 1668 1320 1703 lectores
1334 1673 1370 1703 et
1383 1667 1558 1704 ministros
1572 1669 1656 1704 alta-

158 1727 204 1761 ris
223 1726 389 1761 ordinare
408 1732 443 1761 et
465 1726 614 1762 scribere
634 1746 642 1754 ·
662 1727 816 1762 lectores
834 1726 1004 1762 ascultare
1023 1746 1031 1754 ·
1052 1731 1088 1761 et
1104 1726 1278 1761 lectiones
1293 1726 1484 1761 terminare
1504 1745 1512 1753 ·
1532 1739 1600 1774 que
1618 1727 1655 1761 in

108 1779 111 1781 ⁵
159 1784 254 1818 missa
279 1783 413 1819 fuerint
438 1789 546 1831 prout
571 1784 713 1832 expedit
737 1784 925 1833 injungere
952 1803 960 1812 ·
989 1788 1025 1819 et
1046 1782 1204 1819 fimiliter
1229 1783 1268 1818 in
1292 1783 1530 1831 solempnibus
1556 1785 1655 1819 anni-

158 1841 317 1876 versariis
335 1861 343 1869 ·
382 1841 474 1877 Item
498 1840 649 1889 figillum
676 1842 822 1890 capituli
844 1841 1088 1890 principaliter
1109 1840 1284 1877 custodire
1311 1841 1361 1876 ita
1383 1841 1479 1888 quod
1503 1841 1593 1876 illud
1617 1842 1653 1877 in

158 1899 373 1934 thesauraria
390 1899 451 1935 sub
470 1899 607 1935 serrura
622 1900 755 1948 duplici
769 1898 964 1948 depositum
982 1898 1188 1935 recludetur
1207 1918 1215 1927 ·
1234 1899 1273 1934 in
1291 1898 1501 1935 cancellaria
1518 1899 1653 1935 clavem

159 1956 305 1992 minoris
333 1957 470 1993 sei-rure
499 1957 561 1992 sub
589 1970 659 2004 qua
685 1957 801 2005 primo
834 1962 870 1993 et
903 1957 1107 1993 immediate
1137 1957 1312 1993 reclusum
1344 1957 1451 1992 fuerit
1486 1970 1593 2005 penes
1622 1958 1654 1992 se

159 2014 299 2050 habebit
328 2034 336 2042 ·
366 2014 502 2050 clavem
529 2020 649 2050 autem
676 2015 821 2051 alterius
844 2020 880 2051 et
901 2014 1044 2063 majoris
1069 2015 1208 2051 serrure
1231 2015 1293 2050 sub
1317 2028 1386 2062 qua
1407 2015 1525 2049 minor
1542 2015 1655 2050 reclu-

159 2071 275 2107 denda
292 2071 340 2107 est
357 2072 499 2108 habebit
518 2072 774 2108 Thesaurarius
793 2092 802 2101 ·
827 2072 946 2121 Ipsum
964 2078 1084 2109 autem
1102 2071 1254 2120 sigillum
1272 2072 1444 2120 nusquam
1462 2077 1563 2107 extra
1580 2072 1654 2108 the-

158 2128 347 2165 saurariam
366 2130 525 2166 defertur
548 2129 610 2165 nifi
628 2143 708 2166 eum
728 2144 817 2179 opus
834 2131 942 2167 fuerit
958 2143 1024 2179 pro
1043 2130 1154 2166 literis
1172 2130 1317 2179 capituli
1336 2131 1373 2165 in
1390 2130 1564 2178 presentia
1586 2130 1653 2164 sra-

157 2192 252 2222 trum
270 2186 446 2234 signandis
463 2188 521 2223 vel
542 2188 619 2223 aliis
640 2188 751 2224 literis
772 2188 899 2236 quibus
924 2188 1037 2237 ipsum
1061 2189 1170 2224 fuerit
1193 2188 1445 2237 apponendum
1476 2207 1483 2215 ·
1513 2188 1547 2223 Si
1566 2200 1651 2222 vero

154 2244 384 2281 cancellarius
401 2259 422 2281 a
439 2245 524 2282 villa
541 2246 709 2282 recedere
727 2246 891 2283 debuerit
915 2265 924 2274 ·
947 2246 1084 2283 clavem
1103 2246 1341 2295 supradifitam
1360 2245 1466 2281 alicui
1485 2245 1528 2280 de
1547 2257 1650 2280 cano-

883 2316 911 2339 n
