1912 2660
238 24 287 63 xii
742 25 905 63 INDEX
933 24 1210 62 NOMINUM.

240 124 325 158 Keth,
350 123 480 164 (Keith)‚
504 123 645 151 Robertus
670 125 864 161 prebendarius
896 125 931 153 (18

377 163 481 191 Duffus
496 163 562 196 257,
578 164 645 193 264,
660 164 727 191 401.

337 203 478 231 Robertus
492 201 683 241 (marescallus
699 203 807 241 scotie)
823 204 890 230 344.

237 260 316 265 —
335 241 494 269 Willelmus
518 241 710 280 (marescallus
732 241 842 281 Scotie)
864 243 930 275 868,

236 338 315 343 —-
336 320 495 348 willelmus
509 319 591 359 (olim
606 321 641 349 de
656 320 820 359 Innerugie)
834 321 901 348 421.

335 369 429 388 comes
445 359 635 388 Marescallus.
658 360 730 388 Vide
744 359 931 388 Marescallus.

239 399 348 433 Kinlos,
370 398 523 437 (Kynlos)‚
544 400 627 427 abbas
646 399 681 426 de
700 400 742 432 19,
758 400 804 431 20,
819 400 867 431 84,
883 399 930 430 63,

415 439 462 471 64,
477 438 524 471 84¹,
539 439 587 472 86,
605 439 668 470 132,
684 438 747 470 199,
762 438 830 470 306,
845 438 911 464 317.

375 478 467 505 Adam
482 478 566 505 abbas
580 478 615 505 de
630 478 696 509 ⁶200,
711 478 779 509 354,
794 477 861 503 376.

375 516 502 544 Andreas
516 517 600 544 abbas
614 516 648 544 de
660 513 742 543 284.”

374 555 531 583 Herbertus
549 556 633 583 abbas
647 556 682 583 (18
697 556 744 589 25,
759 556 806 588 26,
822 555 868 587 30,
884 555 931 587 36,

414 595 460 628 78,
475 595 522 627 86,
537 595 584 622 97.

372 633 515 661 Johannes
530 634 564 662 de
580 633 688 661 Elleme
703 634 786 661 abbas
801 634 835 661 de
848 634 913 660 230.

376 672 542 710 Rndulphus
555 673 639 701 abbas
653 673 687 700 de
702 674 749 700 43.

375 712 511 740 Reinerus
525 712 609 739 abbas
623 712 657 739 (18
673 712 699 745 7,
715 713 762 738 38.

369 751 508 779 Robertus
522 751 648 788 supprior
662 751 696 778 (18
710 752 758 778 86.

373 790 514 818 Robertus
527 790 612 817 abbas
626 790 660 816 de
675 790 742 817 374.

373 829 480 866 Symon
494 829 569 866 prior
583 829 617 856 de
632 828 680 862 26,
694 829 741 855 86.

237 867 319 900 Kirk,
334 868 473 902 Georgius
488 868 555 895 406.

238 906 387 940 Kirktoun,
404 907 526 934 Thomas
541 907 575 934 de
590 907 658 938 200,
673 908 740 934 205.

239 946 379 983 Kynarde‚
395 946 538 974 Johannes
552 947 587 974 de
606 947 668 978 129,
687 947 753 973 157.

315 1002 377 1007 —---
392 985 534 1013 Johannes
549 985 600 1023 (de
616 985 757 1023 Salinhill)
772 986 839 1012 406.

235 1041 378 1048 —————-
394 1025 529 1053 Patricius
540 1025 607 1058 403,
620 1026 686 1058 406,
699 1026 766 1059 415,
781 1025 848 1058 419,
865 1025 931 1057 421,

236 496 353 695 11111

315 1120 365 1126 --
370 1104 431 1130 ΛΥ
433 1104 534 1131 alterus
550 1103 601 1142 (de
614 1104 676 1132 Cuh
680 1103 732 1142 yn)
748 1103 815 1137 393,
831 1103 899 1130 397.

237 1143 382 1180 Kyngorn,
398 1143 539 1170 Henricus
559 1143 594 1170 de
609 1143 715 1179 (rector
728 1143 763 1170 de
779 1142 825 1181 Κ)
828 1142 932 1181 ngusy)

433 1183 499 1215 256,
515 1182 582 1210 257.

236 1238 378 1244 —————
399 1221 567 1249 Laurentius
582 1222 650 1248 237.

235 1277 379 1285 ———--
401 1261 541 1288 Robcrtus
556 1261 591 1288 de
609 1261 673 1288 143.

238 1300 397 1338 Kyntess'oc,
417 1300 554 1327 Henricus
569 1300 612 1332 de,
628 1300 779 1328 monachus
793 1301 839 1328 87.

239 1340 441 1377 Kynynmund,
458 1339 520 1367 Elia
534 1339 569 1367 de
583 1340 631 1373 68,
646 1340 693 1366 69.

237 1458 362 1492 Laccles,
381 1458 539 1486 willelmus
554 1458 588 1486 de
604 1459 631 1491 9,
651 1459 694 1485 11.

237 1496 412 1530 umbertus,
427 1498 586 1535 capellanus
605 1498 648 1530 12,
664 1498 712 1529 38,
727 1497 773 1529 39,
790 1497 853 1524 131.

235 1553 413 1559 -----
428 1537 571 1565 succentor
585 1538 632 1569 21,
647 1538 694 1569 67,
707 1537 754 1570 69,
766 1537 813 1569 70,
826 1537 872 1569 71,
885 1537 932 1569 75,

472 1577 519 1609 88,
535 1577 583 1609 96,
600 1576 730 1609 97,107.

353 1634 410 1638 --
424 1615 538 1652 persona
552 1616 586 1642 (18
602 1615 696 1642 Forais
711 1616 758 1642 43.

237 1653 309 1690 Lasy
312 1655 377 1692 nby,
394 1655 486 1682 Adam
501 1655 535 1682 de
547 1654 654 1693 (rector
665 1654 779 1682 ecclesle
792 1655 826 1682 (18
838 1653 931 1692 Keth)

236 1732 413 1766 Laurentius,
428 1733 586 1769 capellanus
601 1733 731 1765 62,133.

238 1771 315 1805 Law,
332 1771 455 1799 Thomas
469 1772 536 1799 399.

239 1811 385 1848 Lawedyr‚
402 1810 542 1838 Robertus
557 1811 600 1845 de,
612 1811 646 1839 (18
658 1811 826 1842 Quarelwod
842 1811 930 1845 miles,

280 1850 344 1883 155,
359 1850 425 1883 309,
441 1851 508 1877 319.

237 1888 410 1923 Leirmonth,
425 1889 548 1917 Jacobus
563 1890 611 1927 ((18
627 1889 731 1926 Darsy)
746 1890 813 1917 391.

423 1928 559 1957 Christian
574 1929 641 1956 413.

394 1986 407 1991 -
422 1967 582 1995 willelmus
596 1968 663 2001 396,
680 1968 746 2001 403,
761 1969 829 1996 422.

237 2005 334 2040 Lessie,
351 2006 511 2035 Alexander
524 2008 591 2034 420.

236 2062 327 2068 -——-
347 2045 489 2074 Johannes
504 2045 626 2084 (rectore
641 2046 675 2073 (18
691 2046 771 2085 Uno)
787 2046 853 2073 420.

236 2103 327 2108 —-
351 2085 509 2113 Alexander
524 2085 619 2123 (heres
635 2085 745 2122 Rossie)
761 2086 827 2114 355.

237 2141 327 2147 ——-
350 2124 476 2152 Andreas
491 2125 567 2162 preb.
581 2124 615 2152 de
631 2124 757 2163 Kingus'y
776 2125 841 2158 257,
864 2124 931 2158 261,

1036 123 1134 157 Lessie,
1151 124 1301 152 Beroaldus
1309 124 1477 163 (Bareldus)
1484 133 1580 152 canon.
1590 124 1656 159 371,
1663 126 1731 153 372.

1116 180 1124 185 -
1148 163 1274 192 Gavinus
1302 166 1407 199 (rector
1434 164 1468 191 de
1496 163 1636 201 Kingusy)
1663 165 1730 198 372,

1193 203 1260 235 402,
1275 204 1343 230 420.

1036 257 1126 264 ---
1148 240 1287 278 Georgius
1301 242 1345 274 de,
1360 241 1448 275 miles,
1464 243 1530 269 200.

1147 279 1289 308 Johannes
1321 280 1355 308 de
1370 280 1500 318 Vardris)
1515 281 1582 308 245.

1148 318 1290 346 Johannes
1322 319 1355 346 de
1372 318 1391 346 S
1394 319 1464 357 yde)
1478 319 1546 347 419.

1036 374 1126 381 ——-
1148 357 1289 385 Johaunes
1305 358 1456 393 (titularius
1470 359 1505 386 de
1518 358 1613 397 Ryne)
1628 360 1694 387 429.

1037 413 1128 419 ---
1148 396 1291 424 Johannes
1306 397 1374 424 415.

1037 451 1128 457 ——-
1150 435 1233 472 Marg
1234 441 1309 463 areta
1324 437 1390 463 412.

1037 491 1129 496 —-—-
1151 474 1273 502 Thomas
1289 476 1355 508 240,
1371 476 1437 509 257,
1452 476 1520 511 264,
1536 477 1603 504 265.

1037 529 1128 535 ---
1150 513 1292 541 Walterus
1331 515 1495 552 (canonicus
1536 515 1732 553 Dunkelden.)

1196 553 1263 585 237,
1279 554 1346 587 242,
1362 554 1429 581 245.

1040 590 1139 624 Lethe,
1155 591 1303 620 Donaldus
1317 593 1385 621 397.

1039 630 1199 664 Levenaux,
1216 631 1259 659 M.
1274 632 1346 659 filius
1363 632 1405 659 Μ.
1417 633 1526 660 comitis
1540 633 1575 660 de
1593 633 1656 660 123.

1217 670 1388 699 Malcolmus
1402 681 1496 699 comes
1510 672 1545 700 de
1559 673 1626 699 344.

1040 710 1347 776 Levyntton,Ja{ggus
1379 710 1512 749 (magnus
1554 710 1734 749 camerarius)

1158 807 1208 812 --
1227 788 1367 816 Roberms
1382 790 1416 817 de
1431 790 1498 816 200.

1225 827 1347 856 Thomas
1362 830 1474 867 (canon.
1490 828 1613 865 Morav.)
1628 829 1695 856 253.

1039 867 1205 904 Leweryke,
1222 867 1381 895 W'illelmus
1400 869 1464 895 174.

1039 906 1121 940 Liell,
1137 907 1267 934 dominus
1283 906 1440 935 willelmus
1455 908 1523 940 402,
1537 908 1605 934 418.

1039 945 1239 974 Lincolnienfis
1254 945 1408 984 episcopus,
1427 946 1512 983 Hugo
1526 948 1573 980 47,
1589 947 1637 973 48.

1318 1002 1404 1008 -———-
1429 986 1568 1013 Robertus
1601 986 1649 1018 47,
1688 986 1734 1018 48,

1474 1026 1521 1058 49,
1536 1026 1584 1052 50.

1354 1081 1404 1086 ——-
1426 1064 1584 1092 VVillelmus
1599 1064 1645 1097 47,
1662 1065 1709 1094 49.

1038 1103 1176 1136 Lindesei,
1194 1103 1354 1131 Alexander
1368 1103 1411 1137 de,
1427 1104 1516 1138 miles,
1531 1104 1598 1131 200.

1121 1159 1177 1164 --
1193 1142 1379 1170 Archibaldus
1407 1143 1514 1180 (rector
1535 1143 1569 1170 (18
1585 1141 1735 1180 Kingufie)

1236 1182 1303 1215 392,
1319 1183 1386 1214 397,
1401 1183 1469 1215 403,
1480 1183 1547 1215 405,
1560 1182 1627 1209 407.

1191 1221 1284 1249 David
1300 1222 1342 1254 de,
1358 1222 1446 1255 miles,
1462 1223 1529 1249 200.

1156 1278 1177 1282 -
1190 1260 1314 1289 Jacohus
1328 1261 1431 1289 archid.
1448 1261 1589 1288 Aberdon.
1604 1261 1671 1287 417.

1039 1317 1178 1323 -——--
1191 1300 1314 1328 Jacobus
1329 1300 1478 1328 canonicus
1493 1301 1560 1333 264,
1576 1300 1643 1327 265.

1038 1356 1177 1362 ————
1190 1339 1332 1367 Johannes
1347 1340 1381 1367 de
1396 1340 1445 1376 (de
1460 1339 1611 1376 Walhope)
1626 1339 1692 1366 200.

1193 1379 1333 1406 NValterus
1348 1379 1382 1406 (18
1401 1380 1444 1406 18.

1039 1435 1177 1440 ------
1193 1418 1350 1445 willelmus
1365 1418 1399 1446 de
1414 1420 1441 1451 4,
1456 1419 1485 1446 6.

1192 1457 1238 1484 W.
1253 1457 1325 1484 filius
1342 1457 1458 1485 Roberti
1473 1458 1517 1490 (18,
1529 1457 1594 1485 cler.
1609 1458 1656 1485 66.

1040 1496 1185 1529 Lindon-es,
1201 1497 1285 1525 abbas
1299 1497 1334 1524 de
1349 1497 1396 1529 39,
1411 1498 1458 1524 40.

1038 1553 1196 1558 ————
1318 1552 1328 1557 -
1346 1536 1426 1563 Wice
1445 1537 1488 1563 12.

1040 1574 1194 1608 Linlithku,
1212 1576 1302 1604 Alicia.
1316 1576 1350 1603 de
1368 1576 1432 1603 143.

1210 1614 1352 1642 Johannes
1366 1615 1453 1653 (filius
1466 1614 1573 1653 Alicie)
1592 1615 1656 1642 143.

1212 1654 1311 1682 Petrus
1325 1654 1414 1692 (filius
1428 1653 1581 1692 Johannis)
1599 1655 1662 1681 143.

1039 1692 1219 1721 Lismorenfis
1238 1693 1393 1730 episcopum
1434 1692 1507 1721 Vide
1522 1692 1705 1729 Ergadienfis.

1041 1732 1131 1770 Logy,
1147 1732 1287 1760 Martinus
1302 1733 1369 1765 397,
1381 1733 1448 1759 410.

1039 1771 1170 1805 Lokcart,
1186 1772 1324 1807 Georgius
1346 1771 1499 1809 prepositus
1518 1771 1553 1798 de
1571 1771 1733 1809 Crychtoun

1236 1811 1304 1838 253.

1038 1867 1166 1873 ————-
1183 1849 1325 1878 Johannes
1340 1850 1488 1878 canonicus
1503 1850 1568 1883 372,
1585 1849 1653 1877 415.

1039 1889 1209 1922 Loncastrie,
1224 1889 1362 1917 Henricus
1379 1889 1445 1917 Dux
1462 1889 1529 1916 384.

1040 1929 1212 1966 Longovico,
1226 1928 1383 1956 Wnllelmus
1399 1929 1433 1956 de
1448 1927 1633 1967 (monachus)
1651 1929 1715 1955 156.

1039 1968 1141 2000 Loren,
1159 1968 1286 2005 Rogerus
1301 1969 1348 1995 97.

1039 2007 1232 2044 Lonkfordyn,
1249 2007 1408 2035 Willelmus
1423 2007 1457 2035 de
1472 2005 1655 2046 (canonicus)
1668 2007 1734 2040 203,

1078 2047 1145 2079 324,
1161 2047 1228 2079 351,
1244 2047 1310 2073 368.

1040 2085 1212 2118 Lumisdaill,
1236 2086 1375 2113 Henricus
1403 2087 1509 2124 (rector
1533 2085 1568 2113 de
1593 2084 1733 2124 Kynkell)

1079 2125 1146 2158 394,
1162 2126 1228 2158 410,
1243 2125 1311 2152 413.

1040 2163 1236 2202 Lundechtyn,
1252 2170 1342 2192 rector
1356 2164 1391 2192 de
1408 2164 1472 2191 141.
