2066 2780
350 153 397 188 6⁶2
739 151 1054 189 REGISTRUM
1082 150 1444 188 MORAVIENSE.

348 309 583 344 Confirmatio
603 308 656 344 ·B·
676 308 827 356 episcopi
846 308 889 343 de
907 306 1049 344 ecclesia
1066 307 1110 342 de
1129 306 1272 341 Deveth
1292 325 1300 332 ·

269 425 317 455 54-
347 423 484 459 Bricius
504 423 575 459 Dei
598 424 713 470 gratia
734 420 962 459 moraviensis
986 420 1166 468 episcopus
1192 417 1361 454 universis
1388 418 1519 454 saneta
1546 419 1672 455 matris
1698 420 1840 457 ecclesie

344 481 424 516 filiis
443 481 561 517 literas
580 480 656 516 istas
674 481 797 516 visuris
814 479 871 515 vel
889 478 1063 514 audituris
1081 483 1240 512 eternam
1258 477 1296 510 in
1315 476 1477 511 Domino
1495 475 1642 513 salutem
1662 497 1670 506 ·
1684 478 1839 516 Noverit

343 538 549 574 universitas
575 538 687 574 vestra
713 551 778 573 nos
804 535 980 572 ecclesiam
1009 535 1138 570 Sancte
1158 533 1345 569 Trinitatis
1369 534 1412 569 de
1438 534 1558 582 Spyny
1581 540 1617 570 et
1642 536 1837 584 capitulum

343 596 446 643 plene
465 595 634 631 investisse
655 596 698 631 de
716 593 857 630 ecclesia
874 594 917 629 de
937 592 1081 628 Deveth
1106 612 1113 619 -
1141 605 1247 638 quam
1271 591 1320 638 ad*
1340 591 1550 639 petitionem
1577 598 1613 628 et
1638 593 1837 631 instantiam

343 653 523 701 Freskyny
542 654 586 688 de
606 653 741 688 Kerdal
767 651 920 700 ejusdem
948 649 1087 685 ecclesie
1113 650 1156 684 de
1180 649 1325 684 Deveth
1350 650 1494 697 patroni
1518 650 1649 686 fabrice
1676 653 1837 699 prediGte

341 710 481 747 ecclesie
504 711 634 746 Sanc'te
654 710 840 745 Trinitatis
866 707 1112 755 assignavimus
1141 707 1304 742 dedimus
1331 712 1367 742 et
1394 707 1459 743 hac
1485 713 1584 760 carta
1610 708 1728 745 nostra
1753 723 1837 746 con-

341 768 558 803 firmavimus
571 788 579 796 ·
595 768 753 815 Recepta
767 767 875 814 igitur
893 780 914 801 a
932 766 1032 800 nobis
1051 764 1287 812 resignatione
1301 763 1473 813 solempni
1489 765 1640 801 Roberti
1654 768 1834 814 quondam

339 826 486 873 persone
504 824 644 861 ecclesie
663 826 706 860 de
725 825 866 860 Devetli
889 843 896 851 ·
917 829 951 858 et
970 823 1092 870 sponte
1112 821 1231 857 oblata
1250 827 1285 857 et
1303 822 1397 858 fausta
1410 822 1454 857 ab
1472 823 1544 871 ipso
1563 825 1834 861 renunciatione

332 883 425 930 juris
442 884 538 930 quod
556 883 592 918 in
611 883 734 918 eadem
755 880 895 917 ecclesia
914 881 1007 916 idem
1028 880 1210 915 Robertus
1228 879 1352 915 habuit
1371 899 1379 907 ·
1405 879 1546 916 ecclesie
1565 880 1695 917 Sancte
1715 882 1834 918 Trini-

337 943 418 977 tatis
440 948 475 977 et
499 942 653 990 capitulo
680 940 833 989 ejusdem
856 940 995 988 plenam
1020 937 1186 987 seyfinam
1210 938 1358 974 fecimus
1380 939 1425 974 de
1448 939 1571 974 eadem
1591 939 1734 975 ecclesia
1751 954 1832 976 cum

337 999 500 1034 omnibus
522 999 566 1034 ad
590 999 738 1034 eandem
760 997 1019 1045 pertinentibus
1046 1016 1054 1024 ·
1082 996 1321 1032 concedentes
1348 996 1476 1032 eisdem
1500 996 1647 1032 liberam
1667 1003 1702 1033 et
1721 1000 1833 1034 omni-

336 1057 477 1092 modam
497 1056 649 1104 ejusdem
672 1054 811 1091 ecclesie
835 1060 870 1090 et
894 1055 1053 1089 omnium
1073 1054 1330 1101 pertinentium
1350 1054 1493 1089 suorum
1512 1054 1774 1091 ordinationem
1794 1057 1831 1091 111

334 1119 544 1161 perpetuum
566 1133 573 1140 ·
593 1113 767 1148 fructibus
789 1112 890 1160 ipsius
915 1111 1055 1147 ecclesie
1079 1117 1115 1146 et
1139 1111 1292 1147 exitibus
1315 1111 1480 1147 omnibus
1492 1111 1576 1160 jure
1594 1118 1768 1160 perpetuo
1787 1114 1830 1149 ab

333 1171 404 1218 ipso
432 1171 586 1217 capitulo
613 1170 669 1205 vel
696 1170 854 1217 quolibet
878 1170 953 1217 ejus
976 1174 1209 1217 procuratore
1233 1170 1278 1204 ad
1302 1169 1371 1205 hoc
1393 1169 1572 1217 designato
1594 1172 1830 1219 percipiendis

332 1234 366 1263 et
385 1229 420 1262 in
440 1229 519 1263 usus
538 1228 667 1263 fabrice
686 1227 826 1262 ecclesie
846 1227 976 1263 Sancte
996 1227 1186 1262 Trinitatis
1204 1227 1456 1263 convertendis
1483 1247 1491 1255 ·
1522 1228 1644 1270 Quare
1662 1229 1829 1266 volumus

330 1292 365 1321 et
383 1285 610 1320 concedimus
630 1291 669 1320 ut
686 1285 849 1333 predifihz
867 1284 1009 1321 ecclesia
1028 1285 1159 1321 Sancte
1173 1284 1361 1320 Trinitatis
1379 1285 1576 1333 predictam
1591 1285 1769 1323 ecclesiam
1785 1289 1828 1324 de

330 1343 473 1379 Devcth
491 1343 527 1377 111
547 1356 670 1391 puram
694 1348 729 1377 et
753 1349 961 1391 perpetuam
985 1342 1209 1379 elemosinam
1229 1343 1357 1378 habeat
1375 1348 1410 1378 et
1428 1342 1597 1391 possideat
1615 1357 1696 1379 cum
1716 1347 1828 1381 omni-

329 1401 393 1436 bus
411 1401 456 1436 ad
475 1414 551 1436 eam
565 1400 658 1448 juste
677 1401 937 1448 pertinentibus
955 1401 991 1436 in
1010 1401 1114 1436 terris
1126 1421 1134 1428 ·
1151 1401 1297 1436 decimis
1316 1420 1323 1428 ·
1344 1400 1582 1436 oblationibus
1601 1407 1636 1437 et
1654 1403 1827 1439 omnimo-

329 1458 380 1493 dis
399 1458 672 1493 obventionibus
691 1465 726 1494 et
745 1457 976 1494 ecclesiasticis
1001 1458 1277 1494 rectitudinibus
1298 1478 1305 1485 ·
1325 1458 1414 1494 adeo
1433 1458 1543 1494 libere
1562 1478 1570 1486 ·
1590 1459 1708 1506 quiete
1728 1480 1736 1488 ·
1756 1461 1827 1508 ple-

330 1516 427 1550 narie
447 1536 454 1543 ·
475 1522 510 1550 et
529 1516 723 1552 honorifice
738 1515 824 1552 sicut
841 1516 958 1563 aliqua
976 1516 1118 1552 ecclesia
1135 1517 1172 1551 in
1191 1516 1308 1552 nostra
1326 1515 1463 1563 dyocesi
1487 1516 1631 1552 liberius
1648 1518 1802 1564 quietius
1817 1540 1824 1547 ·

329 1572 467 1619 plenius
494 1578 528 1607 et
555 1573 846 1609 honorificentius
872 1575 915 1609 ab
942 1575 1060 1621 aliquo
1087 1574 1238 1610 habetur
1256 1574 1310 1610 vel
1330 1572 1524 1622 possidetur
1551 1601 1559 1610 .
1588 1575 1700 1611 Salvis
1724 1577 1825 1612 nobis

329 1635 364 1664 et
393 1630 639 1665 successoribus
667 1631 792 1666 nostris
819 1632 1071 1680 episcopalibus
1103 1651 1110 1660 ·
1140 1631 1302 1667 Testibus
1330 1631 1390 1666 ·A·
1419 1632 1581 1680 episeopo
1609 1632 1796 1669 Catanensi
1815 1655 1823 1662 ·

328 1687 489 1734 magistro
504 1687 670 1723 Gilberto
689 1689 940 1724 archidiacono
960 1689 1078 1725 nostro
1097 1709 1105 1717 ·
1123 1689 1208 1725 Ada
1222 1695 1257 1724 et
1273 1689 1435 1724 Roberto
1451 1689 1589 1724 vicariis
1608 1690 1650 1725 de
1671 1691 1769 1739 Eryn
1789 1699 1824 1728 et

329 1744 373 1779 de
394 1744 478 1792 Dyk
509 1765 516 1772 ·
548 1745 689 1780 Thomu
712 1751 747 1780 et
769 1747 943 1782 (Dauricio
968 1748 1157 1795 capellanis
1184 1746 1308 1782 nostris
1340 1766 1348 1773 ·
1381 1746 1578 1782 Laurentio
1606 1753 1641 1783 et
1668 1748 1823 1796 Symone

329 1801 518 1849 capellanis
537 1803 776 1838 archidiaconi
795 1805 956 1839 moravie
976 1824 983 1832 ·
1004 1805 1215 1841 Alexandro
1235 1810 1270 1840 et
1290 1803 1452 1839 Henrico
1471 1804 1639 1841 fratribus
1657 1806 1781 1842 nostris
1797 1827 1804 1835 ·

330 1974 565 2010 Confirmatio
584 1976 814 2011 canoniarum
833 1978 919 2024 moy
938 1982 973 2012 et
993 1977 1121 2026 Kynor
1136 1999 1143 2006 -

250 2093 295 2122 :35
331 2089 517 2125 Honorius
535 2091 715 2138 episcopus
737 2091 854 2126 servus
878 2092 1057 2128 servorum
1077 2093 1146 2129 Dei
1171 2095 1310 2131 dileffls
1335 2096 1416 2131 filiis
1442 2096 1576 2131 decano
1603 2100 1638 2131 et
1664 2096 1819 2143 capitulo

327 2146 538 2183 moraviensi
569 2147 713 2183 salutem
742 2154 777 2183 et
804 2149 1027 2196 apostolicam
1055 2151 1343 2189 benedietionem
1369 2173 1376 2181 ·
1406 2154 1504 2190 Solet
1534 2166 1692 2188 annuere
1723 2153 1819 2189 sedes

326 2204 514 2252 apostolica
532 2205 597 2252 piis
615 2205 706 2240 votis
725 2211 760 2240 et
778 2206 928 2241 honestis
946 2209 1142 2254 petentium
1162 2210 1322 2257 precibus
1340 2211 1497 2247 favorem
1517 2210 1731 2246 benevolum
1757 2212 1819 2246 1111-

327 2262 447 2308 pertiri
467 2281 475 2289 ·
496 2261 587 2298 Cum
608 2263 716 2310 igitur
730 2263 939 2299 venerabilis
953 2265 1062 2301 frater
1080 2266 1195 2303 noster
1214 2268 1394 2317 episcopus
1409 2266 1638 2306 moraviensis
1652 2268 1792 2305 ecclesie
1808 2289 1816 2296 ·
