1912 2660
195 421 253 449 390

193 899 249 927 391

192 1042 251 1070 392

192 1329 250 1356 393

194 1708 252 1736 394

194 1900 252 1928 395

279 87 351 120 408
679 84 997 121 REGISTRUM
1025 83 1390 121 MORAVIENSE.

279 182 375 220 postea
395 181 561 220 liquidandis
582 186 611 211 et
633 183 834 212 modificandis.
875 183 1057 212 Presentibus
1079 182 1218 220 magistris
1237 187 1266 211 et
1284 181 1405 209 dominis
1420 181 1533 209 Thoma
1546 181 1699 215 Gadderar,
1714 181 1786 210 Wil-

278 230 364 258 lelmo
379 230 513 264 Brabnar,
529 230 649 259 Matheo
660 230 804 269 Tailyour,
817 231 929 259 Thoma
941 230 1015 268 Hay,
1027 230 1153 264 notariis,
1170 230 1281 257 Thomu
1293 228 1379 256 Eldar
1393 231 1422 256 et
1435 228 1567 257 Johanne
1580 228 1707 263 Roberti,
1722 229 1787 257 bur-

280 277 410 315 gentibus
425 278 459 307 de
475 278 588 316 Elgine.
629 278 664 307 ln
678 278 740 307 loco
754 278 932 307 consistoriali
947 277 1119 307 Moravienfi
1134 277 1224 310 solito,
1244 277 1282 304 23
1297 275 1369 304 Julii
1387 276 1471 304 1522.

281 420 368 450 Carta
382 420 545 449 feodifirmae
559 421 593 449 ab
608 421 747 459 Episcopo
761 430 825 448 cum
839 419 974 448 consensu
984 418 1100 456 capituli
1114 417 1238 446 concessa
1253 417 1419 446 Alexandro
1434 417 1619 447 Andersoune
1633 418 1663 447 in
1675 418 1786 447 Wester

279 468 369 497 Alves
384 473 413 497 et
428 469 593 497 Alexandro
608 468 793 497 Andersoune
807 467 936 504 burgensi
951 466 984 494 de
1000 466 1103 503 Elgine
1124 465 1185 504 ejus
1206 464 1264 492 filio
1286 469 1314 494 et
1336 465 1453 494 Befsetae
1472 465 1627 495 Gordoune
1648 466 1715 495 dicti
1735 466 1786 494 filii

277 516 401 555 conjugi,
417 516 491 545 villae
506 521 534 545 et
548 521 686 545 terrarum
701 516 734 544 de
750 515 909 543 Inchebrok
923 514 952 541 in
967 513 1081 541 baronia
1095 513 1128 541 de
1145 513 1240 551 Spyne
1251 512 1305 541 vic:
1320 513 1354 542 de
1366 512 1452 550 Elgin
1467 517 1495 542 et
1508 513 1617 548 Forres,
1631 524 1694 552 quae
1708 514 1785 552 prius

277 574 294 592 a
307 564 382 593 dicto
398 564 562 593 Alexandro
572 569 652 602 patre
666 567 807 601 occupatae
822 562 936 591 fuerunt
948 573 955 595 ;
975 561 1116 600 presoluta
1130 560 1240 588 summa
1252 561 1312 589 200
1326 570 1493 589 mercamm.
1516 561 1670 590 Reddendo
1680 572 1786 590 annua-

277 611 330 639 tim
350 611 414 640 L.3.
431 613 475 640 17.
492 613 538 640 10.
552 621 617 640 cum
638 616 736 649 quarta
756 615 835 649 parte
857 613 964 643 martae,
990 610 1004 636 1
1025 613 1153 642 mutone,
1181 609 1194 636 l
1215 618 1298 646 agno,
1324 609 1338 636 1
1360 618 1436 643 auca,
1463 611 1473 637 l
1496 609 1624 638 duodena
1638 619 1785 647 caponum,

280 660 294 686 l
311 659 385 687 bolla
402 669 555 688 avenarum
575 669 640 687 cum
657 658 768 697 pabulo,
790 663 818 686 et
836 659 871 686 13
890 657 983 685 solidis
997 658 1017 684 4
1031 656 1151 684 denariis
1170 666 1220 694 pro
1239 657 1258 684 2
1277 656 1358 685 bouis
1372 656 1455 685 aridae
1470 656 1613 686 multurae.
1655 657 1786 686 Testibus

276 707 384 736 Jacobo
402 708 488 737 Innes
511 708 544 736 de
569 708 695 744 Dranye,
719 706 835 735 Andr-ea
856 704 1024 738 Monereffe,
1047 709 1076 732 et
1097 704 1229 742 magistro
1250 704 1361 733 Joanne
1381 704 1517 743 Dowglas
1532 705 1658 734 notariis.
1699 705 1785 744 Apud

279 754 447 794 Edinburgh
462 760 490 785 et
505 755 619 793 Elgine,
637 756 672 783 16
688 753 832 783 Februarii
846 757 875 781 et
894 754 908 790 [
993 750 1008 791 ]
1026 752 1112 780 1562.

279 898 450 937 Preceptum
463 897 557 926 safinae
571 896 734 926 eorundem.
776 895 890 923 Eisdem
905 894 974 923 locis
989 899 1018 923 et
1032 894 1159 929 testibus,
1177 895 1212 922 17
1229 894 1372 923 Februarii
1386 899 1415 923 et
1430 895 1445 934 [
1528 896 1543 932 ]
1565 896 1650 924 1562.

279 1042 364 1071 Carta
384 1040 604 1069 confirmationis
618 1040 651 1067 ab
668 1039 815 1078 Episcopo,
837 1043 921 1068 cartae
935 1038 1107 1068 venditionis
1125 1039 1278 1068 earundem
1292 1045 1431 1069 terrarum
1445 1040 1478 1068 ab
1496 1040 1659 1069 Alexandro
1676 1041 1785 1070 Ander-

277 1089 364 1117 soune
385 1088 513 1126 burgensi
533 1088 566 1116 de
585 1087 689 1125 Elgine
711 1088 843 1116 concessae
865 1087 992 1124 Georgio
1013 1087 1135 1115 Dunbar
1154 1088 1183 1115 in
1204 1088 1315 1116 Wester
1333 1087 1422 1116 Alves
1440 1092 1468 1117 et
1489 1088 1658 1126 Margaretae
1676 1090 1785 1118 Ander-

276 1137 363 1165 soune
384 1136 444 1175 ejus
465 1136 581 1174 sponsae.
626 1136 753 1165 Tenend:
768 1136 802 1164 de
818 1135 957 1174 Episcopo
971 1135 1020 1163 sub
1035 1135 1139 1165 eisdem
1153 1135 1361 1165 conditionibus
1376 1136 1477 1174 quibus
1491 1136 1548 1175 ipse
1563 1137 1727 1165 Alexander
1740 1147 1785 1166 eas

278 1189 408 1213 tenuerat
423 1183 625 1223 (impevfecta).

278 1328 363 1356 Carta
383 1327 546 1356 feodifirmae
565 1327 597 1355 ab
614 1327 752 1365 Episcopo
767 1336 832 1355 cum
846 1325 982 1355 consensu
995 1325 1111 1364 capituli
1126 1326 1250 1355 concessa
1267 1327 1393 1355 Johanni
1408 1327 1502 1356 Grant
1516 1328 1550 1356 de
1566 1327 1784 1357 Ballandallacht

275 1381 304 1404 et
319 1375 405 1403 nobili
419 1375 530 1404 mulieri
547 1375 675 1403 Barbarae
691 1375 829 1404 Gordoun
844 1374 904 1413 ejus
919 1374 1025 1412 sponsae
1040 1379 1068 1403 et
1082 1375 1142 1402 her:
1157 1375 1239 1402 masc:
1254 1375 1322 1404 dicti
1336 1375 1455 1404 Johanis
1468 1387 1475 1408 ;
1493 1386 1519 1414 q:
1530 1376 1556 1404 d:
1571 1376 1677 1404 ⁸Iacobo
1692 1376 1784 1404 Grant

278 1424 311 1452 de
328 1423 459 1461 Fruychy
474 1428 503 1452 et
517 1424 576 1452 her:
591 1423 673 1451 masc:
687 1435 693 1457 ;
714 1427 854 1452 terrarum
868 1423 902 1451 de
918 1422 1081 1451 Kirktoune
1102 1423 1136 1450 de
1155 1423 1305 1451 Inverawn
1325 1423 1356 1451 in
1376 1423 1431 1451 vic:
1452 1424 1485 1452 de
1507 1423 1594 1452 Banff
1602 1435 1608 1457 3
1633 1424 1785 1452 Reddendo

277 1471 342 1498 inde
357 1471 502 1500 annuatim
517 1472 535 1499 4
550 1481 665 1499 marcas.
707 1470 837 1499 Testibus
854 1470 1018 1499 Alexandro
1033 1469 1188 1499 Gordoune
1209 1471 1243 1499 de
1264 1471 1436 1504 Strathown,
1460 1471 1589 1499 Arthuro
1611 1471 1730 1500 Stewart
1751 1471 1785 1499 de

280 1518 480 1556 Kynimachlo,
503 1518 626 1547 Patricio
641 1519 734 1547 Grant
750 1519 784 1547 de
800 1518 929 1557 Dalwey,
947 1518 1054 1546 Jacobo
1073 1517 1166 1547 Grant
1181 1518 1214 1547 de
1230 1518 1315 1553 Desk,
1333 1518 1479 1547 Willelmo
1495 1519 1658 1548 Gordoune.
1700 1519 1784 1557 Apud

282 1566 455 1604 Drummyn,
473 1568 508 1595 16
523 1566 594 1595 Julii
611 1567 696 1595 1545.

284 1709 455 1747 Preceptum
474 1708 567 1738 sasinae
582 1710 744 1738 eorundem.
786 1709 916 1739 Testibus
930 1714 962 1739 ut
976 1709 1067 1749 supra,
1081 1720 1137 1738 una
1152 1719 1217 1738 cum
1232 1709 1376 1738 Willelmo
1394 1709 1469 1747 Hey.
1510 1710 1596 1748 Apud
1611 1709 1783 1747 Drummyn,

282 1758 317 1786 21
335 1757 406 1786 ,Iulii
425 1758 509 1786 1545.

283 1901 369 1930 Cana
389 1900 563 1929 affedationis
584 1900 613 1928 in
635 1900 714 1929 vitali
735 1901 854 1935 redditu,
877 1902 911 1930 ab
933 1901 1071 1940 Episcopo
1090 1911 1154 1930 cum
1170 1901 1305 1930 consensu
1319 1900 1435 1939 capituli
1449 1901 1571 1930 concessa
1586 1900 1691 1930 Davidi
1706 1900 1785 1939 Hep-

280 1950 368 1977 burne
391 1954 420 1977 et
440 1948 559 1976 Thomae
575 1948 740 1986 Hepburne,
762 1953 901 1977 terrarum
924 1951 957 1978 de
977 1950 1076 1978 Mekle
1096 1949 1287 1978 Innerlochtie
1306 1954 1335 1978 et
1356 1949 1550 1983 Auldrochtie,
1565 1949 1595 1976 in
1610 1948 1730 1977 baroniis
1750 1948 1783 1976 de

281 1997 383 2026 Birnet
397 2001 426 2025 et
441 1997 536 2035 Spyne
548 1996 711 2034 respective,
721 1996 774 2024 vic:
791 1997 824 2024 de
840 1997 925 2035 Elgin
940 2003 968 2026 et
983 1998 1093 2026 Forres.
1126 1998 1281 2026 Reddendo
1291 1997 1437 2026 annuatim
1449 2007 1500 2036 pro
1511 1997 1612 2025 Mekle
1621 1996 1785 2025 Innerloch-

282 2045 321 2074 tie
336 2045 419 2073 L.13.
433 2046 463 2073 6.
475 2046 520 2077 8.;
544 2045 556 2072 l
574 2049 693 2072 mertam
708 2044 753 2072 vel
767 2045 786 2072 4
801 2054 906 2073 marcas
919 2058 926 2078 ;
946 2046 965 2073 4
980 2051 1111 2074 mutones
1126 2046 1171 2075 vel
1185 2047 1204 2074 8
1219 2045 1320 2074 solidos
1336 2055 1388 2084 pro
1402 2055 1586 2083 quocunque;
1607 2046 1626 2073 8
1639 2054 1726 2082 agnos
1740 2044 1784 2072 vel

283 2094 301 2121 2
322 2092 422 2121 solidos
441 2101 491 2131 pro
512 2101 678 2130 quocunque
691 2102 699 2125 ;
721 2093 740 2119 8
753 2102 835 2120 aucas
849 2093 894 2121 vel
911 2094 946 2121 16
960 2093 1088 2122 denarios
1107 2104 1158 2132 pro
1174 2094 1314 2132 qualibet;
1335 2095 1354 2121 8
1367 2093 1509 2122 duodenas
1523 2102 1662 2131 caponum
1676 2092 1721 2121 vel
1735 2101 1785 2130 pro

281 2140 406 2178 quolibet
420 2150 524 2179 capone
543 2141 577 2167 12
592 2139 736 2173 denar-ion
757 2140 774 2166 9
789 2140 876 2168 bellas
893 2150 1045 2169 avenarum
1066 2151 1130 2169 cum
1152 2142 1254 2180 pabulo
1276 2141 1320 2170 vel
1338 2151 1389 2180 pro
1409 2141 1532 2179 qualibet
1553 2140 1626 2168 bolla
1646 2142 1664 2168 6
1686 2139 1785 2168 solidos

285 2190 304 2217 8
318 2187 445 2217 denarios
457 2199 464 2222 ;
488 2189 524 2216 12
538 2187 625 2216 bollas
639 2187 722 2216 aridae
736 2188 868 2217 multurae
884 2188 928 2217 vel
942 2198 992 2227 pro
1007 2199 1114 2228 quaque
1128 2190 1202 2219 bolla
1215 2191 1233 2218 6
1248 2189 1349 2219 solidos
1364 2190 1382 2218 8
1395 2189 1523 2219 denarios
1535 2200 1542 2222 ;
1564 2189 1598 2218 de
1616 2187 1716 2227 quibus
1734 2187 1786 2217 sol-
