1912 2660
571 174 889 212 REGISTRUM
916 174 1277 211 MORAVIENSE.
1592 178 1663 214 363

174 275 413 311 Rathmorcus
707 273 767 307 ·iii·
786 285 894 308 marc·
947 272 1216 321 Innerketheny
1405 276 1536 310 ·xxxvi·
1555 288 1661 311 marc·

174 332 372 380 Logykeny
696 330 767 365 ·xii·
786 342 894 365 marc·
946 329 1132 376 Abyrlour
1443 344 1537 366 ·xxx·
1555 345 1661 368 marc·

174 389 309 425 Alveth
327 400 408 424 cum
426 387 557 423 vicaria
643 387 765 435 ·xxiiij·
784 399 891 422 marc·
944 386 1088 421 Vicaria
1105 386 1259 434 ejusdem
1477 387 1537 422 ·iii·
1555 401 1661 424 marc·

226 447 228 449 '
939 442 1084 478 Vicaria
1101 444 1145 479 de
1164 443 1372 491 Botrochyn
1478 443 1538 478 dii·
1556 457 1662 480 marc·

171 503 317 538 Summa
335 502 389 537 ·cl·
409 501 469 537 lib·
522 502 673 538 Decime
691 501 775 537 inde
793 499 892 548 ·xiiij·
945 499 1080 547 Botary
1478 500 1538 535 ·xl·
1556 514 1662 537 marc·

170 559 229 594 lib·
247 559 319 595 xix·
338 559 399 595 sol·
419 559 490 594 viii·
512 560 545 595 d·
945 556 1027 605 Effy
1478 559 1537 592 ·vi·
1556 570 1662 593 marc·

942 613 1179 662 Abyrkerdor
1196 626 1278 650 cum
1295 613 1427 650 vicaria
1478 614 1537 649 ·xl·
1556 627 1663 650 marc·

941 670 1032 707 Glas
1438 670 1536 718 ,xiiij-
1555 684 1662 707 marc·

255 730 463 766 Decanatus
481 731 524 766 de
544 729 775 778 Strathbolgy
793 748 802 757 ·
945 727 1137 776 Artyldole
1156 742 1202 764 ·v·
1221 741 1329 764 marc·
1352 740 1433 764 cum
1461 727 1595 776 capella
1619 728 1663 763 de

990 785 1189 822 Bocharme

169 844 276 892 Ryny
295 857 376 879 cum
393 845 525 881 vicaria
653 844 763 880 ·xviii·
783 856 890 879 marc·

167 901 374 937 Dunbanan
665 914 761 937 ·xxx·
780 914 888 936 marc·
942 899 1087 936 Summa
1099 900 1228 936 ·c·lxvi·
1241 900 1300 936 lib·
1321 899 1474 936 Decima
1485 898 1569 934 inde
1581 898 1662 934 ·xvi·

168 958 309 994 Vicaria
328 959 481 1007 ejusdem
501 965 536 995 et
555 959 598 995 de
941 957 1001 993 lib·
1020 963 1057 993 et
1075 960 1147 994 ·xii·
1167 958 1227 994 sol·

217 1015 372 1063 Kynnor
691 1015 765 1064 diij·
783 1027 891 1051 marc·

488 1187 766 1224 Procuraciones
785 1187 902 1223 debite
920 1186 1081 1235 episcopo
1100 1185 1312 1223 moravienfi
1330 1205 1338 1214 ·

300 1300 506 1336 Decanatus
525 1301 568 1336 de
587 1301 727 1350 Elgyne
743 1320 750 1329 ·
950 1300 1224 1336 Procurationes
1250 1300 1442 1336 decanatus
1467 1299 1512 1335 de
1539 1300 1648 1336 Strat-

1230 1357 1338 1405 bolgy
1351 1376 1359 1385 ·

163 1414 316 1450 Ecclefia
334 1415 377 1450 de
396 1415 561 1464 Alderyn
782 1415 841 1450 ·xl·
860 1415 883 1450 s·

163 1471 250 1519 Dyk
269 1492 276 1500 ·
297 1474 384 1520 moy
403 1492 411 1500 ·
431 1478 467 1508 et
486 1473 591 1509 Altre
783 1472 843 1507 ·xl·
863 1472 886 1507 s·
938 1471 1092 1508 Ecclefia
1112 1472 1157 1508 de
1175 1471 1403 1520 Botroehyne
1421 1491 1429 1499 ·
1458 1471 1628 1519 Artyldol
1646 1490 1655 1499 ·

162 1528 316 1564 Ecclefia
334 1530 378 1565 de
397 1530 509 1565 Foras
784 1529 843 1565 ·xl·
862 1529 885 1565 s·
938 1535 973 1565 et
992 1529 1175 1565 Aberlour
1556 1528 1614 1564 ·xl·
1633 1528 1656 1563 s·

161 1586 315 1622 Ecclefia
333 1587 377 1622 de
398 1587 549 1623 Rathed’
784 1586 843 1622 ·xl·
862 1586 884 1622 s·
938 1585 1092 1623 Ecclefia
1110 1587 1154 1622 de
1172 1585 1262 1622 Glas
1554 1584 1613 1620 ·xl·
1633 1585 1655 1619 s·

160 1643 315 1679 Ecclefia
333 1644 377 1679 de
396 1644 645 1692 Dolasmychel
782 1644 841 1679 ·xl·
860 1643 884 1679 s·
937 1643 1046 1692 Ryny
1064 1648 1099 1679 et
1117 1643 1200 1691 Effy
1554 1641 1612 1677 ·xl·
1633 1642 1655 1676 s-

160 1700 314 1736 Ecclefia
333 1701 376 1736 de
396 1701 510 1737 Alues
782 1701 840 1736 ·xl·
860 1701 883 1736 s·
936 1701 1070 1749 Botary
1088 1706 1124 1736 et
1142 1699 1256 1747 Elchy
1553 1698 1612 1734 ·xl·
1631 1698 1654 1734 s·

159 1757 312 1793 Ecclefia
330 1758 373 1794 de
392 1758 525 1794 Duffus
781 1758 840 1794 ·xl·
859 1758 882 1793 s·
935 1757 1090 1794 Ecclefia
1107 1758 1150 1794 de
1170 1757 1312 1792 Rowen
1552 1755 1611 1791 ·xl·
1630 1756 1653 1791 s·

158 1815 298 1863 Elgyne
317 1835 325 1843 ·
347 1816 457 1864 Spyni
476 1835 484 1844 ·
504 1816 665 1865 Bryneth
781 1816 840 1851 ·x1·
859 1815 882 1851 s·
937 1815 1090 1864 Kynnor
1108 1820 1144 1851 et
1161 1813 1369 1850 Dunbanen
1551 1812 1611 1849 ·xl·
1629 1813 1652 1848 s·

158 1872 313 1909 Ecclefia
331 1873 375 1909 de
394 1873 561 1909 Urchard
779 1873 838 1908 ·xl·
858 1873 881 1908 s·
934 1872 1088 1909 Ecclefia
1106 1873 1149 1908 de
1168 1871 1404 1919 Aberkyrdor
1550 1870 1609 1906 ·xl·
1628 1870 1651 1906 s·

158 1928 312 1965 Ecclefia
329 1930 373 1966 de
393 1930 532 1966 Rothes
780 1930 838 1966 ·xl-
857 1930 881 1965 s·
934 1929 1088 1966 Ecclefia
1105 1930 1149 1966 (16
1169 1928 1437 1978 Innerketheny
1549 1929 1609 1966 ·xl·
1628 1928 1651 1964 s·

157 1986 311 2023 Ecclefia
329 1987 373 2023 de
394 1987 594 2036 Kynnedor
777 1987 835 2022 ·xl·
855 1987 878 2022 s·
932 1986 1087 2024 Ecclefia
1104 1988 1148 2024 de
1167 1986 1373 2034 Rothymay
1549 1987 1607 2023 ·xl·
1626 1987 1649 2022 s·

158 2043 385 2080 Dundurkus
778 2044 837 2080 -xl·
856 2044 879 2079 s·

931 2102 1078 2138 Summa
1095 2115 1165 2139 ·xv·
1185 2104 1245 2140 lib·

384 2158 430 2169 ou·-

159 2214 202 2251 de
220 2215 385 2253 Urchard
403 2221 438 2253 et
456 2217 500 2252 de
520 2216 710 2265 Pluscardy
723 2236 733 2244 -
