1912 2660
212 931 279 968 261

313 145 385 178 338
714 138 1032 176 REGISTRUM
1059 138 1425 178 MORAVIENSE.

312 242 358 277 ici
376 239 602 277 ecclesiastico
620 240 814 276 inter-dieto
833 258 841 267 ·
861 239 918 275 seu
938 239 1060 287 quavis
1078 238 1148 274 alia
1165 239 1261 275 (11610
1280 239 1368 274 sedis
1387 239 1612 287 indulgentia
1629 253 1693 288 per
1711 254 1817 289 quam

313 299 492 335 commisse
517 298 617 334 vobis
638 297 898 346 Ι11111111101101115
924 296 1089 333 executio
1115 296 1280 344 impediri
1303 296 1421 332 valeat
1447 297 1505 332 vel
1534 297 1664 333 deferri
1682 317 1691 327 ·
1720 304 1755 335 et
1774 300 1818 336 de

313 369 383 404 qua
406 356 548 404 plenam
575 361 611 392 et
638 355 830 403 express'am
857 354 895 389 in
921 353 1032 389 literis
1058 353 1184 388 nostris
1207 353 1285 388 fieri
1308 354 1530 390 mentionem
1549 360 1712 403 oporteat
1731 375 1739 384 ·
1758 356 1818 393 seu

313 413 565 450 constitutione
592 414 637 449 de
664 413 800 448 duabus
827 411 930 447 dietis
948 411 1044 446 edita
1067 411 1105 445 in
1129 410 1282 445 concilio
1299 411 1482 458 generali·
1501 410 1569 448 five
1587 413 1684 460 quod
1704 413 1818 450 Scotis

313 471 466 507 dicimur
484 470 681 508 concellifi'e
704 462 746 505 ut
769 474 870 505 extra
887 481 1038 516 regnum
1056 467 1173 503 Scotie
1192 474 1372 515 nequeant
1392 482 1456 517 per
1473 469 1594 505 literas
1612 470 1818 518 apostolicas

312 529 358 565 ad
370 529 548 578 judicium
567 528 707 565 evocari
726 547 735 555 ·
764 528 811 563 Et
832 525 857 562 11
880 539 955 561 11011
974 538 1098 560 omnes
1116 525 1183 560 hiis
1201 525 1432 573 exsequendis
1449 528 1637 575 potueritis
1654 528 1817 565 interefl'e

314 587 386 623 duo
414 586 568 623 vestrum
595 585 847 622 nichilominus
876 596 917 619 ea
947 582 1209 629 exsequantur·
1240 582 1378 619 Datum
1396 584 1476 622 Jan'
1500 585 1614 634 pridie
1634 585 1817 623 Kalendas

313 644 413 682 Junii
433 665 441 673 ·
461 645 689 694 pontificatus
707 642 816 678 nostri
834 654 930 677 anno
950 641 1081 676 o&avo
1098 659 1106 668 ·
1135 640 1218 677 Deo
1236 641 1368 689 gratias
1386 661 1395 670 ·

314 818 437 854 Litera
454 831 520 867 pro
539 816 811 853 confirmatione
830 813 995 862 Episcopi
1014 813 1138 850 Sancti
1157 813 1307 850 Andree
1326 834 1335 842 ·

313 931 535 970 Sanctissimo
552 931 644 980 patri
662 930 700 965 in
715 929 854 965 Christo
879 934 915 965 et
939 930 1086 965 domino
1105 929 1307 966 reverendo
1326 929 1447 965 divina
1460 930 1691 978 providencia
1704 932 1815 969 sacro-

310 991 429 1026 sancte
450 991 613 1026 Romane
638 986 781 1024 ecclefie
807 1000 848 1023 ac
873 987 1081 1024 universalis
1107 986 1249 1023 00010110
1275 987 1412 1023 summo
1435 988 1597 1036 pontifici
1619 989 1670 1025 sui
1694 990 1814 1026 devoti

310 1049 414 1084 Prior
432 1054 468 1083 et
485 1046 680 1093 capitulum
701 1045 824 1081 Sancti
842 1045 993 1081 Andree
1012 1045 1050 1081 in
1069 1045 1193 1081 Scocia
1209 1046 1343 1093 pedum
1362 1045 1480 1081 oscula
1502 1045 1691 1083 beatorum
1711 1067 1719 1075 ·
1748 1048 1814 1084 Ec-

308 1105 410 1142 clefia
426 1105 543 1140 nostra
560 1117 623 1152 per
638 1103 776 1139 obitum
793 1102 888 1139 bone
906 1103 1079 1139 memorie
1097 1102 1235 1138 domini
1254 1102 1315 1139 ·G·
1335 1104 1516 1150 quondam
1535 1104 1687 1153 episcopi
1706 1105 1812 1142 nostri

308 1163 468 1211 pastorali
494 1162 622 1198 solacio
647 1161 812 1197 destituta
830 1180 839 1189 ·
865 1166 901 1197 et
925 1174 1076 1209 corpore
1107 1160 1210 1209 ipfius
1238 1161 1428 1197 eccliastice
1453 1162 1586 1197 tradito
1610 1162 1788 1211 sepulture
1803 1183 1811 1192 ·

307 1233 372 1257 nos
400 1221 504 1256 Prior
527 1225 563 1256 et
586 1219 783 1268 capitulum
805 1219 970 1255 volentes
994 1219 1185 1267 providere
1210 1219 1254 1255 de
1278 1219 1414 1268 pastore
1441 1218 1502 1268 ipsi
1529 1219 1669 1256 00010110
1696 1221 1812 1258 nostre

306 1279 450 1315 viduate
465 1297 473 1306 ·
499 1278 611 1326 petito
624 1277 730 1326 juxta
746 1277 851 1325 regni
870 1276 1166 1313 consuetudinem
1184 1277 1287 1324 super
1304 1277 1373 1313 hoc
1392 1277 1530 1313 domini
1550 1278 1661 1326 Regis
1680 1279 1812 1315 afl'ensu

306 1343 342 1373 et
368 1342 517 1385 optento
537 1355 545 1364 ·
571 1336 666 1371 diem
691 1335 876 1371 statuimus
902 1335 1033 1371 scilicet
1057 1335 1152 1371 diem
1176 1335 1350 1372 mercurii
1372 1335 1410 1371 in
1436 1335 1585 1371 crastino
1607 1336 1810 1373 101161οω111

305 1395 490 1432 martirum
516 1393 719 1431 marcellini
747 1398 783 1429 et
806 1393 905 1429 Petri
931 1406 1026 1429 anno
1053 1392 1097 1429 ab
1123 1393 1375 1429 incarnacione
1399 1393 1552 1429 Domini
1580 1394 1810 1431 -m⁰·cc⁰·lxx⁰·

306 1453 421 1501 primo
442 1472 449 1481 ·
469 1453 506 1488 in
525 1451 669 1489 ecclefia
691 1451 810 1487 nostra
827 1451 1023 1487 cathedrali
1041 1451 1087 1487 ad
1105 1451 1311 1499 eligendum
1338 1451 1399 1487 seu
1423 1451 1688 1500 providendum
1715 1452 1810 1489 (11610

306 1509 447 1547 00010110
468 1510 586 1546 nostre
605 1510 750 1546 viduate
769 1510 814 1545 de
834 1509 970 1558 pastore
989 1529 998 1538 ·
1025 1510 1071 1545 ad
1088 1523 1195 1557 quem
1215 1509 1310 1545 diem
1328 1509 1464 1546 vocatis
1483 1509 1649 1546 omnibus
1673 1515 1709 1546 et
1733 1522 1810 1559 pre-

306 1568 461 1604 sentibus
487 1568 547 1615 qui
577 1568 621 1604 de
647 1568 731 1617 jure
764 1567 942 1604 debebant
967 1567 1137 1604 volebant
1163 1572 1199 1604 et
1224 1572 1393 1616 poterant
1423 1567 1586 1604 interefl'e
1609 1587 1618 1596 ·
1645 1568 1811 1604 invocata

306 1626 447 1674 spiritus
464 1626 575 1661 sancti
598 1626 713 1673 gratia
731 1645 740 1654 ·
765 1625 900 1674 placuit
923 1626 1089 1661 omnibus
1113 1625 1216 1661 nobis
1239 1639 1304 1674 per
1324 1626 1475 1661 formam
1495 1624 1730 1674 compromissi
1748 1625 1809 1674 ipfi

307 1683 448 1720 ecclesie
467 1684 510 1719 de
528 1684 664 1732 pastore
682 1684 873 1733 providere
887 1703 896 1713 ·
912 1690 948 1720 et
964 1683 1009 1721 110
1028 1697 1093 1720 nos
1112 1697 1236 1720 omnes
1250 1689 1286 1720 et
1303 1683 1430 1732 singuli
1446 1684 1663 1720 unanimiter
1677 1689 1713 1720 et
1726 1696 1810 1720 con-

307 1742 462 1777 corditer
489 1742 526 1776 in
552 1741 611 1777 sex
635 1742 827 1778 canonicos
848 1742 986 1778 nostros
1005 1742 1136 1779 scilicet
1154 1742 1214 1779 ·N·
1235 1747 1271 1778 et
1292 1742 1479 1791 septimum
1498 1741 1808 1779 Archidiaeonum

306 1799 494 1835 Laudanie
510 1799 814 1847 compromisimus
834 1820 842 1828 ·
869 1801 997 1848 quibus
1020 1800 1152 1849 septem
1178 1800 1340 1836 dedimus
1357 1800 1505 1836 liberam
1522 1799 1730 1848 potestatem
1748 1800 1808 1836 eli-

305 1857 414 1904 gendi
432 1857 586 1904 aliquam
605 1857 789 1905 personam
808 1858 985 1906 ydoneam
1008 1857 1112 1907 ipfius
1130 1857 1271 1895 00010110
1288 1857 1406 1894 nostre
1425 1858 1626 1907 episcopum
1645 1862 1681 1893 et
1697 1857 1808 1906 pasto-

306 1928 381 1950 rem
402 1934 411 1942 ·
436 1914 682 1963 promittendo
704 1927 769 1951 nos
795 1917 952 1965 recipere
971 1917 1073 1952 illum
1091 1917 1128 1952 in
1147 1916 1349 1965 episcopum
1368 1929 1474 1964 quem
1492 1915 1731 1965 preducerent
1748 1915 1807 1951 eli-

304 1972 463 2020 gendum
483 1991 491 2000 ·
521 1972 595 2014 Qui
623 1972 824 2010 secedentes
842 1975 879 2009 in
896 1980 1034 2023 partem
1054 1994 1063 2003 ·
1082 1974 1309 2011 consideratis
1333 1974 1525 2022 diligenter
1549 1973 1640 2009 statu
1665 1972 1806 2010 00010110

305 2029 422 2066 nostre
447 2035 483 2066 et
507 2030 672 2066 omnibus
698 2031 775 2066 aliis
802 2045 870 2079 que
894 2038 996 2068 erant
1020 2033 1113 2069 circa
1137 2032 1339 2081 hujusmodi
1355 2032 1542 2080 negotium
1560 2031 1778 2068 attendenda
1795 2051 1803 2059 ·

306 2089 429 2124 Deum
448 2088 611 2124 habendo
630 2102 693 2137 pre
713 2089 824 2125 oculis
843 2109 852 2117 ·
875 2103 999 2126 omnes
1022 2091 1242 2127 unanimiter
1265 2090 1518 2127 consenserunt
1540 2090 1579 2125 in
1604 2089 1804 2138 mag-istrum

307 2145 376 2181 ·W·
391 2146 682 2182 archidiaconum
698 2146 839 2182 ecclefie
856 2148 973 2184 nostre
988 2168 996 2176 ·
1017 2149 1154 2185 domini
1167 2149 1263 2198 Pape
1277 2148 1500 2198 capellanum
1513 2167 1522 2176 ·
1534 2148 1652 2184 virum
1666 2148 1704 2182 in
1718 2152 1804 2183 tem-

307 2204 487 2252 poralibus
504 2204 695 2252 providum
715 2210 751 2240 et
769 2204 1006 2252 spiritualibus
1027 2207 1323 2256 circumspectum
1342 2226 1351 2235 ·
1374 2206 1554 2242 valentem
1578 2211 1613 2241 et
1638 2206 1803 2241 scientem

307 2261 448 2298 ecclesie
466 2261 583 2298 nostre
602 2262 686 2310 jura
703 2262 797 2298 tucri
818 2282 825 2290 ·
850 2262 1054 2310 eligendum
1075 2265 1112 2300 in
1131 2265 1285 2313 ejusdem
1303 2263 1444 2301 ecclesie
1463 2264 1664 2313 episcopum
1682 2268 1717 2299 et
1734 2261 1804 2311 pas-
