<?xml version="1.0" encoding="UTF-8"?>
<!DOCTYPE html PUBLIC "-//W3C//DTD XHTML 1.0 Transitional//EN"
    "http://www.w3.org/TR/xhtml1/DTD/xhtml1-transitional.dtd">
<html xmlns="http://www.w3.org/1999/xhtml" xml:lang="en" lang="en">
 <head>
  <title>
</title>
<meta http-equiv="Content-Type" content="text/html;charset=utf-8" />
  <meta name='ocr-system' content='tesseract 3.04.00' />
  <meta name='ocr-capabilities' content='ocr_page ocr_carea ocr_par ocr_line ocrx_word'/>
</head>
<body>
  <div class='ocr_page' id='page_1' title='image "./registrumepisc5800morauoft_0220.png"; bbox 0 0 2060 2660; ppageno 0'>
   <div class='ocr_carea' id='block_1_1' title="bbox 348 163 1455 201">
    <p class='ocr_par' dir='ltr' id='par_1_1' title="bbox 348 163 1455 201">
     <span class='ocr_line' id='line_1_1' title="bbox 348 163 1455 201; baseline 0.002 -4"><span class='ocrx_word' id='word_1_1' title='bbox 348 167 417 198; x_wconf 69' lang='lat'>112</span> <span class='ocrx_word' id='word_1_2' title='bbox 747 164 1015 201; x_wconf 87' lang='lat' dir='ltr'>REGISTRU</span> <span class='ocrx_word' id='word_1_3' title='bbox 1022 164 1062 200; x_wconf 87' lang='lat' dir='ltr'>M</span> <span class='ocrx_word' id='word_1_4' title='bbox 1093 163 1455 200; x_wconf 84' lang='lat' dir='ltr'><strong>MORAVIENSE.</strong></span> 
     </span>
    </p>
   </div>
   <div class='ocr_carea' id='block_1_2' title="bbox 339 261 1845 540">
    <p class='ocr_par' dir='ltr' id='par_1_2' title="bbox 339 261 1845 540">
     <span class='ocr_line' id='line_1_2' title="bbox 343 261 1845 312; baseline 0 -14"><span class='ocrx_word' id='word_1_5' title='bbox 343 263 544 311; x_wconf 83' lang='lat' dir='ltr'>asyamenta</span> <span class='ocrx_word' id='word_1_6' title='bbox 561 264 598 300; x_wconf 90' lang='lat' dir='ltr'>in</span> <span class='ocrx_word' id='word_1_7' title='bbox 615 264 719 300; x_wconf 89' lang='lat' dir='ltr'>bosco</span> <span class='ocrx_word' id='word_1_8' title='bbox 738 263 857 300; x_wconf 88' lang='lat' dir='ltr'>nostro</span> <span class='ocrx_word' id='word_1_9' title='bbox 872 270 907 300; x_wconf 92' lang='lat' dir='ltr'>et</span> <span class='ocrx_word' id='word_1_10' title='bbox 922 264 958 299; x_wconf 90' lang='lat' dir='ltr'>in</span> <span class='ocrx_word' id='word_1_11' title='bbox 972 264 1107 312; x_wconf 86' lang='lat' dir='ltr'>peturis</span> <span class='ocrx_word' id='word_1_12' title='bbox 1120 262 1246 298; x_wconf 86' lang='lat' dir='ltr'>nostris</span> <span class='ocrx_word' id='word_1_13' title='bbox 1260 262 1355 310; x_wconf 85' lang='lat' dir='ltr'>apud</span> <span class='ocrx_word' id='word_1_14' title='bbox 1371 262 1489 309; x_wconf 85' lang='lat' dir='ltr'>Elgyn</span> <span class='ocrx_word' id='word_1_15' title='bbox 1503 261 1548 296; x_wconf 88' lang='lat' dir='ltr'>ad</span> <span class='ocrx_word' id='word_1_16' title='bbox 1563 261 1644 296; x_wconf 84' lang='lat' dir='ltr'>usus</span> <span class='ocrx_word' id='word_1_17' title='bbox 1658 262 1822 310; x_wconf 88' lang='lat' dir='ltr'>proprios</span> <span class='ocrx_word' id='word_1_18' title='bbox 1838 282 1845 289; x_wconf 93' lang='lat'><strong>·</strong></span> 
     </span>
     <span class='ocr_line' id='line_1_3' title="bbox 341 318 1843 369; baseline 0 -13"><span class='ocrx_word' id='word_1_19' title='bbox 341 334 450 368; x_wconf 89' lang='lat' dir='ltr'>quare</span> <span class='ocrx_word' id='word_1_20' title='bbox 468 322 635 358; x_wconf 86' lang='lat' dir='ltr'>volumus</span> <span class='ocrx_word' id='word_1_21' title='bbox 653 328 688 358; x_wconf 89' lang='lat' dir='ltr'>et</span> <span class='ocrx_word' id='word_1_22' title='bbox 707 322 935 358; x_wconf 86' lang='lat' dir='ltr'>concedimus</span> <span class='ocrx_word' id='word_1_23' title='bbox 953 327 993 357; x_wconf 91' lang='lat' dir='ltr'>ut</span> <span class='ocrx_word' id='word_1_24' title='bbox 1011 321 1163 369; x_wconf 65' lang='lat' dir='ltr'>predicti</span> <span class='ocrx_word' id='word_1_25' title='bbox 1182 319 1344 355; x_wconf 86' lang='lat' dir='ltr'>canonici</span> <span class='ocrx_word' id='word_1_26' title='bbox 1359 324 1394 354; x_wconf 89' lang='lat' dir='ltr'>et</span> <span class='ocrx_word' id='word_1_27' title='bbox 1411 319 1617 354; x_wconf 83' lang='lat' dir='ltr'>sueceffores</span> <span class='ocrx_word' id='word_1_28' title='bbox 1631 318 1681 354; x_wconf 89' lang='lat' dir='ltr'>sui</span> <span class='ocrx_word' id='word_1_29' title='bbox 1696 325 1843 356; x_wconf 80' lang='lat' dir='ltr'>teneant</span> 
     </span>
     <span class='ocr_line' id='line_1_4' title="bbox 341 376 1841 429; baseline 0 -15"><span class='ocrx_word' id='word_1_30' title='bbox 341 384 376 414; x_wconf 90' lang='lat' dir='ltr'>et</span> <span class='ocrx_word' id='word_1_31' title='bbox 393 377 589 427; x_wconf 87' lang='lat' dir='ltr'>posfideant</span> <span class='ocrx_word' id='word_1_32' title='bbox 606 380 769 429; x_wconf 68' lang='lat' dir='ltr'>predicta</span> <span class='ocrx_word' id='word_1_33' title='bbox 786 380 876 415; x_wconf 88' lang='lat' dir='ltr'>tosta</span> <span class='ocrx_word' id='word_1_34' title='bbox 896 385 931 414; x_wconf 91' lang='lat' dir='ltr'>et</span> <span class='ocrx_word' id='word_1_35' title='bbox 948 379 1062 414; x_wconf 85' lang='lat' dir='ltr'>crofta</span> <span class='ocrx_word' id='word_1_36' title='bbox 1080 391 1161 413; x_wconf 92' lang='lat' dir='ltr'>cum</span> <span class='ocrx_word' id='word_1_37' title='bbox 1179 376 1349 425; x_wconf 68' lang='lat' dir='ltr'>predictis</span> <span class='ocrx_word' id='word_1_38' title='bbox 1367 376 1576 423; x_wconf 84' lang='lat' dir='ltr'>asyamentis</span> <span class='ocrx_word' id='word_1_39' title='bbox 1594 376 1684 412; x_wconf 89' lang='lat' dir='ltr'>adeo</span> <span class='ocrx_word' id='word_1_40' title='bbox 1702 377 1812 414; x_wconf 89' lang='lat' dir='ltr'>libere</span> <span class='ocrx_word' id='word_1_41' title='bbox 1834 399 1841 406; x_wconf 93' lang='lat'><strong>·</strong></span> 
     </span>
     <span class='ocr_line' id='line_1_5' title="bbox 339 432 1845 486; baseline 0 -14"><span class='ocrx_word' id='word_1_42' title='bbox 339 437 457 484; x_wconf 89' lang='lat' dir='ltr'>quiete</span> <span class='ocrx_word' id='word_1_43' title='bbox 477 457 485 465; x_wconf 95' lang='lat'><strong>·</strong></span> <span class='ocrx_word' id='word_1_44' title='bbox 505 438 663 486; x_wconf 83' lang='lat' dir='ltr'>plenarie</span> <span class='ocrx_word' id='word_1_45' title='bbox 681 443 717 473; x_wconf 89' lang='lat' dir='ltr'>et</span> <span class='ocrx_word' id='word_1_46' title='bbox 735 437 930 473; x_wconf 89' lang='lat' dir='ltr'>honorifice</span> <span class='ocrx_word' id='word_1_47' title='bbox 949 435 1035 471; x_wconf 91' lang='lat' dir='ltr'>ficut</span> <span class='ocrx_word' id='word_1_48' title='bbox 1052 435 1170 481; x_wconf 85' lang='lat' dir='ltr'>aliqua</span> <span class='ocrx_word' id='word_1_49' title='bbox 1188 432 1376 469; x_wconf 83' lang='lat' dir='ltr'>elemofina</span> <span class='ocrx_word' id='word_1_50' title='bbox 1394 433 1539 469; x_wconf 90' lang='lat' dir='ltr'>liberius</span> <span class='ocrx_word' id='word_1_51' title='bbox 1553 453 1561 462; x_wconf 93' lang='lat'><strong>·</strong></span> <span class='ocrx_word' id='word_1_52' title='bbox 1577 434 1730 481; x_wconf 83' lang='lat' dir='ltr'>quietius</span> <span class='ocrx_word' id='word_1_53' title='bbox 1744 455 1752 464; x_wconf 92' lang='lat'><strong>·</strong></span> <span class='ocrx_word' id='word_1_54' title='bbox 1773 437 1845 484; x_wconf 90' lang='lat' dir='ltr'>ple-</span> 
     </span>
     <span class='ocr_line' id='line_1_6' title="bbox 339 491 1844 540; baseline 0.001 -11"><span class='ocrx_word' id='word_1_55' title='bbox 339 494 419 529; x_wconf 86' lang='lat' dir='ltr'>nius</span> <span class='ocrx_word' id='word_1_56' title='bbox 437 501 472 530; x_wconf 89' lang='lat' dir='ltr'>et</span> <span class='ocrx_word' id='word_1_57' title='bbox 491 495 785 531; x_wconf 88' lang='lat' dir='ltr'>honorificentius</span> <span class='ocrx_word' id='word_1_58' title='bbox 803 499 946 529; x_wconf 88' lang='lat' dir='ltr'>tenetur</span> <span class='ocrx_word' id='word_1_59' title='bbox 965 498 1000 528; x_wconf 92' lang='lat' dir='ltr'>et</span> <span class='ocrx_word' id='word_1_60' title='bbox 1019 491 1213 540; x_wconf 84' lang='lat' dir='ltr'>possidetur</span> <span class='ocrx_word' id='word_1_61' title='bbox 1232 511 1239 518; x_wconf 94' lang='lat'>·</span> <span class='ocrx_word' id='word_1_62' title='bbox 1269 491 1432 526; x_wconf 78' lang='lat' dir='ltr'>&#39;festibus</span> <span class='ocrx_word' id='word_1_63' title='bbox 1451 491 1598 527; x_wconf 91' lang='lat' dir='ltr'>domiuo</span> <span class='ocrx_word' id='word_1_64' title='bbox 1620 492 1779 529; x_wconf 87' lang='lat' dir='ltr'>Waltero</span> <span class='ocrx_word' id='word_1_65' title='bbox 1800 495 1844 530; x_wconf 73' lang='lat' dir='ltr'>do</span> 
     </span>
    </p>
   </div>
   <div class='ocr_carea' id='block_1_3' title="bbox 337 548 1841 659">
    <p class='ocr_par' dir='ltr' id='par_1_3' title="bbox 337 548 1841 659">
     <span class='ocr_line' id='line_1_7' title="bbox 338 548 1841 597; baseline -0.001 -10"><span class='ocrx_word' id='word_1_66' title='bbox 338 553 501 588; x_wconf 76' lang='lat' dir='ltr'>moravia</span> <span class='ocrx_word' id='word_1_67' title='bbox 519 573 527 581; x_wconf 94' lang='lat'>·</span> <span class='ocrx_word' id='word_1_68' title='bbox 548 552 758 588; x_wconf 87' lang='lat' dir='ltr'>Alexandro</span> <span class='ocrx_word' id='word_1_69' title='bbox 777 551 985 587; x_wconf 82' lang='lat' dir='ltr'>vicecomite</span> <span class='ocrx_word' id='word_1_70' title='bbox 1005 550 1048 585; x_wconf 89' lang='lat' dir='ltr'>de</span> <span class='ocrx_word' id='word_1_71' title='bbox 1069 549 1187 596; x_wconf 83' lang='lat' dir='ltr'>Elgyn</span> <span class='ocrx_word' id='word_1_72' title='bbox 1207 568 1215 576; x_wconf 94' lang='lat'><strong>·</strong></span> <span class='ocrx_word' id='word_1_73' title='bbox 1242 548 1404 584; x_wconf 87' lang='lat' dir='ltr'>Henrico</span> <span class='ocrx_word' id='word_1_74' title='bbox 1423 549 1611 597; x_wconf 84' lang='lat' dir='ltr'>templario</span> <span class='ocrx_word' id='word_1_75' title='bbox 1631 569 1639 578; x_wconf 87' lang='lat'><strong>·</strong></span> <span class='ocrx_word' id='word_1_76' title='bbox 1664 550 1749 586; x_wconf 84' lang='lat' dir='ltr'>Ada</span> <span class='ocrx_word' id='word_1_77' title='bbox 1766 552 1841 587; x_wconf 76' lang='lat' dir='ltr'>filio</span> 
     </span>
     <span class='ocr_line' id='line_1_8' title="bbox 337 606 1237 659; baseline -0.007 -13"><span class='ocrx_word' id='word_1_78' title='bbox 337 609 412 658; x_wconf 88' lang='lat' dir='ltr'>ejus</span> <span class='ocrx_word' id='word_1_79' title='bbox 431 629 439 638; x_wconf 90' lang='lat'><strong>·</strong></span> <span class='ocrx_word' id='word_1_80' title='bbox 469 610 624 659; x_wconf 90' lang='lat' dir='ltr'>Symone</span> <span class='ocrx_word' id='word_1_81' title='bbox 643 610 687 645; x_wconf 90' lang='lat' dir='ltr'>de</span> <span class='ocrx_word' id='word_1_82' title='bbox 708 608 894 656; x_wconf 85' lang='lat' dir='ltr'>Hogeston</span> <span class='ocrx_word' id='word_1_83' title='bbox 916 627 923 635; x_wconf 92' lang='lat'><strong>·</strong></span> <span class='ocrx_word' id='word_1_84' title='bbox 943 613 979 643; x_wconf 90' lang='lat' dir='ltr'>et</span> <span class='ocrx_word' id='word_1_85' title='bbox 997 606 1119 642; x_wconf 88' lang='lat' dir='ltr'>multis</span> <span class='ocrx_word' id='word_1_86' title='bbox 1137 606 1215 641; x_wconf 87' lang='lat' dir='ltr'>aliis</span> <span class='ocrx_word' id='word_1_87' title='bbox 1230 625 1237 633; x_wconf 91' lang='lat'><strong>·</strong></span> 
     </span>
    </p>
   </div>
   <div class='ocr_carea' id='block_1_4' title="bbox 335 776 1837 830">
    <p class='ocr_par' dir='ltr' id='par_1_4' title="bbox 335 776 1837 830">
     <span class='ocr_line' id='line_1_9' title="bbox 335 776 1837 830; baseline 0 -13"><span class='ocrx_word' id='word_1_88' title='bbox 335 782 458 818; x_wconf 88' lang='lat' dir='ltr'>Litera.</span> <span class='ocrx_word' id='word_1_89' title='bbox 473 781 622 818; x_wconf 91' lang='lat' dir='ltr'>Andree</span> <span class='ocrx_word' id='word_1_90' title='bbox 637 781 787 830; x_wconf 88' lang='lat' dir='ltr'>episcopi</span> <span class='ocrx_word' id='word_1_91' title='bbox 802 778 1032 817; x_wconf 69' lang='lat' dir='ltr'>moraviensis</span> <span class='ocrx_word' id='word_1_92' title='bbox 1050 779 1154 827; x_wconf 86' lang='lat' dir='ltr'>super</span> <span class='ocrx_word' id='word_1_93' title='bbox 1172 776 1404 827; x_wconf 85' lang='lat' dir='ltr'>affignatione</span> <span class='ocrx_word' id='word_1_94' title='bbox 1423 779 1621 816; x_wconf 89' lang='lat' dir='ltr'>croftorum</span> <span class='ocrx_word' id='word_1_95' title='bbox 1637 782 1816 818; x_wconf 85' lang='lat' dir='ltr'>canonicis</span> <span class='ocrx_word' id='word_1_96' title='bbox 1830 803 1837 810; x_wconf 88' lang='lat'><strong>·</strong></span> 
     </span>
    </p>
   </div>
   <div class='ocr_carea' id='block_1_5' title="bbox 258 893 1837 943">
    <p class='ocr_par' dir='ltr' id='par_1_5' title="bbox 258 893 1837 943">
     <span class='ocr_line' id='line_1_10' title="bbox 258 893 1837 943; baseline 0 -10"><span class='ocrx_word' id='word_1_97' title='bbox 258 895 306 933; x_wconf 80' lang='grc'>97</span> <span class='ocrx_word' id='word_1_98' title='bbox 332 894 511 934; x_wconf 86' lang='lat' dir='ltr'>Omnibus</span> <span class='ocrx_word' id='word_1_99' title='bbox 529 898 590 932; x_wconf 89' lang='lat' dir='ltr'>has</span> <span class='ocrx_word' id='word_1_100' title='bbox 608 897 727 932; x_wconf 84' lang='lat' dir='ltr'>literas</span> <span class='ocrx_word' id='word_1_101' title='bbox 740 895 864 931; x_wconf 88' lang='lat' dir='ltr'>visuris</span> <span class='ocrx_word' id='word_1_102' title='bbox 879 894 938 930; x_wconf 88' lang='lat' dir='ltr'>vel</span> <span class='ocrx_word' id='word_1_103' title='bbox 956 894 1132 930; x_wconf 85' lang='lat' dir='ltr'>audituris</span> <span class='ocrx_word' id='word_1_104' title='bbox 1152 894 1319 930; x_wconf 86' lang='lat' dir='ltr'>Andreas</span> <span class='ocrx_word' id='word_1_105' title='bbox 1337 893 1563 943; x_wconf 88' lang='lat' dir='ltr'>permissione</span> <span class='ocrx_word' id='word_1_106' title='bbox 1583 897 1704 932; x_wconf 88' lang='lat' dir='ltr'>divina</span> <span class='ocrx_word' id='word_1_107' title='bbox 1719 900 1837 934; x_wconf 76' lang='lat' dir='ltr'>(Dora-</span> 
     </span>
    </p>
   </div>
   <div class='ocr_carea' id='block_1_6' title="bbox 245 1998 292 2034">
    <p class='ocr_par' dir='ltr' id='par_1_6' title="bbox 245 1998 292 2034">
     <span class='ocr_line' id='line_1_11' title="bbox 245 1998 292 2034; baseline -0.085 0"><span class='ocrx_word' id='word_1_108' title='bbox 245 1998 292 2034; x_wconf 88' lang='grc'>98</span> 
     </span>
    </p>
   </div>
   <div class='ocr_carea' id='block_1_7' title="bbox 322 952 1835 1756">
    <p class='ocr_par' dir='ltr' id='par_1_7' title="bbox 322 952 1835 1756">
     <span class='ocr_line' id='line_1_12' title="bbox 331 952 1835 1003; baseline 0 -12"><span class='ocrx_word' id='word_1_109' title='bbox 331 955 455 991; x_wconf 90' lang='lat' dir='ltr'>vienfis</span> <span class='ocrx_word' id='word_1_110' title='bbox 473 955 653 1003; x_wconf 88' lang='lat' dir='ltr'>episcopus</span> <span class='ocrx_word' id='word_1_111' title='bbox 672 959 831 989; x_wconf 90' lang='lat' dir='ltr'>eternam</span> <span class='ocrx_word' id='word_1_112' title='bbox 850 953 887 987; x_wconf 93' lang='lat' dir='ltr'>in</span> <span class='ocrx_word' id='word_1_113' title='bbox 903 952 1065 988; x_wconf 84' lang='lat' dir='ltr'>Domino</span> <span class='ocrx_word' id='word_1_114' title='bbox 1084 952 1231 988; x_wconf 84' lang='lat' dir='ltr'>salutem</span> <span class='ocrx_word' id='word_1_115' title='bbox 1247 972 1255 981; x_wconf 92' lang='lat'><strong>·</strong></span> <span class='ocrx_word' id='word_1_116' title='bbox 1276 953 1462 989; x_wconf 91' lang='lat' dir='ltr'>Noveritis</span> <span class='ocrx_word' id='word_1_117' title='bbox 1481 953 1634 990; x_wconf 92' lang='lat' dir='ltr'>univerfi</span> <span class='ocrx_word' id='word_1_118' title='bbox 1651 968 1716 990; x_wconf 92' lang='lat' dir='ltr'>nos</span> <span class='ocrx_word' id='word_1_119' title='bbox 1730 957 1835 991; x_wconf 74' lang='lat' dir='ltr'>variis</span> 
     </span>
     <span class='ocr_line' id='line_1_13' title="bbox 330 1009 1835 1061; baseline 0 -12"><span class='ocrx_word' id='word_1_120' title='bbox 330 1018 365 1048; x_wconf 87' lang='lat' dir='ltr'>et</span> <span class='ocrx_word' id='word_1_121' title='bbox 382 1013 592 1061; x_wconf 85' lang='lat' dir='ltr'>urgentibus</span> <span class='ocrx_word' id='word_1_122' title='bbox 610 1012 762 1060; x_wconf 82' lang='lat' dir='ltr'>negotiis</span> <span class='ocrx_word' id='word_1_123' title='bbox 777 1016 968 1059; x_wconf 88' lang='lat' dir='ltr'>occupatos</span> <span class='ocrx_word' id='word_1_124' title='bbox 986 1010 1150 1046; x_wconf 76' lang='lat' dir='ltr'>interess&#39;e</span> <span class='ocrx_word' id='word_1_125' title='bbox 1168 1024 1243 1046; x_wconf 93' lang='lat' dir='ltr'>non</span> <span class='ocrx_word' id='word_1_126' title='bbox 1261 1011 1356 1059; x_wconf 81' lang='lat' dir='ltr'>pofl&#39;e</span> <span class='ocrx_word' id='word_1_127' title='bbox 1375 1009 1597 1059; x_wconf 84' lang='lat' dir='ltr'>aflignationi</span> <span class='ocrx_word' id='word_1_128' title='bbox 1612 1013 1785 1048; x_wconf 89' lang='lat' dir='ltr'>toftorum</span> <span class='ocrx_word' id='word_1_129' title='bbox 1801 1020 1835 1050; x_wconf 89' lang='lat' dir='ltr'>et</span> 
     </span>
     <span class='ocr_line' id='line_1_14' title="bbox 329 1068 1834 1119; baseline 0.001 -13"><span class='ocrx_word' id='word_1_130' title='bbox 329 1071 524 1106; x_wconf 88' lang='lat' dir='ltr'>crostorum</span> <span class='ocrx_word' id='word_1_131' title='bbox 549 1070 709 1106; x_wconf 84' lang='lat' dir='ltr'>faciende</span> <span class='ocrx_word' id='word_1_132' title='bbox 730 1069 825 1118; x_wconf 87' lang='lat' dir='ltr'>apud</span> <span class='ocrx_word' id='word_1_133' title='bbox 848 1069 968 1116; x_wconf 84' lang='lat' dir='ltr'>Elgyn</span> <span class='ocrx_word' id='word_1_134' title='bbox 995 1069 1032 1103; x_wconf 90' lang='lat' dir='ltr'>in</span> <span class='ocrx_word' id='word_1_135' title='bbox 1055 1068 1258 1104; x_wconf 86' lang='lat' dir='ltr'>Burchalch</span> <span class='ocrx_word' id='word_1_136' title='bbox 1285 1070 1467 1105; x_wconf 86' lang='lat' dir='ltr'>canonicis</span> <span class='ocrx_word' id='word_1_137' title='bbox 1493 1069 1619 1105; x_wconf 90' lang='lat' dir='ltr'>nostris</span> <span class='ocrx_word' id='word_1_138' title='bbox 1644 1090 1652 1098; x_wconf 92' lang='lat'><strong>·</strong></span> <span class='ocrx_word' id='word_1_139' title='bbox 1683 1071 1834 1119; x_wconf 86' lang='lat' dir='ltr'>ideoque</span> 
     </span>
     <span class='ocr_line' id='line_1_15' title="bbox 327 1125 1832 1174; baseline 0.001 -11"><span class='ocrx_word' id='word_1_140' title='bbox 327 1129 493 1163; x_wconf 89' lang='lat' dir='ltr'>volumus</span> <span class='ocrx_word' id='word_1_141' title='bbox 519 1134 554 1163; x_wconf 88' lang='lat' dir='ltr'>et</span> <span class='ocrx_word' id='word_1_142' title='bbox 581 1128 789 1163; x_wconf 88' lang='lat' dir='ltr'>mandamus</span> <span class='ocrx_word' id='word_1_143' title='bbox 816 1132 855 1162; x_wconf 85' lang='lat' dir='ltr'>ut</span> <span class='ocrx_word' id='word_1_144' title='bbox 882 1125 1046 1174; x_wconf 84' lang='lat' dir='ltr'>magister</span> <span class='ocrx_word' id='word_1_145' title='bbox 1066 1127 1244 1162; x_wconf 84' lang='lat' dir='ltr'>Ricardus</span> <span class='ocrx_word' id='word_1_146' title='bbox 1267 1133 1394 1163; x_wconf 87' lang='lat' dir='ltr'>cantor</span> <span class='ocrx_word' id='word_1_147' title='bbox 1415 1127 1534 1163; x_wconf 87' lang='lat' dir='ltr'>noster</span> <span class='ocrx_word' id='word_1_148' title='bbox 1556 1128 1613 1164; x_wconf 88' lang='lat' dir='ltr'>cui</span> <span class='ocrx_word' id='word_1_149' title='bbox 1636 1129 1730 1164; x_wconf 88' lang='lat' dir='ltr'>vices</span> <span class='ocrx_word' id='word_1_150' title='bbox 1757 1130 1832 1165; x_wconf 90' lang='lat' dir='ltr'>nos-</span> 
     </span>
     <span class='ocr_line' id='line_1_16' title="bbox 327 1184 1831 1235; baseline 0.001 -14"><span class='ocrx_word' id='word_1_151' title='bbox 327 1191 398 1221; x_wconf 86' lang='lat' dir='ltr'>tras</span> <span class='ocrx_word' id='word_1_152' title='bbox 424 1186 469 1221; x_wconf 86' lang='lat' dir='ltr'>ad</span> <span class='ocrx_word' id='word_1_153' title='bbox 496 1186 563 1220; x_wconf 91' lang='lat' dir='ltr'>hoc</span> <span class='ocrx_word' id='word_1_154' title='bbox 590 1185 845 1221; x_wconf 84' lang='lat' dir='ltr'>committimus</span> <span class='ocrx_word' id='word_1_155' title='bbox 867 1184 904 1219; x_wconf 91' lang='lat' dir='ltr'>id</span> <span class='ocrx_word' id='word_1_156' title='bbox 927 1184 1073 1220; x_wconf 88' lang='lat' dir='ltr'>nomine</span> <span class='ocrx_word' id='word_1_157' title='bbox 1097 1184 1216 1220; x_wconf 88' lang='lat' dir='ltr'>nostro</span> <span class='ocrx_word' id='word_1_158' title='bbox 1235 1185 1375 1233; x_wconf 87' lang='lat' dir='ltr'>plenius</span> <span class='ocrx_word' id='word_1_159' title='bbox 1394 1185 1606 1233; x_wconf 84' lang='lat' dir='ltr'>exsequatur</span> <span class='ocrx_word' id='word_1_160' title='bbox 1625 1205 1633 1214; x_wconf 90' lang='lat'><strong>·</strong></span> <span class='ocrx_word' id='word_1_161' title='bbox 1661 1186 1711 1222; x_wconf 86' lang='lat' dir='ltr'>ita</span> <span class='ocrx_word' id='word_1_162' title='bbox 1734 1189 1831 1235; x_wconf 90' lang='lat' dir='ltr'>quod</span> 
     </span>
     <span class='ocr_line' id='line_1_17' title="bbox 326 1241 1829 1291; baseline 0.001 -13"><span class='ocrx_word' id='word_1_163' title='bbox 326 1243 461 1278; x_wconf 85' lang='lat' dir='ltr'>decano</span> <span class='ocrx_word' id='word_1_164' title='bbox 488 1248 523 1278; x_wconf 89' lang='lat' dir='ltr'>et</span> <span class='ocrx_word' id='word_1_165' title='bbox 547 1243 726 1278; x_wconf 90' lang='lat' dir='ltr'>canonicis</span> <span class='ocrx_word' id='word_1_166' title='bbox 753 1241 879 1277; x_wconf 88' lang='lat' dir='ltr'>nostris</span> <span class='ocrx_word' id='word_1_167' title='bbox 907 1242 1034 1277; x_wconf 90' lang='lat' dir='ltr'>ceteris</span> <span class='ocrx_word' id='word_1_168' title='bbox 1062 1243 1123 1290; x_wconf 93' lang='lat' dir='ltr'>qui</span> <span class='ocrx_word' id='word_1_169' title='bbox 1151 1243 1188 1278; x_wconf 94' lang='lat' dir='ltr'>in</span> <span class='ocrx_word' id='word_1_170' title='bbox 1215 1242 1335 1278; x_wconf 84' lang='lat' dir='ltr'>nostra</span> <span class='ocrx_word' id='word_1_171' title='bbox 1362 1242 1500 1291; x_wconf 83' lang='lat' dir='ltr'>dyocefi</span> <span class='ocrx_word' id='word_1_172' title='bbox 1530 1243 1664 1279; x_wconf 86' lang='lat' dir='ltr'>fuerint</span> <span class='ocrx_word' id='word_1_173' title='bbox 1693 1244 1829 1280; x_wconf 87' lang='lat' dir='ltr'>inventi</span> 
     </span>
     <span class='ocr_line' id='line_1_18' title="bbox 325 1299 1826 1350; baseline 0.002 -15"><span class='ocrx_word' id='word_1_174' title='bbox 325 1300 458 1336; x_wconf 88' lang='lat' dir='ltr'>vocatis</span> <span class='ocrx_word' id='word_1_175' title='bbox 480 1301 524 1335; x_wconf 90' lang='lat' dir='ltr'>ad</span> <span class='ocrx_word' id='word_1_176' title='bbox 552 1301 619 1336; x_wconf 91' lang='lat' dir='ltr'>hoc</span> <span class='ocrx_word' id='word_1_177' title='bbox 641 1299 785 1347; x_wconf 80' lang='lat' dir='ltr'>lingulis</span> <span class='ocrx_word' id='word_1_178' title='bbox 809 1300 989 1336; x_wconf 87' lang='lat' dir='ltr'>canonicis</span> <span class='ocrx_word' id='word_1_179' title='bbox 1008 1300 1139 1336; x_wconf 91' lang='lat' dir='ltr'>toftum</span> <span class='ocrx_word' id='word_1_180' title='bbox 1158 1299 1351 1349; x_wconf 80' lang='lat' dir='ltr'>ailignetur</span> <span class='ocrx_word' id='word_1_181' title='bbox 1362 1301 1469 1350; x_wconf 85' lang='lat' dir='ltr'>juxta</span> <span class='ocrx_word' id='word_1_182' title='bbox 1487 1302 1711 1349; x_wconf 87' lang='lat' dir='ltr'>cymiterium</span> <span class='ocrx_word' id='word_1_183' title='bbox 1731 1304 1826 1350; x_wconf 91' lang='lat' dir='ltr'>quod</span> 
     </span>
     <span class='ocr_line' id='line_1_19' title="bbox 323 1358 1827 1406; baseline 0.001 -13"><span class='ocrx_word' id='word_1_184' title='bbox 323 1370 438 1406; x_wconf 87' lang='lat' dir='ltr'>nuper</span> <span class='ocrx_word' id='word_1_185' title='bbox 460 1358 701 1394; x_wconf 87' lang='lat' dir='ltr'>dedicavimus</span> <span class='ocrx_word' id='word_1_186' title='bbox 724 1359 761 1393; x_wconf 92' lang='lat' dir='ltr'>in</span> <span class='ocrx_word' id='word_1_187' title='bbox 783 1358 816 1394; x_wconf 90' lang='lat' dir='ltr'>le</span> <span class='ocrx_word' id='word_1_188' title='bbox 839 1358 1042 1394; x_wconf 85' lang='lat' dir='ltr'>Burchalch</span> <span class='ocrx_word' id='word_1_189' title='bbox 1072 1378 1080 1386; x_wconf 94' lang='lat'><strong>·</strong></span> <span class='ocrx_word' id='word_1_190' title='bbox 1109 1364 1144 1394; x_wconf 90' lang='lat' dir='ltr'>et</span> <span class='ocrx_word' id='word_1_191' title='bbox 1167 1359 1237 1395; x_wconf 91' lang='lat' dir='ltr'>due</span> <span class='ocrx_word' id='word_1_192' title='bbox 1258 1372 1339 1395; x_wconf 89' lang='lat' dir='ltr'>acre</span> <span class='ocrx_word' id='word_1_193' title='bbox 1364 1365 1459 1395; x_wconf 90' lang='lat' dir='ltr'>terre</span> <span class='ocrx_word' id='word_1_194' title='bbox 1482 1359 1519 1394; x_wconf 92' lang='lat' dir='ltr'>in</span> <span class='ocrx_word' id='word_1_195' title='bbox 1544 1360 1698 1395; x_wconf 86' lang='lat' dir='ltr'>eroftum</span> <span class='ocrx_word' id='word_1_196' title='bbox 1724 1380 1732 1388; x_wconf 92' lang='lat'><strong>·</strong></span> <span class='ocrx_word' id='word_1_197' title='bbox 1762 1361 1827 1396; x_wconf 81' lang='lat' dir='ltr'>hiis</span> 
     </span>
     <span class='ocr_line' id='line_1_20' title="bbox 323 1415 1825 1466; baseline 0.002 -16"><span class='ocrx_word' id='word_1_198' title='bbox 323 1421 442 1450; x_wconf 86' lang='lat' dir='ltr'>autem</span> <span class='ocrx_word' id='word_1_199' title='bbox 465 1416 524 1463; x_wconf 87' lang='lat' dir='ltr'>qui</span> <span class='ocrx_word' id='word_1_200' title='bbox 549 1416 738 1464; x_wconf 83' lang='lat' dir='ltr'>dignitates</span> <span class='ocrx_word' id='word_1_201' title='bbox 765 1416 897 1452; x_wconf 91' lang='lat' dir='ltr'>habent</span> <span class='ocrx_word' id='word_1_202' title='bbox 921 1416 958 1451; x_wconf 90' lang='lat' dir='ltr'>in</span> <span class='ocrx_word' id='word_1_203' title='bbox 983 1415 1126 1452; x_wconf 80' lang='lat' dir='ltr'>ecclelia</span> <span class='ocrx_word' id='word_1_204' title='bbox 1147 1416 1266 1452; x_wconf 85' lang='lat' dir='ltr'>nostra</span> <span class='ocrx_word' id='word_1_205' title='bbox 1288 1417 1361 1465; x_wconf 90' lang='lat' dir='ltr'>·iiij·</span> <span class='ocrx_word' id='word_1_206' title='bbox 1385 1430 1466 1453; x_wconf 87' lang='lat' dir='ltr'>acre</span> <span class='ocrx_word' id='word_1_207' title='bbox 1491 1417 1528 1452; x_wconf 92' lang='lat' dir='ltr'>in</span> <span class='ocrx_word' id='word_1_208' title='bbox 1551 1417 1707 1453; x_wconf 69' lang='lat' dir='ltr'>crustum</span> <span class='ocrx_word' id='word_1_209' title='bbox 1729 1418 1825 1466; x_wconf 79' lang='lat' dir='ltr'>aflig-</span> 
     </span>
     <span class='ocr_line' id='line_1_21' title="bbox 324 1474 1823 1523; baseline 0.002 -15"><span class='ocrx_word' id='word_1_210' title='bbox 324 1479 455 1508; x_wconf 86' lang='lat' dir='ltr'>nentur</span> <span class='ocrx_word' id='word_1_211' title='bbox 482 1493 490 1501; x_wconf 92' lang='lat'><strong>·</strong></span> <span class='ocrx_word' id='word_1_212' title='bbox 519 1479 554 1509; x_wconf 88' lang='lat' dir='ltr'>et</span> <span class='ocrx_word' id='word_1_213' title='bbox 579 1475 761 1510; x_wconf 88' lang='lat' dir='ltr'>Robertus</span> <span class='ocrx_word' id='word_1_214' title='bbox 785 1474 815 1510; x_wconf 87' lang='lat' dir='ltr'>F</span> <span class='ocrx_word' id='word_1_215' title='bbox 816 1474 934 1523; x_wconf 75' lang='lat' dir='ltr'>yndoc</span> <span class='ocrx_word' id='word_1_216' title='bbox 960 1474 1147 1510; x_wconf 83' lang='lat' dir='ltr'>satisfaciat</span> <span class='ocrx_word' id='word_1_217' title='bbox 1174 1475 1218 1510; x_wconf 90' lang='lat' dir='ltr'>de</span> <span class='ocrx_word' id='word_1_218' title='bbox 1245 1475 1307 1510; x_wconf 91' lang='lat' dir='ltr'>suo</span> <span class='ocrx_word' id='word_1_219' title='bbox 1334 1475 1449 1510; x_wconf 88' lang='lat' dir='ltr'>crofto</span> <span class='ocrx_word' id='word_1_220' title='bbox 1475 1494 1483 1502; x_wconf 94' lang='lat'><strong>·</strong></span> <span class='ocrx_word' id='word_1_221' title='bbox 1511 1475 1679 1522; x_wconf 88' lang='lat' dir='ltr'>quicquid</span> <span class='ocrx_word' id='word_1_222' title='bbox 1705 1481 1823 1512; x_wconf 87' lang='lat' dir='ltr'>autem</span> 
     </span>
     <span class='ocr_line' id='line_1_22' title="bbox 324 1531 1826 1581; baseline 0.001 -16"><span class='ocrx_word' id='word_1_223' title='bbox 324 1532 507 1578; x_wconf 57' lang='lat' dir='ltr'>predictus</span> <span class='ocrx_word' id='word_1_224' title='bbox 526 1531 663 1567; x_wconf 86' lang='lat' dir='ltr'>Cantor</span> <span class='ocrx_word' id='word_1_225' title='bbox 681 1532 798 1568; x_wconf 88' lang='lat' dir='ltr'>noster</span> <span class='ocrx_word' id='word_1_226' title='bbox 822 1533 859 1567; x_wconf 93' lang='lat' dir='ltr'>in</span> <span class='ocrx_word' id='word_1_227' title='bbox 883 1533 1047 1580; x_wconf 66' lang='lat' dir='ltr'>predicta</span> <span class='ocrx_word' id='word_1_228' title='bbox 1072 1533 1196 1568; x_wconf 89' lang='lat' dir='ltr'>fecerit</span> <span class='ocrx_word' id='word_1_229' title='bbox 1223 1532 1454 1581; x_wconf 83' lang='lat' dir='ltr'>affignatione</span> <span class='ocrx_word' id='word_1_230' title='bbox 1481 1533 1604 1581; x_wconf 86' lang='lat' dir='ltr'>previa</span> <span class='ocrx_word' id='word_1_231' title='bbox 1629 1532 1826 1580; x_wconf 85' lang='lat' dir='ltr'>provifione</span> 
     </span>
     <span class='ocr_line' id='line_1_23' title="bbox 325 1588 1830 1639; baseline 0.001 -16"><span class='ocrx_word' id='word_1_232' title='bbox 325 1588 443 1624; x_wconf 86' lang='lat' dir='ltr'>debita</span> <span class='ocrx_word' id='word_1_233' title='bbox 458 1589 650 1625; x_wconf 88' lang='lat' dir='ltr'>secundum</span> <span class='ocrx_word' id='word_1_234' title='bbox 664 1590 814 1626; x_wconf 88' lang='lat' dir='ltr'>formam</span> <span class='ocrx_word' id='word_1_235' title='bbox 830 1591 1095 1639; x_wconf 87' lang='lat' dir='ltr'>suprascriptam</span> <span class='ocrx_word' id='word_1_236' title='bbox 1111 1597 1230 1626; x_wconf 87' lang='lat' dir='ltr'>ratum</span> <span class='ocrx_word' id='word_1_237' title='bbox 1246 1596 1281 1626; x_wconf 89' lang='lat' dir='ltr'>et</span> <span class='ocrx_word' id='word_1_238' title='bbox 1294 1597 1438 1639; x_wconf 85' lang='lat' dir='ltr'>gratum</span> <span class='ocrx_word' id='word_1_239' title='bbox 1452 1590 1659 1626; x_wconf 85' lang='lat' dir='ltr'>habebimus</span> <span class='ocrx_word' id='word_1_240' title='bbox 1672 1610 1680 1618; x_wconf 91' lang='lat'><strong>·</strong></span> <span class='ocrx_word' id='word_1_241' title='bbox 1702 1591 1830 1627; x_wconf 77' lang='lat' dir='ltr'>Valete</span> 
     </span>
     <span class='ocr_line' id='line_1_24' title="bbox 324 1646 1829 1697; baseline 0.003 -17"><span class='ocrx_word' id='word_1_242' title='bbox 324 1647 360 1681; x_wconf 91' lang='lat' dir='ltr'>in</span> <span class='ocrx_word' id='word_1_243' title='bbox 391 1646 551 1682; x_wconf 90' lang='lat' dir='ltr'>Domino</span> <span class='ocrx_word' id='word_1_244' title='bbox 583 1647 718 1695; x_wconf 86' lang='lat' dir='ltr'>semper</span> <span class='ocrx_word' id='word_1_245' title='bbox 737 1667 745 1675; x_wconf 91' lang='lat'><strong>·</strong></span> <span class='ocrx_word' id='word_1_246' title='bbox 774 1648 842 1683; x_wconf 86' lang='lat' dir='ltr'>Th’</span> <span class='ocrx_word' id='word_1_247' title='bbox 869 1654 988 1684; x_wconf 85' lang='lat' dir='ltr'>autem</span> <span class='ocrx_word' id='word_1_248' title='bbox 1022 1649 1066 1684; x_wconf 91' lang='lat' dir='ltr'>de</span> <span class='ocrx_word' id='word_1_249' title='bbox 1096 1649 1221 1697; x_wconf 86' lang='lat' dir='ltr'>Croyn</span> <span class='ocrx_word' id='word_1_250' title='bbox 1249 1649 1380 1684; x_wconf 88' lang='lat' dir='ltr'>toftum</span> <span class='ocrx_word' id='word_1_251' title='bbox 1409 1662 1491 1684; x_wconf 92' lang='lat' dir='ltr'>cum</span> <span class='ocrx_word' id='word_1_252' title='bbox 1521 1661 1595 1684; x_wconf 87' lang='lat' dir='ltr'>una</span> <span class='ocrx_word' id='word_1_253' title='bbox 1623 1661 1705 1684; x_wconf 81' lang='lat' dir='ltr'>acra</span> <span class='ocrx_word' id='word_1_254' title='bbox 1732 1647 1829 1697; x_wconf 84' lang='lat' dir='ltr'>affig-</span> 
     </span>
     <span class='ocr_line' id='line_1_25' title="bbox 322 1704 1271 1756; baseline 0.004 -17"><span class='ocrx_word' id='word_1_255' title='bbox 322 1709 430 1740; x_wconf 90' lang='lat' dir='ltr'>netur</span> <span class='ocrx_word' id='word_1_256' title='bbox 449 1724 457 1732; x_wconf 93' lang='lat'><strong>·</strong></span> <span class='ocrx_word' id='word_1_257' title='bbox 485 1704 613 1740; x_wconf 87' lang='lat' dir='ltr'>Valete</span> <span class='ocrx_word' id='word_1_258' title='bbox 632 1706 668 1740; x_wconf 88' lang='lat' dir='ltr'>in</span> <span class='ocrx_word' id='word_1_259' title='bbox 688 1706 849 1742; x_wconf 90' lang='lat' dir='ltr'>Domino</span> <span class='ocrx_word' id='word_1_260' title='bbox 869 1707 996 1742; x_wconf 81' lang='lat' dir='ltr'>iterato</span> <span class='ocrx_word' id='word_1_261' title='bbox 1015 1712 1050 1743; x_wconf 94' lang='lat' dir='ltr'>et</span> <span class='ocrx_word' id='word_1_262' title='bbox 1068 1713 1243 1756; x_wconf 91' lang='lat' dir='ltr'>perpetuo</span> <span class='ocrx_word' id='word_1_263' title='bbox 1264 1727 1271 1735; x_wconf 92' lang='lat'><strong>·</strong></span> 
     </span>
    </p>
   </div>
   <div class='ocr_carea' id='block_1_8' title="bbox 322 1877 1323 1930">
    <p class='ocr_par' dir='ltr' id='par_1_8' title="bbox 322 1877 1323 1930">
     <span class='ocr_line' id='line_1_26' title="bbox 322 1877 1323 1930; baseline 0.006 -18"><span class='ocrx_word' id='word_1_264' title='bbox 322 1877 500 1913; x_wconf 89' lang='lat' dir='ltr'>Vendicio</span> <span class='ocrx_word' id='word_1_265' title='bbox 521 1877 671 1913; x_wconf 82' lang='lat' dir='ltr'>Roberti</span> <span class='ocrx_word' id='word_1_266' title='bbox 692 1878 839 1927; x_wconf 88' lang='lat' dir='ltr'>Fyndoc</span> <span class='ocrx_word' id='word_1_267' title='bbox 859 1880 902 1915; x_wconf 92' lang='lat' dir='ltr'>de</span> <span class='ocrx_word' id='word_1_268' title='bbox 921 1880 1012 1916; x_wconf 84' lang='lat' dir='ltr'>tofto</span> <span class='ocrx_word' id='word_1_269' title='bbox 1030 1881 1093 1917; x_wconf 91' lang='lat' dir='ltr'>suo</span> <span class='ocrx_word' id='word_1_270' title='bbox 1112 1881 1156 1917; x_wconf 92' lang='lat' dir='ltr'>de</span> <span class='ocrx_word' id='word_1_271' title='bbox 1176 1881 1295 1930; x_wconf 86' lang='lat' dir='ltr'>Elgyn</span> <span class='ocrx_word' id='word_1_272' title='bbox 1315 1901 1323 1909; x_wconf 94' lang='lat'><strong>·</strong></span> 
     </span>
    </p>
   </div>
   <div class='ocr_carea' id='block_1_9' title="bbox 318 1990 1825 2337">
    <p class='ocr_par' dir='ltr' id='par_1_9' title="bbox 318 1990 1825 2337">
     <span class='ocr_line' id='line_1_27' title="bbox 321 1990 1825 2048; baseline 0.004 -19"><span class='ocrx_word' id='word_1_273' title='bbox 321 1990 501 2029; x_wconf 87' lang='lat' dir='ltr'>Omnibus</span> <span class='ocrx_word' id='word_1_274' title='bbox 520 1992 649 2029; x_wconf 90' lang='lat' dir='ltr'>Christi</span> <span class='ocrx_word' id='word_1_275' title='bbox 667 1993 829 2030; x_wconf 89' lang='lat' dir='ltr'>fidelibus</span> <span class='ocrx_word' id='word_1_276' title='bbox 847 1995 914 2031; x_wconf 91' lang='lat' dir='ltr'>hoc</span> <span class='ocrx_word' id='word_1_277' title='bbox 933 1996 1100 2045; x_wconf 89' lang='lat' dir='ltr'>scriptum</span> <span class='ocrx_word' id='word_1_278' title='bbox 1120 1997 1244 2033; x_wconf 90' lang='lat' dir='ltr'>visuris</span> <span class='ocrx_word' id='word_1_279' title='bbox 1257 1997 1315 2033; x_wconf 88' lang='lat' dir='ltr'>vel</span> <span class='ocrx_word' id='word_1_280' title='bbox 1335 1998 1511 2033; x_wconf 84' lang='lat' dir='ltr'>audituris</span> <span class='ocrx_word' id='word_1_281' title='bbox 1530 1998 1713 2035; x_wconf 89' lang='lat' dir='ltr'>Robertus</span> <span class='ocrx_word' id='word_1_282' title='bbox 1732 2000 1763 2035; x_wconf 89' lang='lat' dir='ltr'>F</span> <span class='ocrx_word' id='word_1_283' title='bbox 1762 2013 1825 2048; x_wconf 91' lang='lat' dir='ltr'>yn-</span> 
     </span>
     <span class='ocr_line' id='line_1_28' title="bbox 321 2051 1823 2099; baseline 0.005 -13"><span class='ocrx_word' id='word_1_284' title='bbox 321 2051 389 2087; x_wconf 91' lang='lat' dir='ltr'>doc</span> <span class='ocrx_word' id='word_1_285' title='bbox 416 2051 460 2086; x_wconf 91' lang='lat' dir='ltr'>de</span> <span class='ocrx_word' id='word_1_286' title='bbox 485 2051 604 2099; x_wconf 82' lang='lat' dir='ltr'>Elgyn</span> <span class='ocrx_word' id='word_1_287' title='bbox 628 2051 774 2087; x_wconf 84' lang='lat' dir='ltr'>salutem</span> <span class='ocrx_word' id='word_1_288' title='bbox 800 2071 808 2080; x_wconf 92' lang='lat'><strong>·</strong></span> <span class='ocrx_word' id='word_1_289' title='bbox 837 2052 1020 2089; x_wconf 88' lang='lat' dir='ltr'>Noveritis</span> <span class='ocrx_word' id='word_1_290' title='bbox 1046 2054 1200 2092; x_wconf 89' lang='lat' dir='ltr'>univerfi</span> <span class='ocrx_word' id='word_1_291' title='bbox 1225 2069 1282 2091; x_wconf 91' lang='lat' dir='ltr'>me</span> <span class='ocrx_word' id='word_1_292' title='bbox 1309 2056 1354 2091; x_wconf 93' lang='lat' dir='ltr'>de</span> <span class='ocrx_word' id='word_1_293' title='bbox 1377 2056 1564 2092; x_wconf 85' lang='lat' dir='ltr'>voluntate</span> <span class='ocrx_word' id='word_1_294' title='bbox 1592 2062 1628 2092; x_wconf 90' lang='lat' dir='ltr'>et</span> <span class='ocrx_word' id='word_1_295' title='bbox 1654 2057 1823 2093; x_wconf 89' lang='lat' dir='ltr'>consensu</span> 
     </span>
     <span class='ocr_line' id='line_1_29' title="bbox 321 2107 1821 2151; baseline 0.005 -8"><span class='ocrx_word' id='word_1_296' title='bbox 321 2107 521 2144; x_wconf 89' lang='lat' dir='ltr'>Alexandri</span> <span class='ocrx_word' id='word_1_297' title='bbox 545 2109 607 2144; x_wconf 90' lang='lat' dir='ltr'>filii</span> <span class='ocrx_word' id='word_1_298' title='bbox 631 2109 699 2145; x_wconf 88' lang='lat' dir='ltr'>mei</span> <span class='ocrx_word' id='word_1_299' title='bbox 727 2115 762 2145; x_wconf 91' lang='lat' dir='ltr'>et</span> <span class='ocrx_word' id='word_1_300' title='bbox 788 2110 928 2146; x_wconf 88' lang='lat' dir='ltr'>heredis</span> <span class='ocrx_word' id='word_1_301' title='bbox 957 2117 993 2147; x_wconf 88' lang='lat' dir='ltr'>et</span> <span class='ocrx_word' id='word_1_302' title='bbox 1019 2112 1169 2148; x_wconf 88' lang='lat' dir='ltr'>aliorum</span> <span class='ocrx_word' id='word_1_303' title='bbox 1199 2113 1356 2149; x_wconf 88' lang='lat' dir='ltr'>filiorum</span> <span class='ocrx_word' id='word_1_304' title='bbox 1387 2126 1549 2149; x_wconf 88' lang='lat' dir='ltr'>meorum</span> <span class='ocrx_word' id='word_1_305' title='bbox 1582 2119 1618 2150; x_wconf 90' lang='lat' dir='ltr'>et</span> <span class='ocrx_word' id='word_1_306' title='bbox 1649 2115 1821 2151; x_wconf 86' lang='lat' dir='ltr'>heredum</span> 
     </span>
     <span class='ocr_line' id='line_1_30' title="bbox 319 2166 1821 2220; baseline 0.005 -20"><span class='ocrx_word' id='word_1_307' title='bbox 319 2166 461 2201; x_wconf 90' lang='lat' dir='ltr'>suorum</span> <span class='ocrx_word' id='word_1_308' title='bbox 478 2186 486 2194; x_wconf 95' lang='lat'><strong>·</strong></span> <span class='ocrx_word' id='word_1_309' title='bbox 500 2167 691 2202; x_wconf 84' lang='lat' dir='ltr'>vendidiffe</span> <span class='ocrx_word' id='word_1_310' title='bbox 710 2168 866 2216; x_wconf 83' lang='lat' dir='ltr'>capitulo</span> <span class='ocrx_word' id='word_1_311' title='bbox 886 2169 1098 2205; x_wconf 78' lang='lat' dir='ltr'>(Doravienfi</span> <span class='ocrx_word' id='word_1_312' title='bbox 1117 2184 1182 2218; x_wconf 89' lang='lat' dir='ltr'>pro</span> <span class='ocrx_word' id='word_1_313' title='bbox 1201 2177 1356 2219; x_wconf 88' lang='lat' dir='ltr'>quatuor</span> <span class='ocrx_word' id='word_1_314' title='bbox 1374 2172 1501 2207; x_wconf 85' lang='lat' dir='ltr'>marcis</span> <span class='ocrx_word' id='word_1_315' title='bbox 1519 2177 1555 2207; x_wconf 90' lang='lat' dir='ltr'>et</span> <span class='ocrx_word' id='word_1_316' title='bbox 1573 2172 1720 2208; x_wconf 81' lang='lat' dir='ltr'>dimidia</span> <span class='ocrx_word' id='word_1_317' title='bbox 1735 2187 1821 2220; x_wconf 84' lang='lat' dir='ltr'>quas</span> 
     </span>
     <span class='ocr_line' id='line_1_31' title="bbox 318 2224 1817 2278; baseline 0.005 -20"><span class='ocrx_word' id='word_1_318' title='bbox 318 2224 413 2260; x_wconf 87' lang='lat' dir='ltr'>idem</span> <span class='ocrx_word' id='word_1_319' title='bbox 436 2224 632 2272; x_wconf 84' lang='lat' dir='ltr'>capitulum</span> <span class='ocrx_word' id='word_1_320' title='bbox 660 2225 746 2260; x_wconf 89' lang='lat' dir='ltr'>mihi</span> <span class='ocrx_word' id='word_1_321' title='bbox 773 2225 875 2261; x_wconf 87' lang='lat' dir='ltr'>solvit</span> <span class='ocrx_word' id='word_1_322' title='bbox 901 2240 964 2275; x_wconf 88' lang='lat' dir='ltr'>pre</span> <span class='ocrx_word' id='word_1_323' title='bbox 988 2228 1150 2264; x_wconf 87' lang='lat' dir='ltr'>manibus</span> <span class='ocrx_word' id='word_1_324' title='bbox 1172 2235 1290 2265; x_wconf 91' lang='lat' dir='ltr'>totum</span> <span class='ocrx_word' id='word_1_325' title='bbox 1312 2230 1512 2278; x_wconf 87' lang='lat' dir='ltr'>plenarium</span> <span class='ocrx_word' id='word_1_326' title='bbox 1539 2230 1670 2265; x_wconf 85' lang='lat' dir='ltr'>tostum</span> <span class='ocrx_word' id='word_1_327' title='bbox 1697 2244 1817 2267; x_wconf 90' lang='lat' dir='ltr'>meum</span> 
     </span>
     <span class='ocr_line' id='line_1_32' title="bbox 319 2282 1816 2337; baseline 0.005 -20"><span class='ocrx_word' id='word_1_328' title='bbox 319 2294 400 2317; x_wconf 90' lang='lat' dir='ltr'>cum</span> <span class='ocrx_word' id='word_1_329' title='bbox 419 2282 534 2318; x_wconf 83' lang='lat' dir='ltr'>crofto</span> <span class='ocrx_word' id='word_1_330' title='bbox 552 2283 649 2330; x_wconf 87' lang='lat' dir='ltr'>quod</span> <span class='ocrx_word' id='word_1_331' title='bbox 672 2283 786 2320; x_wconf 83' lang='lat' dir='ltr'>habeo</span> <span class='ocrx_word' id='word_1_332' title='bbox 810 2284 848 2320; x_wconf 94' lang='lat' dir='ltr'>in</span> <span class='ocrx_word' id='word_1_333' title='bbox 870 2284 986 2333; x_wconf 82' lang='lat' dir='ltr'>burgo</span> <span class='ocrx_word' id='word_1_334' title='bbox 1006 2286 1050 2322; x_wconf 86' lang='lat' dir='ltr'>de</span> <span class='ocrx_word' id='word_1_335' title='bbox 1070 2286 1188 2334; x_wconf 84' lang='lat' dir='ltr'>Elgyn</span> <span class='ocrx_word' id='word_1_336' title='bbox 1207 2293 1309 2324; x_wconf 85' lang='lat' dir='ltr'>extra</span> <span class='ocrx_word' id='word_1_337' title='bbox 1331 2293 1472 2336; x_wconf 89' lang='lat' dir='ltr'>portam</span> <span class='ocrx_word' id='word_1_338' title='bbox 1491 2287 1701 2325; x_wconf 87' lang='lat' dir='ltr'>orientalem</span> <span class='ocrx_word' id='word_1_339' title='bbox 1720 2290 1816 2337; x_wconf 93' lang='lat' dir='ltr'>quod</span> 
     </span>
    </p>
   </div>
   <div class='ocr_carea' id='block_1_10' title="bbox 2036 0 2046 797">
    <p class='ocr_par' dir='ltr' id='par_1_10' title="bbox 2036 0 2046 797">
     <span class='ocr_line' id='line_1_33' title="bbox 2036 0 2046 797; baseline 0 0"><span class='ocrx_word' id='word_1_340' title='bbox 2036 0 2046 797; x_wconf 95' lang='lat' dir='ltr'> </span> 
     </span>
    </p>
   </div>
  </div>
 </body>
</html>
