1912 2660
95 387 168 421 283

89 1125 161 1157 284

90 2042 159 2076 285

587 171 906 210 REGISTRUM
932 174 1293 215 MORAVIENSE.
1609 186 1683 230 867

195 271 414 309 collationes
430 270 476 306 ad
493 270 662 307 fabricam
682 290 690 299 ·

194 385 348 423 Collatio
367 383 506 421 ecclefie
525 384 569 420 de
588 384 815 420 Inueraliane
832 385 877 421 ad
895 385 1063 421 fabricam
1082 386 1222 423 ecclefie
1240 389 1468 426 moraviensis
1486 411 1494 419 ·

194 441 377 479 Concessio
395 442 503 477 Bricii
522 443 672 490 episcopi
691 443 735 478 de
752 442 895 478 ecclc-fia
913 443 957 479 de
976 444 1120 479 Deveth
1138 445 1183 479 ad
1200 445 1366 481 fabricam
1386 465 1394 474 ·

193 498 376 536 Concessio
395 499 544 535 Andree
562 500 712 548 episcopi
731 500 775 535 de
793 499 934 536 ecclesia
952 501 996 536 de
1016 501 1277 537 Rathmorkose
1295 503 1339 537 ad
1357 503 1530 540 luminare
1545 524 1553 533 ·

192 557 428 593 Confirmatio
469 557 671 592 donationis
711 557 806 592 facte
849 558 1001 605 collegio
1038 559 1293 595 canonicorum
1328 560 1372 595 de
1411 560 1553 597 ecclefia
1595 563 1637 598 de

192 613 399 650 Arthildule
414 633 423 642 ·

191 671 346 707 Collatio
365 670 505 707 ecclefie
524 671 568 706 de
586 671 795 720 Dullersuly
812 672 857 707 ad
874 671 1049 708 luminare
1068 692 1077 700 ·

190 728 351 764 Donatio
370 728 513 764 ecclefie
532 729 576 764 de
595 729 772 777 Farnway
790 730 827 764 in
845 729 879 765 le
898 728 979 764 Ard
997 729 1043 764 ad
1060 742 1287 765 communam
1302 749 1310 758 ·

190 785 345 822 Collatio
365 785 514 822 Andree
536 786 687 835 episcopi
705 787 749 822 de
767 785 910 823 ecclefia
928 786 971 822 de
991 786 1236 835 Logykenych
1256 787 1301 822 ad
1328 800 1553 825 communam
1577 803 1679 827 cano-

188 857 351 879 meorum
370 863 379 872 ·

189 900 344 937 Collatio
363 900 504 937 ecclesie
523 901 567 937 de
586 900 799 949 Abernethy
816 901 944 937 eisdem
965 920 973 928 ·

189 958 344 994 Collatio
363 958 503 994 ecclesie
521 959 565 995 de
585 959 687 994 Evan
704 959 833 994 eisdem
848 978 857 987 ·
877 958 1031 1006 exceptis
1049 958 1153 994 terris
1171 959 1262 994 infra
1279 960 1480 1007 parochiam
1501 961 1654 1009 ejusdem
1670 983 1678 991 ·

191 1130 270 1166 Hec
298 1131 378 1166 sunt
406 1130 567 1167 utensilia
600 1131 812 1167 dimittenda
844 1144 865 1166 a
897 1130 1138 1178 predeceffore
1169 1131 1230 1166 suo
1262 1131 1443 1167 succeffori
1473 1132 1511 1167 in
1540 1133 1681 1170 ecclefia

188 1187 401 1224 moravienfi
427 1189 494 1224 rite
520 1193 556 1224 et
582 1189 753 1225 canonice
779 1188 926 1223 intranti
954 1193 990 1223 et
1016 1188 1181 1224 omnibus
1205 1188 1420 1224 beneficiatis
1442 1202 1506 1238 per
1530 1191 1679 1227 eandem

188 1246 209 1280 d
237 1245 354 1281 osefim
374 1265 382 1273 ·

189 1259 368 1350 Imprimis
386 1303 423 1337 in
441 1303 521 1338 aula
540 1303 644 1339 debet
662 1303 839 1338 dimittere
857 1315 965 1337 unam
984 1302 1139 1338 mensam
1153 1302 1382 1338 sufficientem
1400 1316 1482 1339 cum
1500 1303 1651 1340 tristellis
1670 1324 1678 1332 ·

186 1373 294 1395 unam
313 1360 452 1407 pelvem
471 1373 553 1395 cum
571 1360 701 1395 lotorio
721 1380 729 1388 ·
751 1365 787 1395 et
804 1373 911 1395 unam
930 1372 1092 1407 mappam
1112 1372 1192 1395 cum
1211 1360 1436 1408 manutergio
1455 1380 1464 1388 ·

188 1416 281 1452 Item
304 1417 341 1452 in
363 1418 515 1464 coquina
541 1430 649 1452 unam
677 1417 783 1452 ollam
808 1430 926 1452 ercam
945 1436 953 1444 ·
981 1429 1090 1452 unam
1109 1417 1275 1465 patellam
1293 1417 1521 1453 sufficientem
1541 1437 1549 1446 ·
1568 1432 1679 1455 unam

186 1474 363 1522 tripodem
393 1475 451 1510 vel
479 1475 666 1511 cathenam
695 1488 763 1522 que
795 1475 924 1510 dicitur
955 1474 1147 1521 ketylcrok
1174 1494 1182 1502 ·
1213 1487 1326 1510 unum
1355 1475 1565 1511 mortarium
1596 1489 1677 1512 cum

185 1531 329 1578 pestello
344 1550 352 1559 ·

187 1588 231 1624 In
250 1587 385 1624 brafina
401 1601 512 1624 unum
531 1589 716 1637 plumbum
735 1602 816 1625 cum
835 1602 950 1637 cuppa
967 1589 1063 1636 quod
1082 1589 1212 1624 dicitur
1230 1589 1338 1635 mqffi3
1342 1590 1448 1637 fatte
1462 1608 1470 1617 ·
1488 1595 1524 1625 et
1540 1589 1677 1637 algeam

184 1645 367 1693 wlgariter
386 1647 418 1681 le
437 1647 575 1683 trowch
594 1647 627 1682 ·i·
646 1647 774 1682 fattum
794 1666 801 1674 ·
822 1652 857 1682 et
877 1647 909 1681 ·i·
928 1647 963 1681 sa
981 1666 989 1674 ·
1009 1651 1044 1682 et
1063 1647 1096 1681 ·i·
1115 1646 1226 1682 barell
1245 1665 1254 1674 ·

186 1703 233 1739 Et
258 1703 438 1738 sciendum
465 1703 513 1739 est
535 1705 632 1751 quod
659 1705 755 1740 dicta
778 1702 939 1740 utenfilia
955 1703 1035 1739 sunt
1052 1703 1289 1752 apprecianda
1306 1703 1499 1740 secundum
1517 1704 1675 1740 valorem

184 1760 348 1796 beneficii
366 1780 375 1788 ·

186 1932 406 1981 Homagium
426 1933 495 1968 ·W·
515 1933 559 1969 de
578 1933 719 1969 Fenton
738 1933 872 1969 domini
891 1933 934 1969 de
952 1932 1148 1969 Bewsourd
1167 1953 1176 1962 ·

185 2047 297 2084 Anno
316 2047 467 2083 Domini
486 2046 666 2084 ‹oillefimo
694 2051 791 2084 ·ccc⁰·
818 2046 1105 2096 quinquagesimo
1131 2060 1230 2083 nono
1249 2066 1258 2075 ·
1286 2048 1343 2083 die
1369 2047 1487 2085 martis
1511 2048 1595 2083 ·xiii·
1619 2049 1675 2084 die

184 2104 307 2141 menfis
326 2105 479 2152 Augusti
497 2106 533 2140 in
552 2104 707 2153 capitulo
722 2105 933 2141 cathedralis
952 2103 1092 2141 ecclefie
1106 2104 1336 2142 (Doravienfis
1350 2123 1359 2133 ·
1378 2105 1505 2140 nobilis
1518 2106 1573 2141 vir
1587 2105 1674 2140 Wil-

182 2161 308 2198 lelmus
323 2163 366 2198 de
381 2163 521 2198 Fenton
536 2163 702 2198 dominus
716 2163 760 2199 de
776 2163 971 2199 Bewsourd
989 2163 1228 2211 portionarius
1247 2163 1291 2198 de
1308 2162 1342 2199 le
1357 2161 1438 2198 Ard
1455 2162 1537 2198 fecit
1554 2163 1673 2198 homa-

183 2219 280 2266 gium
296 2220 441 2255 domino
455 2220 612 2257 Johanni
628 2220 671 2256 de
687 2220 843 2256 Pilmore
857 2220 1018 2269 episcopo
1034 2219 1247 2257 moravienfi
1264 2233 1329 2268 pro
1344 2225 1443 2268 parte
1457 2220 1516 2255 sua
1530 2219 1672 2255 dimidie

185 2276 339 2313 dauache
357 2283 452 2314 terre
471 2278 514 2314 de
533 2278 565 2314 le
585 2278 655 2314 Eff
673 2284 709 2314 et
725 2277 954 2327 Kyntallirgy
968 2297 976 2306 ·
996 2277 1082 2326 quas
1100 2283 1197 2314 tenet
1217 2278 1261 2313 de
1279 2277 1420 2313 ecclefia
1438 2275 1647 2314 moraviensi
1662 2296 1669 2305 -
