1912 2660
42 2108 43 2114 ἵ
86 2054 154 2095 ⁶269

581 173 899 211 REGISTRUM
927 173 1292 211 MORAVIENSE.
1613 179 1681 211 351

188 274 311 311 menfis
332 273 419 311 Julii
437 291 447 301 ·
467 272 695 321 pontificatus
712 270 911 307 sanctiflimi
928 272 966 306 in
985 271 1125 307 Christo
1143 272 1253 319 patris
1271 285 1312 307 ac
1332 272 1468 307 domini
1485 273 1595 309 nostri
1623 275 1685 309 do-

187 333 273 368 mini
290 330 484 369 Clementis
502 330 622 366 divina
639 329 865 378 providentia
881 341 971 376 pape
990 328 1062 364 ·vii·
1081 341 1178 364 anno
1197 329 1335 364 decimo
1355 348 1364 356 ·
1391 329 1612 377 presentibus
1630 345 1684 367 re-

186 389 347 425 verendis
370 388 454 424 viris
471 387 639 435 magistris
657 392 693 423 et
711 386 864 422 dominis
877 385 1060 422 Willelmo
1080 386 1124 421 de
1148 385 1259 434 Spyni
1277 386 1412 421 decano
1433 386 1682 424 Aberdonenfi

186 453 221 482 et
237 451 445 495 precentore
463 443 679 482 moraviensi
698 464 706 472 ·
726 444 909 479 Willelmo
928 444 972 479 de
991 443 1204 491 Lonkfordy
1223 443 1396 479 canonico
1416 462 1425 471 ·
1451 443 1618 479 Johanne
1637 446 1681 480 de

186 503 440 539 Aberkerdor·
469 502 626 538 Ricardo
650 502 724 537 filio
743 501 916 537 Willelmi
935 520 943 528 ·
972 501 1115 537 Thoma
1144 501 1189 536 de
1216 500 1381 536 Bruneth
1409 500 1600 548 capellanis
1627 514 1682 536 ec-

184 560 281 597 clefie
300 558 529 598 moraviensis
547 579 556 588 ·
589 559 743 595 Patricio
766 559 810 595 de
829 558 1010 594 Craufurd
1029 578 1038 586 ·
1070 558 1253 593 W'illelmo
1273 558 1317 593 de
1337 557 1524 593 Malavilla
1541 562 1577 593 et
1595 557 1681 592 Wil-

183 618 289 654 lelmo
303 619 347 654 de
363 618 500 653 Pilmur
518 617 562 652 ad
580 616 742 665 premiffa
758 616 893 652 vocatis
911 620 947 651 et
964 615 1161 664 specialiter
1178 615 1312 663 rogatis
1331 634 1339 642 ·

379 675 426 711 Et
444 688 510 723 ego
530 674 731 710 Willelmus
750 673 913 709 Gerland
932 673 1081 709 clericus
1099 671 1330 710 moraviensis
1355 671 1498 708 diocesis
1516 671 1678 720 publicus

376 733 550 781 imperiali
576 732 788 768 auctoritate
813 732 975 767 notarius
1001 731 1160 780 predicte
1187 731 1420 780 publicationi
1444 731 1503 766 seu
1527 731 1679 779 appella-

378 791 469 826 tioni
497 790 638 838 presens
665 789 812 826 interfui
830 802 941 837 eaque
968 789 1089 824 omnia
1109 788 1154 825 fic
1178 789 1256 825 fieri
1274 789 1347 825 vidi
1365 794 1401 824 et
1419 789 1539 824 audivi
1556 788 1679 836 ipsam-

377 861 446 895 que
464 848 739 896 appellationem
757 860 867 883 manu
886 860 966 883 mea
982 847 1145 895 scriptam
1165 847 1203 882 in
1219 847 1312 883 hanc
1329 846 1481 882 formam
1499 846 1678 894 publicam

377 906 499 953 redegi
530 904 698 953 signoque
729 918 810 941 meo
838 905 1007 941 consueto
1035 903 1169 952 fignavi
1199 910 1346 952 rogatus
1371 909 1407 940 et
1431 902 1616 951 requisitus
1640 904 1679 938 in

379 962 616 998 testimonium
635 962 882 1011 premissorum
901 982 909 990 ·

185 1134 346 1183 Apostoli
365 1135 527 1183 Episcopi
547 1154 554 1162 ·

182 1250 390 1285 Alexander
409 1249 481 1286 Dei
508 1250 623 1298 gratia
646 1250 828 1298 episcopus
856 1248 1086 1287 (Doravienfis
1111 1250 1244 1286 dilecto
1263 1249 1365 1285 nobis
1382 1250 1420 1285 in
1439 1249 1578 1286 Christo
1597 1250 1677 1285 reli-

179 1307 276 1354 gioso
294 1308 372 1342 viro
390 1307 490 1342 fratri
505 1307 689 1343 W'illelmo
709 1307 753 1343 de
771 1306 877 1343 Busbi
895 1307 1071 1343 monacho
1097 1307 1244 1343 salutem
1264 1327 1272 1335 ·
1301 1307 1548 1355 Appellationi
1565 1307 1677 1343 vestre

180 1365 237 1399 cui
254 1365 304 1399 hii
322 1364 430 1400 nostri
448 1364 594 1413 apostoli
612 1365 856 1400 annectuntur
882 1365 927 1400 ob
951 1365 1188 1401 reverentiam
1207 1365 1358 1400 Domini
1376 1364 1484 1400 nostri
1502 1378 1608 1413 quem
1626 1367 1678 1401 in-

181 1421 325 1457 vocastis
345 1441 352 1449 ·
382 1420 406 1456 fi
424 1427 460 1458 et
482 1422 520 1457 in
543 1427 716 1470 quantum
745 1423 852 1458 modo
880 1422 996 1458 forma
1025 1422 1131 1458 titulo
1160 1427 1196 1458 et
1219 1422 1302 1471 jure
1330 1422 1457 1470 quibus
1490 1423 1536 1458 ad
1563 1424 1675 1472 ipsum

180 1479 363 1527 appellatis
381 1479 426 1514 ad
444 1479 556 1528 ipsum
574 1480 750 1528 pertineat
773 1479 879 1528 hujus
897 1479 997 1516 cause
1024 1480 1272 1528 appellationis
1298 1480 1457 1528 cognitio
1485 1481 1675 1517 deferimus

181 1542 386 1572 reverenter
399 1556 407 1564 ·
423 1542 459 1572 et
472 1537 540 1573 hoc
553 1537 755 1585 responsum
768 1537 926 1573 nostrum
939 1537 1020 1573 loco
1034 1537 1276 1585 apostolorum
1291 1537 1565 1573 dimifforiorum
1576 1538 1677 1574 vobis

182 1594 305 1629 damus
325 1614 333 1621 ·
362 1594 500 1629 Datum
517 1594 579 1630 sub
605 1593 716 1642 sigillo
742 1594 861 1630 nostro
887 1595 1069 1631 autentico
1097 1596 1193 1643 apud
1220 1595 1419 1631 manerium
1446 1595 1604 1631 nostrum
1632 1597 1676 1631 de

182 1651 290 1698 Spyni
309 1650 538 1687 moraviensis
556 1650 699 1687 diocefis
725 1652 865 1688 decima
887 1652 983 1688 sexta
1010 1652 1067 1688 die
1093 1651 1219 1689 menfis
1237 1652 1391 1701 Augusti
1409 1665 1504 1688 anno
1523 1653 1675 1689 Domini

182 1708 543 1745 ·m⁰·cec⁰-lxxx⁰·viii⁰·

183 1879 304 1915 Litera
321 1880 508 1916 indiscreta
525 1880 562 1916 in
581 1881 725 1918 defectu
741 1882 874 1917 notarii
896 1880 982 1918 ficut
1004 1887 1102 1930 patet
1124 1895 1188 1931 per
1211 1882 1350 1919 literam
1375 1883 1486 1932 Regis
1509 1886 1673 1933 proximo

182 1937 263 1972 inde
280 1937 483 1984 sequentem
502 1957 510 1965 ·

183 2050 362 2087 Robertus
388 2052 460 2088 Dei
486 2053 602 2100 gratia
629 2053 711 2089 Rex
737 2053 926 2090 Scotorum
952 2054 1146 2091 venerabili
1170 2056 1209 2091 in
1232 2055 1371 2092 Christo
1402 2058 1494 2105 patri
1526 2058 1672 2094 domino

184 2108 391 2144 Alexandro
411 2109 483 2145 Dei
502 2111 617 2158 gratia
634 2111 795 2159 episcopo
815 2111 1028 2149 moraviensi
1050 2112 1197 2149 salutem
1215 2133 1224 2141 ·
1252 2114 1310 2150 Ex
1332 2115 1433 2163 gravi
1450 2116 1673 2163 querimonia

184 2165 303 2201 dilecti
325 2167 498 2215 capellani
524 2168 632 2204 nostri
659 2169 796 2204 domini
819 2169 990 2206 Willelmi
1013 2170 1057 2206 de
1084 2169 1202 2219 Buiby
1218 2171 1347 2220 prioris
1373 2173 1417 2209 de
1439 2172 1605 2209 Urchard
1627 2174 1673 2209 ad

183 2222 331 2259 nostram
349 2225 548 2261 accedentis
566 2226 776 2274 presentiam
795 2228 1021 2276 concepimus
1044 2241 1120 2263 non
1144 2228 1192 2265 est
1217 2229 1279 2266 diu
1302 2230 1399 2277 quod
1417 2243 1461 2266 ex
1479 2230 1672 2266 intrusione
