1912 2660
565 178 881 214 REGISTRUM
908 179 1268 217 MORAVIENSE.
1583 190 1655 229 837

172 278 335 313 excusare
360 276 625 323 quodammodo
643 277 785 312 videtur
808 290 828 311 a
852 277 955 325 culpa
981 282 1017 312 et
1043 278 1081 312 in
1108 278 1247 314 actores
1271 279 1345 327 ejus
1368 286 1573 328 retorquere
1600 283 1658 319 de-

172 335 297 370 lictum
317 353 325 362 ·
347 345 489 369 necnon
513 333 550 368 in
574 333 828 369 detrimentum
847 335 948 381 regni
968 353 976 361 ·
998 334 1131 382 lapsum
1158 335 1239 370 fidei
1266 341 1301 371 et
1324 337 1462 372 ruinam
1488 339 1658 375 catholice

172 391 341 427 libertatis
356 409 364 418 ·
383 390 545 438 premifl'a
562 391 737 426 malorum
756 391 857 426 initia
873 404 936 439 per
954 391 1129 426 morosam
1146 392 1371 427 tolerantiam
1393 393 1431 428 in
1456 394 1524 429 illis
1546 395 1660 431 Chris-

172 449 266 484 tiane
292 448 518 483 scinceritatis
544 446 620 495 ipsis
645 448 858 483 invalescant
878 467 886 475 ·
917 448 1009 483 Cum
1037 448 1131 484 enim
1157 449 1218 496 qui
1244 449 1328 484 talia
1357 450 1519 497 nequiter
1549 458 1660 498 agunt

171 505 227 541 vel
244 505 383 552 agenda
400 505 547 540 suadent
573 518 647 540 non
673 504 713 540 fit
738 506 874 541 incerta
900 505 1104 553 dampnatio
1127 510 1163 541 et
1188 511 1393 554 promptum
1418 507 1456 541 in
1483 520 1542 543 eos
1568 509 1662 555 apud

172 563 291 598 Deum
311 563 399 598 dure
417 561 727 598 animadversionis
739 563 916 611 judicium
934 576 1009 598 non
1027 563 1216 598 dormitet·
1229 563 1407 611 pastoralis
1420 564 1662 600 sollicitudinis

172 619 266 655 zelus
293 624 379 655 tunc
406 620 442 654 in
469 620 518 655 eis
545 619 729 656 miseretur
754 625 789 655 et
816 620 1019 655 commodat
1037 633 1119 655 cum
1137 620 1174 655 in
1192 620 1390 668 plectendis
1408 621 1520 670 culpis
1538 635 1662 657 eorum

172 677 323 713 severius
341 677 559 713 excandescit
578 696 586 705 ·
616 678 739 720 Quare
767 677 979 713 fraternitati
1005 677 1117 713 vestre
1144 691 1208 726 per
1236 678 1424 726 apostolica
1449 679 1574 727 scripta
1601 679 1663 714 dis-

171 735 277 770 tricte
304 735 533 783 precipiendo
561 735 770 770 mandamus
797 735 963 782 quatinus
994 733 1207 770 consiliarios
1229 754 1237 762 ·
1266 735 1431 771 officiales
1454 755 1462 763 ·
1489 735 1663 772 ministros

174 792 283 840 Regis
301 792 472 840 regnique
497 792 649 841 ejusdem
678 798 859 840 magnates
886 798 921 828 et
947 792 1034 828 alios
1051 797 1125 828 tam
1143 792 1323 840 religiosos
1341 797 1377 828 et
1394 793 1540 829 clericos
1558 807 1663 841 quam

172 850 290 897 laycos
316 850 380 885 hec
407 855 443 885 et
467 850 535 885 hiis
561 849 682 885 fimilia
708 850 948 898 presumentes
970 863 1165 897 eorumque
1187 850 1344 885 fautores
1367 850 1428 898 qui
1445 851 1664 899 necligenter

173 920 252 942 cum
274 907 410 955 pofl'ent
428 907 635 955 perturbare
649 908 831 956 perversos
844 908 965 944 fovere
980 907 1148 943 videntur
1166 934 1175 942 .
1198 913 1233 943 et
1252 906 1368 955 [ηιξ]
1387 908 1665 956 presumptiones

174 965 352 1013 predictas
370 965 405 999 in
424 964 549 1000 statum
570 964 728 1000 debitum
746 964 816 1000 fine
835 978 934 1000 more
950 964 1131 1012 dispendio
1145 964 1306 1000 studeant
1319 978 1487 1001 revocare
1502 970 1537 1001 et
1550 979 1571 1001 a
1584 979 1666 1001 con-

174 1021 339 1056 similibus
357 1022 498 1069 prorsus
516 1021 709 1057 abstineant
736 1022 772 1057 in
798 1022 956 1057 futurum
978 1041 986 1050 ·
1014 1035 1089 1057 non
1114 1022 1346 1070 impedientes
1370 1022 1445 1058 ullo
1470 1023 1577 1058 modo
1604 1036 1667 1072 per

175 1079 207 1114 se
226 1079 283 1114 vel
302 1079 389 1114 alios
409 1079 464 1114 vel
484 1079 647 1127 impediri
674 1085 845 1127 quantum
873 1080 911 1114 in
937 1079 986 1114 eis
1009 1078 1049 1115 fit
1074 1079 1320 1127 permittentes
1346 1079 1568 1116 ecclesiarum
1593 1094 1667 1116 rec-

175 1142 271 1171 tores
300 1142 335 1171 et
362 1136 508 1172 clericos
537 1137 639 1185 super
664 1135 833 1185 premissis
851 1141 887 1172 et
904 1136 981 1172 aliis
998 1137 1051 1172 uti
1072 1137 1216 1184 pacifice
1231 1136 1537 1185 jurisdictionibus
1564 1138 1668 1174 liber-

176 1194 308 1229 tatibus
336 1199 372 1229 et
399 1194 681 1229 immunitatibus
708 1194 746 1229 in
773 1194 1025 1242 temporalibus
1053 1194 1120 1229 suis
1147 1194 1248 1229 bonis
1269 1194 1375 1242 juxta
1401 1194 1667 1231 constitutiones

176 1251 364 1286 canonicas
382 1257 417 1286 et
435 1251 554 1287 civiles
572 1264 611 1286 ac
630 1251 901 1287 consuetudines
919 1251 1128 1299 approbatas
1148 1270 1156 1278 ·
1180 1264 1244 1299 per
1262 1253 1666 1288 excommunicationem

177 1309 214 1343 in
242 1309 407 1356 personas
431 1314 466 1344 et
492 1308 723 1344 interdictum
749 1309 787 1344 in
813 1309 915 1344 terris
935 1308 960 1344 fi
977 1309 1067 1356 layci
1089 1308 1222 1344 fuerint
1240 1322 1450 1356 quacunque
1468 1309 1573 1345 etiam
1593 1310 1668 1357 dig-

177 1366 297 1401 nitatis
325 1366 381 1401 vel
410 1365 587 1414 potestatis
615 1366 808 1401 eminentia
834 1366 1075 1414 prefulgentes
1093 1385 1101 1393 ·
1128 1364 1153 1400 fi
1178 1379 1264 1401 vero
1286 1366 1404 1402 clerici
1430 1366 1667 1415 cujuscunque

179 1423 360 1471 dignitatis
385 1424 516 1471 gradus
534 1423 590 1459 vel
610 1423 743 1459 ordinis
769 1437 832 1472 per
854 1424 1090 1471 privationem
1109 1423 1167 1459 vel
1190 1422 1441 1471 suspensionem
1460 1430 1667 1472 perpetuam

179 1494 199 1515 a
226 1481 481 1528 prelationibus
505 1481 734 1528 dignitatibus
762 1486 797 1516 et
824 1481 1002 1516 beneficiis
1027 1480 1257 1517 ecclesiasticis
1276 1500 1285 1508 ·
1312 1481 1526 1517 auctoritate
1552 1481 1670 1516 nostra

181 1538 314 1573 sublato
342 1537 524 1586 cujussibet
547 1538 792 1586 appellationis
817 1538 992 1574 obstaculo
1013 1557 1021 1566 ·
1044 1538 1088 1574 de
1111 1539 1219 1587 plano
1243 1543 1279 1573 et
1304 1538 1429 1585 absque
1450 1538 1668 1586 judiciorum

180 1595 325 1643 strepitu
350 1595 513 1642 quotiens
541 1596 737 1644 expedierit
754 1596 811 1631 vel
834 1596 1032 1644 oportuerit
1057 1601 1093 1631 et
1115 1596 1217 1644 super
1242 1595 1311 1631 hoc
1334 1594 1487 1642 requisiti
1504 1595 1640 1631 fueritis
1659 1615 1667 1623 ·

181 1652 400 1700 compellatis
417 1672 425 1680 ·
455 1652 615 1688 Prelatos
629 1653 879 1689 nichilominus
894 1658 929 1689 et
947 1653 1092 1689 clericos
1109 1653 1250 1701 sepefati
1268 1653 1370 1700 regni
1383 1665 1471 1700 quos
1488 1652 1670 1700 laycorum

182 1709 226 1745 ad
245 1710 516 1757 opprimendam
535 1710 694 1746 totaliter
708 1709 966 1746 ecclesiasticam
980 1710 1178 1746 libertatem
1190 1716 1226 1746 et
1239 1709 1374 1746 clerum
1388 1709 1672 1757 quandocunque

182 1780 278 1802 nunc
296 1767 354 1802 vel
382 1767 417 1801 in
441 1766 617 1815 posterum
641 1773 766 1803 contra
788 1768 1068 1816 solempnitatem
1080 1767 1304 1816 judiciariam
1323 1766 1542 1802 constiterint
1559 1767 1673 1802 inten-

183 1831 278 1860 tores
297 1843 305 1851 ·
335 1823 397 1859 nifi
421 1825 490 1860 hoc
522 1825 685 1860 celeriter
713 1825 902 1861 emendare
930 1826 1133 1861 curaverint
1158 1825 1285 1860 moniti
1315 1829 1558 1872 competenter
1591 1837 1671 1860 cum

184 1882 294 1917 literis
322 1881 447 1917 nostris
475 1882 611 1917 causam
638 1882 792 1930 ipsorum
816 1882 1103 1930 contingentibus
1120 1882 1349 1931 personaliter
1366 1882 1458 1917 infra
1474 1887 1673 1929 perempto-

185 1939 276 1974 rium
307 1939 500 1974 terminum
529 1940 577 1974 eis
598 1940 844 1988 prefigendum
863 1953 884 1975 a
900 1940 1000 1975 vobis
1023 1940 1068 1975 ad
1093 1939 1209 1975 sedem
1235 1938 1458 1987 apostolicam
1484 1938 1527 1974 ab
1552 1938 1674 1974 officiis

186 1996 433 2044 beneficiisque
452 1997 627 2045 suspensos
645 1998 766 2033 venire
785 1997 918 2045 cogatis
937 2017 945 2026 ·
964 2002 1072 2046 prout
1089 1997 1227 2045 egerint
1251 2002 1456 2044 recepturos
1471 2015 1479 2024 ·
1508 1996 1674 2031 Subditos

188 2067 327 2101 quoque
345 2067 433 2101 quos
451 2059 576 2089 contra
593 2055 746 2103 prelatos
765 2055 1031 2103 conspirationis
1044 2055 1179 2090 facinus
1193 2054 1496 2102 deprehenderitis
1509 2052 1674 2088 admififl'e

188 2123 279 2159 pena
296 2112 467 2147 canonica
484 2112 672 2160 punientes
691 2132 699 2140 ·
718 2125 793 2147 non
811 2112 967 2148 obstante
984 2111 1009 2148 fi
1026 2112 1200 2159 aliquibus
1213 2125 1338 2147 eorum
1355 2110 1498 2146 forsitan
1515 2111 1575 2146 sub
1593 2124 1674 2158 qua·

192 2181 331 2215 cunque
349 2169 463 2204 forma
480 2169 636 2205 uberiori
654 2170 868 2218 generaliter
881 2170 938 2206 vel
956 2169 1150 2218 specialiter
1167 2183 1188 2205 a
1204 2169 1283 2205 sede
1301 2168 1488 2217 apostolica
1505 2167 1544 2203 fit
1561 2167 1675 2203 indul-

190 2231 266 2261 tum
285 2227 380 2273 quod
399 2227 699 2263 excommunicari
717 2227 775 2263 vel
799 2227 957 2276 suspendi
984 2240 1058 2263 non
1084 2227 1224 2275 pofl'unt
1242 2226 1299 2262 vel
1317 2226 1472 2274 ipsorum
1490 2231 1582 2260 terre
1601 2224 1674 2259 sub-

921 2288 943 2319 2
962 2297 986 2320 U
