<?xml version="1.0" encoding="UTF-8"?>
<!DOCTYPE html PUBLIC "-//W3C//DTD XHTML 1.0 Transitional//EN"
    "http://www.w3.org/TR/xhtml1/DTD/xhtml1-transitional.dtd">
<html xmlns="http://www.w3.org/1999/xhtml" xml:lang="en" lang="en">
 <head>
  <title>
</title>
<meta http-equiv="Content-Type" content="text/html;charset=utf-8" />
  <meta name='ocr-system' content='tesseract 3.04.00' />
  <meta name='ocr-capabilities' content='ocr_page ocr_carea ocr_par ocr_line ocrx_word'/>
</head>
<body>
  <div class='ocr_page' id='page_1' title='image "./registrumepisc5800morauoft_0159.png"; bbox 0 0 2066 2780; ppageno 0'>
   <div class='ocr_carea' id='block_1_1' title="bbox 100 1436 147 1471">
    <p class='ocr_par' dir='ltr' id='par_1_1' title="bbox 100 1436 147 1471">
     <span class='ocr_line' id='line_1_1' title="bbox 100 1436 147 1471; baseline 0 0"><span class='ocrx_word' id='word_1_1' title='bbox 100 1436 147 1471; x_wconf 75' lang='lat'>49</span> 
     </span>
    </p>
   </div>
   <div class='ocr_carea' id='block_1_2' title="bbox 576 129 1664 169">
    <p class='ocr_par' dir='ltr' id='par_1_2' title="bbox 576 129 1664 169">
     <span class='ocr_line' id='line_1_2' title="bbox 576 129 1664 169; baseline 0.005 -5"><span class='ocrx_word' id='word_1_2' title='bbox 576 129 891 165; x_wconf 86' lang='lat' dir='ltr'><strong>REGISTRUM</strong></span> <span class='ocrx_word' id='word_1_3' title='bbox 919 129 1281 166; x_wconf 87' lang='lat' dir='ltr'><strong>MORAVIENSE.</strong></span> <span class='ocrx_word' id='word_1_4' title='bbox 1619 137 1664 169; x_wconf 91' lang='lat'>51</span> 
     </span>
    </p>
   </div>
   <div class='ocr_carea' id='block_1_3' title="bbox 174 227 1674 1194">
    <p class='ocr_par' dir='ltr' id='par_1_3' title="bbox 174 227 1674 1194">
     <span class='ocr_line' id='line_1_3' title="bbox 177 227 1668 276; baseline 0.001 -11"><span class='ocrx_word' id='word_1_5' title='bbox 177 229 385 265; x_wconf 82' lang='lat' dir='ltr'><strong>mandamus</strong></span> <span class='ocrx_word' id='word_1_6' title='bbox 414 227 644 276; x_wconf 85' lang='lat' dir='ltr'>precipiendo</span> <span class='ocrx_word' id='word_1_7' title='bbox 670 227 837 274; x_wconf 82' lang='lat' dir='ltr'><strong>quatinus</strong></span> <span class='ocrx_word' id='word_1_8' title='bbox 863 227 1053 262; x_wconf 88' lang='lat' dir='ltr'>canonicos</span> <span class='ocrx_word' id='word_1_9' title='bbox 1079 227 1158 262; x_wconf 89' lang='lat' dir='ltr'>illos</span> <span class='ocrx_word' id='word_1_10' title='bbox 1184 228 1245 274; x_wconf 91' lang='lat' dir='ltr'>qui</span> <span class='ocrx_word' id='word_1_11' title='bbox 1271 228 1304 263; x_wconf 87' lang='lat' dir='ltr'>se</span> <span class='ocrx_word' id='word_1_12' title='bbox 1331 228 1500 276; x_wconf 85' lang='lat' dir='ltr'>obsequiis</span> <span class='ocrx_word' id='word_1_13' title='bbox 1528 229 1668 267; x_wconf 77' lang='lat' dir='ltr'>ecclesie</span> 
     </span>
     <span class='ocr_line' id='line_1_4' title="bbox 176 284 1669 323; baseline 0.001 -2"><span class='ocrx_word' id='word_1_14' title='bbox 176 286 287 322; x_wconf 90' lang='lat' dir='ltr'>vestre</span> <span class='ocrx_word' id='word_1_15' title='bbox 311 285 494 320; x_wconf 82' lang='lat' dir='ltr'>absentant</span> <span class='ocrx_word' id='word_1_16' title='bbox 523 284 670 320; x_wconf 84' lang='lat' dir='ltr'>sollicite</span> <span class='ocrx_word' id='word_1_17' title='bbox 698 284 873 320; x_wconf 88' lang='lat' dir='ltr'>moneatis</span> <span class='ocrx_word' id='word_1_18' title='bbox 901 289 937 320; x_wconf 92' lang='lat' dir='ltr'>et</span> <span class='ocrx_word' id='word_1_19' title='bbox 962 284 1133 320; x_wconf 87' lang='lat' dir='ltr'>inducere</span> <span class='ocrx_word' id='word_1_20' title='bbox 1168 285 1282 319; x_wconf 86' lang='lat' dir='ltr'>modis</span> <span class='ocrx_word' id='word_1_21' title='bbox 1312 286 1476 321; x_wconf 90' lang='lat' dir='ltr'>omnibus</span> <span class='ocrx_word' id='word_1_22' title='bbox 1503 287 1669 323; x_wconf 81' lang='lat' dir='ltr'>laboretis</span> 
     </span>
     <span class='ocr_line' id='line_1_5' title="bbox 175 341 1669 390; baseline 0.001 -12"><span class='ocrx_word' id='word_1_23' title='bbox 175 348 217 379; x_wconf 89' lang='lat' dir='ltr'>ut</span> <span class='ocrx_word' id='word_1_24' title='bbox 234 341 319 378; x_wconf 92' lang='lat' dir='ltr'>ficut</span> <span class='ocrx_word' id='word_1_25' title='bbox 336 342 494 390; x_wconf 85' lang='lat' dir='ltr'>gaudent</span> <span class='ocrx_word' id='word_1_26' title='bbox 513 342 556 377; x_wconf 90' lang='lat' dir='ltr'>de</span> <span class='ocrx_word' id='word_1_27' title='bbox 574 347 718 390; x_wconf 89' lang='lat' dir='ltr'>accepta</span> <span class='ocrx_word' id='word_1_28' title='bbox 732 355 813 377; x_wconf 93' lang='lat' dir='ltr'>cum</span> <span class='ocrx_word' id='word_1_29' title='bbox 831 342 1035 389; x_wconf 84' lang='lat' dir='ltr'>integritate</span> <span class='ocrx_word' id='word_1_30' title='bbox 1053 341 1236 389; x_wconf 88' lang='lat' dir='ltr'>prebenda</span> <span class='ocrx_word' id='word_1_31' title='bbox 1262 361 1270 369; x_wconf 93' lang='lat'><em>·</em></span> <span class='ocrx_word' id='word_1_32' title='bbox 1299 342 1348 377; x_wconf 91' lang='lat' dir='ltr'>ita</span> <span class='ocrx_word' id='word_1_33' title='bbox 1360 355 1423 389; x_wconf 90' lang='lat' dir='ltr'>per</span> <span class='ocrx_word' id='word_1_34' title='bbox 1438 343 1526 390; x_wconf 89' lang='lat' dir='ltr'>ipsos</span> <span class='ocrx_word' id='word_1_35' title='bbox 1540 343 1669 380; x_wconf 85' lang='lat' dir='ltr'>affidue</span> 
     </span>
     <span class='ocr_line' id='line_1_6' title="bbox 175 398 1670 448; baseline 0.001 -14"><span class='ocrx_word' id='word_1_36' title='bbox 175 405 236 434; x_wconf 90' lang='lat' dir='ltr'>aut</span> <span class='ocrx_word' id='word_1_37' title='bbox 253 412 317 447; x_wconf 89' lang='lat' dir='ltr'>per</span> <span class='ocrx_word' id='word_1_38' title='bbox 334 399 506 448; x_wconf 91' lang='lat' dir='ltr'>majorem</span> <span class='ocrx_word' id='word_1_39' title='bbox 524 405 661 447; x_wconf 89' lang='lat' dir='ltr'>partem</span> <span class='ocrx_word' id='word_1_40' title='bbox 680 399 765 434; x_wconf 89' lang='lat' dir='ltr'>anni</span> <span class='ocrx_word' id='word_1_41' title='bbox 789 398 930 435; x_wconf 90' lang='lat' dir='ltr'>ecclefie</span> <span class='ocrx_word' id='word_1_42' title='bbox 950 398 1062 434; x_wconf 89' lang='lat' dir='ltr'>vestre</span> <span class='ocrx_word' id='word_1_43' title='bbox 1090 398 1288 434; x_wconf 86' lang='lat' dir='ltr'>deserviant</span> <span class='ocrx_word' id='word_1_44' title='bbox 1319 418 1328 426; x_wconf 89' lang='lat'><strong>·</strong></span> <span class='ocrx_word' id='word_1_45' title='bbox 1357 400 1454 446; x_wconf 91' lang='lat' dir='ltr'>quod</span> <span class='ocrx_word' id='word_1_46' title='bbox 1478 398 1501 434; x_wconf 90' lang='lat' dir='ltr'>fi</span> <span class='ocrx_word' id='word_1_47' title='bbox 1527 401 1670 436; x_wconf 88' lang='lat' dir='ltr'>monitis</span> 
     </span>
     <span class='ocr_line' id='line_1_7' title="bbox 174 455 1671 504; baseline 0.001 -13"><span class='ocrx_word' id='word_1_48' title='bbox 174 455 295 492; x_wconf 88' lang='lat' dir='ltr'>vestris</span> <span class='ocrx_word' id='word_1_49' title='bbox 321 469 446 504; x_wconf 88' lang='lat' dir='ltr'>parere</span> <span class='ocrx_word' id='word_1_50' title='bbox 472 457 749 504; x_wconf 86' lang='lat' dir='ltr'>contempserint</span> <span class='ocrx_word' id='word_1_51' title='bbox 776 461 812 492; x_wconf 93' lang='lat' dir='ltr'>et</span> <span class='ocrx_word' id='word_1_52' title='bbox 829 456 867 491; x_wconf 92' lang='lat' dir='ltr'>in</span> <span class='ocrx_word' id='word_1_53' title='bbox 886 457 1010 492; x_wconf 88' lang='lat' dir='ltr'>eadem</span> <span class='ocrx_word' id='word_1_54' title='bbox 1029 455 1171 491; x_wconf 90' lang='lat' dir='ltr'>ecclefia</span> <span class='ocrx_word' id='word_1_55' title='bbox 1188 469 1263 491; x_wconf 90' lang='lat' dir='ltr'>non</span> <span class='ocrx_word' id='word_1_56' title='bbox 1280 456 1414 492; x_wconf 87' lang='lat' dir='ltr'>fuerint</span> <span class='ocrx_word' id='word_1_57' title='bbox 1431 455 1553 491; x_wconf 85' lang='lat' dir='ltr'>affidui</span> <span class='ocrx_word' id='word_1_58' title='bbox 1577 477 1585 485; x_wconf 90' lang='lat'><strong>·</strong></span> <span class='ocrx_word' id='word_1_59' title='bbox 1610 463 1671 493; x_wconf 88' lang='lat' dir='ltr'>aut</span> 
     </span>
     <span class='ocr_line' id='line_1_8' title="bbox 174 512 1671 562; baseline -0.001 -13"><span class='ocrx_word' id='word_1_60' title='bbox 174 526 238 561; x_wconf 90' lang='lat' dir='ltr'>per</span> <span class='ocrx_word' id='word_1_61' title='bbox 256 513 426 562; x_wconf 89' lang='lat' dir='ltr'>majorem</span> <span class='ocrx_word' id='word_1_62' title='bbox 446 520 584 562; x_wconf 87' lang='lat' dir='ltr'>partem</span> <span class='ocrx_word' id='word_1_63' title='bbox 602 514 687 549; x_wconf 89' lang='lat' dir='ltr'>anni</span> <span class='ocrx_word' id='word_1_64' title='bbox 706 514 821 549; x_wconf 92' lang='lat' dir='ltr'>eidem</span> <span class='ocrx_word' id='word_1_65' title='bbox 840 512 980 549; x_wconf 88' lang='lat' dir='ltr'>ecclefie</span> <span class='ocrx_word' id='word_1_66' title='bbox 999 526 1074 549; x_wconf 92' lang='lat' dir='ltr'>non</span> <span class='ocrx_word' id='word_1_67' title='bbox 1093 513 1323 549; x_wconf 84' lang='lat' dir='ltr'>deservierint</span> <span class='ocrx_word' id='word_1_68' title='bbox 1350 532 1358 540; x_wconf 93' lang='lat'><strong>·</strong></span> <span class='ocrx_word' id='word_1_69' title='bbox 1388 526 1448 548; x_wconf 88' lang='lat' dir='ltr'>eos</span> <span class='ocrx_word' id='word_1_70' title='bbox 1466 513 1502 548; x_wconf 88' lang='lat' dir='ltr'>in</span> <span class='ocrx_word' id='word_1_71' title='bbox 1521 514 1671 561; x_wconf 83' lang='lat' dir='ltr'>propriis</span> 
     </span>
     <span class='ocr_line' id='line_1_9' title="bbox 175 570 1672 619; baseline 0.001 -14"><span class='ocrx_word' id='word_1_72' title='bbox 175 570 353 606; x_wconf 88' lang='lat' dir='ltr'>beneficiis</span> <span class='ocrx_word' id='word_1_73' title='bbox 379 577 487 619; x_wconf 91' lang='lat' dir='ltr'>prout</span> <span class='ocrx_word' id='word_1_74' title='bbox 513 571 674 607; x_wconf 88' lang='lat' dir='ltr'>videritis</span> <span class='ocrx_word' id='word_1_75' title='bbox 700 571 868 619; x_wconf 87' lang='lat' dir='ltr'>expedire</span> <span class='ocrx_word' id='word_1_76' title='bbox 891 571 1049 606; x_wconf 87' lang='lat' dir='ltr'>multetis</span> <span class='ocrx_word' id='word_1_77' title='bbox 1077 590 1085 598; x_wconf 93' lang='lat'><strong>·</strong></span> <span class='ocrx_word' id='word_1_78' title='bbox 1115 571 1174 606; x_wconf 92' lang='lat' dir='ltr'>Illi</span> <span class='ocrx_word' id='word_1_79' title='bbox 1192 576 1312 606; x_wconf 90' lang='lat' dir='ltr'>autem</span> <span class='ocrx_word' id='word_1_80' title='bbox 1331 571 1391 618; x_wconf 89' lang='lat' dir='ltr'>qui</span> <span class='ocrx_word' id='word_1_81' title='bbox 1410 571 1453 606; x_wconf 93' lang='lat' dir='ltr'>de</span> <span class='ocrx_word' id='word_1_82' title='bbox 1472 571 1589 618; x_wconf 87' lang='lat' dir='ltr'>aliquo</span> <span class='ocrx_word' id='word_1_83' title='bbox 1608 571 1672 606; x_wconf 87' lang='lat' dir='ltr'>cri-</span> 
     </span>
     <span class='ocr_line' id='line_1_10' title="bbox 174 628 1672 677; baseline 0.001 -15"><span class='ocrx_word' id='word_1_84' title='bbox 174 628 269 663; x_wconf 90' lang='lat' dir='ltr'>mine</span> <span class='ocrx_word' id='word_1_85' title='bbox 288 628 447 664; x_wconf 86' lang='lat' dir='ltr'>infamati</span> <span class='ocrx_word' id='word_1_86' title='bbox 465 629 498 664; x_wconf 89' lang='lat' dir='ltr'>se</span> <span class='ocrx_word' id='word_1_87' title='bbox 515 642 670 677; x_wconf 87' lang='lat' dir='ltr'>purgare</span> <span class='ocrx_word' id='word_1_88' title='bbox 688 629 870 664; x_wconf 91' lang='lat' dir='ltr'>voluerint</span> <span class='ocrx_word' id='word_1_89' title='bbox 889 648 897 656; x_wconf 94' lang='lat'><strong>·</strong></span> <span class='ocrx_word' id='word_1_90' title='bbox 916 628 1111 664; x_wconf 90' lang='lat' dir='ltr'>secundum</span> <span class='ocrx_word' id='word_1_91' title='bbox 1125 629 1287 664; x_wconf 89' lang='lat' dir='ltr'>ordinem</span> <span class='ocrx_word' id='word_1_92' title='bbox 1303 628 1403 664; x_wconf 92' lang='lat' dir='ltr'>suum</span> <span class='ocrx_word' id='word_1_93' title='bbox 1418 634 1453 663; x_wconf 93' lang='lat' dir='ltr'>et</span> <span class='ocrx_word' id='word_1_94' title='bbox 1466 628 1672 676; x_wconf 86' lang='lat' dir='ltr'>qualitatem</span> 
     </span>
     <span class='ocr_line' id='line_1_11' title="bbox 174 685 1673 734; baseline 0.001 -14"><span class='ocrx_word' id='word_1_95' title='bbox 174 691 210 720; x_wconf 91' lang='lat' dir='ltr'>et</span> <span class='ocrx_word' id='word_1_96' title='bbox 227 686 462 732; x_wconf 88' lang='lat' dir='ltr'>quantitatem</span> <span class='ocrx_word' id='word_1_97' title='bbox 481 686 603 722; x_wconf 69' lang='lat' dir='ltr'>deliffl</span> <span class='ocrx_word' id='word_1_98' title='bbox 621 686 718 721; x_wconf 90' lang='lat' dir='ltr'>suam</span> <span class='ocrx_word' id='word_1_99' title='bbox 735 686 978 722; x_wconf 84' lang='lat' dir='ltr'>innocentiam</span> <span class='ocrx_word' id='word_1_100' title='bbox 996 691 1153 734; x_wconf 84' lang='lat' dir='ltr'>purgent</span> <span class='ocrx_word' id='word_1_101' title='bbox 1183 705 1192 714; x_wconf 89' lang='lat'><strong>·</strong></span> <span class='ocrx_word' id='word_1_102' title='bbox 1222 691 1256 721; x_wconf 92' lang='lat' dir='ltr'>et</span> <span class='ocrx_word' id='word_1_103' title='bbox 1274 692 1348 721; x_wconf 89' lang='lat' dir='ltr'>tam</span> <span class='ocrx_word' id='word_1_104' title='bbox 1366 686 1433 721; x_wconf 88' lang='lat' dir='ltr'>hiis</span> <span class='ocrx_word' id='word_1_105' title='bbox 1453 686 1514 733; x_wconf 91' lang='lat' dir='ltr'>qui</span> <span class='ocrx_word' id='word_1_106' title='bbox 1537 685 1570 721; x_wconf 91' lang='lat' dir='ltr'>se</span> <span class='ocrx_word' id='word_1_107' title='bbox 1591 699 1673 733; x_wconf 91' lang='lat' dir='ltr'>pur-</span> 
     </span>
     <span class='ocr_line' id='line_1_12' title="bbox 174 743 1673 791; baseline 0 -13"><span class='ocrx_word' id='word_1_108' title='bbox 174 755 258 790; x_wconf 87' lang='lat' dir='ltr'>gare</span> <span class='ocrx_word' id='word_1_109' title='bbox 284 756 360 778; x_wconf 93' lang='lat' dir='ltr'>non</span> <span class='ocrx_word' id='word_1_110' title='bbox 385 744 527 791; x_wconf 84' lang='lat' dir='ltr'>pofl&#39;unt</span> <span class='ocrx_word' id='word_1_111' title='bbox 554 763 562 771; x_wconf 94' lang='lat'><strong>·</strong></span> <span class='ocrx_word' id='word_1_112' title='bbox 590 756 696 791; x_wconf 91' lang='lat' dir='ltr'>quam</span> <span class='ocrx_word' id='word_1_113' title='bbox 720 744 846 779; x_wconf 89' lang='lat' dir='ltr'>ceteris</span> <span class='ocrx_word' id='word_1_114' title='bbox 868 743 928 791; x_wconf 91' lang='lat' dir='ltr'>qui</span> <span class='ocrx_word' id='word_1_115' title='bbox 952 744 998 778; x_wconf 89' lang='lat' dir='ltr'>ad</span> <span class='ocrx_word' id='word_1_116' title='bbox 1022 743 1146 779; x_wconf 90' lang='lat' dir='ltr'>eadem</span> <span class='ocrx_word' id='word_1_117' title='bbox 1165 744 1315 779; x_wconf 89' lang='lat' dir='ltr'>crimina</span> <span class='ocrx_word' id='word_1_118' title='bbox 1332 756 1400 791; x_wconf 88' lang='lat' dir='ltr'>que</span> <span class='ocrx_word' id='word_1_119' title='bbox 1419 743 1673 791; x_wconf 88' lang='lat' dir='ltr'>abjuraverunt</span> 
     </span>
     <span class='ocr_line' id='line_1_13' title="bbox 174 800 1672 850; baseline 0 -15"><span class='ocrx_word' id='word_1_120' title='bbox 174 813 249 835; x_wconf 91' lang='lat' dir='ltr'>non</span> <span class='ocrx_word' id='word_1_121' title='bbox 267 800 489 836; x_wconf 89' lang='lat' dir='ltr'>erubuerunt</span> <span class='ocrx_word' id='word_1_122' title='bbox 507 801 639 837; x_wconf 87' lang='lat' dir='ltr'>reverti</span> <span class='ocrx_word' id='word_1_123' title='bbox 659 820 667 828; x_wconf 95' lang='lat'><strong>·</strong></span> <span class='ocrx_word' id='word_1_124' title='bbox 686 814 816 849; x_wconf 87' lang='lat' dir='ltr'>penam</span> <span class='ocrx_word' id='word_1_125' title='bbox 834 800 921 836; x_wconf 90' lang='lat' dir='ltr'>ficut</span> <span class='ocrx_word' id='word_1_126' title='bbox 934 801 1095 837; x_wconf 85' lang='lat' dir='ltr'>videritis</span> <span class='ocrx_word' id='word_1_127' title='bbox 1109 801 1277 850; x_wconf 88' lang='lat' dir='ltr'>expedire</span> <span class='ocrx_word' id='word_1_128' title='bbox 1286 801 1392 849; x_wconf 88' lang='lat' dir='ltr'>juxta</span> <span class='ocrx_word' id='word_1_129' title='bbox 1404 801 1553 836; x_wconf 92' lang='lat' dir='ltr'>modum</span> <span class='ocrx_word' id='word_1_130' title='bbox 1568 801 1672 849; x_wconf 87' lang='lat' dir='ltr'>culpe</span> 
     </span>
     <span class='ocr_line' id='line_1_14' title="bbox 174 858 1673 907; baseline 0 -15"><span class='ocrx_word' id='word_1_131' title='bbox 174 858 336 906; x_wconf 86' lang='lat' dir='ltr'>infligere</span> <span class='ocrx_word' id='word_1_132' title='bbox 354 871 428 893; x_wconf 92' lang='lat' dir='ltr'>non</span> <span class='ocrx_word' id='word_1_133' title='bbox 446 858 663 907; x_wconf 88' lang='lat' dir='ltr'>postponatis</span> <span class='ocrx_word' id='word_1_134' title='bbox 682 878 690 886; x_wconf 96' lang='lat'><strong>·</strong></span> <span class='ocrx_word' id='word_1_135' title='bbox 710 864 746 895; x_wconf 88' lang='lat' dir='ltr'>et</span> <span class='ocrx_word' id='word_1_136' title='bbox 764 859 915 894; x_wconf 90' lang='lat' dir='ltr'>eandem</span> <span class='ocrx_word' id='word_1_137' title='bbox 934 858 1181 894; x_wconf 89' lang='lat' dir='ltr'>discretionem</span> <span class='ocrx_word' id='word_1_138' title='bbox 1196 864 1232 894; x_wconf 88' lang='lat' dir='ltr'>et</span> <span class='ocrx_word' id='word_1_139' title='bbox 1246 858 1529 894; x_wconf 87' lang='lat' dir='ltr'>moderationem</span> <span class='ocrx_word' id='word_1_140' title='bbox 1545 858 1582 893; x_wconf 88' lang='lat' dir='ltr'>in</span> <span class='ocrx_word' id='word_1_141' title='bbox 1600 871 1673 893; x_wconf 90' lang='lat' dir='ltr'>om-</span> 
     </span>
     <span class='ocr_line' id='line_1_15' title="bbox 175 915 1673 964; baseline 0 -14"><span class='ocrx_word' id='word_1_142' title='bbox 175 915 279 951; x_wconf 87' lang='lat' dir='ltr'>nibus</span> <span class='ocrx_word' id='word_1_143' title='bbox 296 916 363 951; x_wconf 85' lang='lat' dir='ltr'>hiis</span> <span class='ocrx_word' id='word_1_144' title='bbox 381 916 538 952; x_wconf 88' lang='lat' dir='ltr'>habeatis</span> <span class='ocrx_word' id='word_1_145' title='bbox 564 935 572 944; x_wconf 91' lang='lat'><strong>·</strong></span> <span class='ocrx_word' id='word_1_146' title='bbox 600 922 641 952; x_wconf 89' lang='lat' dir='ltr'>ut</span> <span class='ocrx_word' id='word_1_147' title='bbox 662 917 739 952; x_wconf 90' lang='lat' dir='ltr'>zelo</span> <span class='ocrx_word' id='word_1_148' title='bbox 763 916 990 952; x_wconf 68' lang='lat' dir='ltr'>rectitudinis</span> <span class='ocrx_word' id='word_1_149' title='bbox 1015 921 1050 952; x_wconf 92' lang='lat' dir='ltr'>et</span> <span class='ocrx_word' id='word_1_150' title='bbox 1074 915 1298 952; x_wconf 81' lang='lat' dir='ltr'>ecclesiastice</span> <span class='ocrx_word' id='word_1_151' title='bbox 1311 915 1445 964; x_wconf 89' lang='lat' dir='ltr'>justitie</span> <span class='ocrx_word' id='word_1_152' title='bbox 1463 928 1537 950; x_wconf 91' lang='lat' dir='ltr'>non</span> <span class='ocrx_word' id='word_1_153' title='bbox 1560 915 1673 950; x_wconf 90' lang='lat' dir='ltr'>livore</span> 
     </span>
     <span class='ocr_line' id='line_1_16' title="bbox 175 972 1674 1022; baseline 0 -15"><span class='ocrx_word' id='word_1_154' title='bbox 175 973 308 1008; x_wconf 88' lang='lat' dir='ltr'>invidie</span> <span class='ocrx_word' id='word_1_155' title='bbox 334 973 527 1009; x_wconf 91' lang='lat' dir='ltr'>videamini</span> <span class='ocrx_word' id='word_1_156' title='bbox 553 974 742 1022; x_wconf 87' lang='lat' dir='ltr'>provocari</span> <span class='ocrx_word' id='word_1_157' title='bbox 767 993 775 1002; x_wconf 92' lang='lat'>·</span> <span class='ocrx_word' id='word_1_158' title='bbox 803 979 838 1010; x_wconf 91' lang='lat' dir='ltr'>et</span> <span class='ocrx_word' id='word_1_159' title='bbox 856 972 1032 1010; x_wconf 90' lang='lat' dir='ltr'>converfis</span> <span class='ocrx_word' id='word_1_160' title='bbox 1049 973 1169 1010; x_wconf 92' lang='lat' dir='ltr'>locum</span> <span class='ocrx_word' id='word_1_161' title='bbox 1187 973 1421 1009; x_wconf 89' lang='lat' dir='ltr'>satisfaciendi</span> <span class='ocrx_word' id='word_1_162' title='bbox 1439 978 1475 1009; x_wconf 91' lang='lat' dir='ltr'>et</span> <span class='ocrx_word' id='word_1_163' title='bbox 1493 973 1530 1008; x_wconf 94' lang='lat' dir='ltr'>in</span> <span class='ocrx_word' id='word_1_164' title='bbox 1547 973 1674 1008; x_wconf 90' lang='lat' dir='ltr'>melius</span> 
     </span>
     <span class='ocr_line' id='line_1_17' title="bbox 175 1030 1674 1080; baseline -0.001 -14"><span class='ocrx_word' id='word_1_165' title='bbox 175 1031 389 1066; x_wconf 90' lang='lat' dir='ltr'>emendandi</span> <span class='ocrx_word' id='word_1_166' title='bbox 407 1031 586 1066; x_wconf 80' lang='lat' dir='ltr'>commissa</span> <span class='ocrx_word' id='word_1_167' title='bbox 603 1051 612 1059; x_wconf 89' lang='lat'><strong>·</strong></span> <span class='ocrx_word' id='word_1_168' title='bbox 632 1032 883 1067; x_wconf 87' lang='lat' dir='ltr'>convertendis</span> <span class='ocrx_word' id='word_1_169' title='bbox 901 1037 1020 1067; x_wconf 88' lang='lat' dir='ltr'>autem</span> <span class='ocrx_word' id='word_1_170' title='bbox 1039 1031 1110 1080; x_wconf 89' lang='lat' dir='ltr'>spei</span> <span class='ocrx_word' id='word_1_171' title='bbox 1131 1031 1294 1067; x_wconf 91' lang='lat' dir='ltr'>solatium</span> <span class='ocrx_word' id='word_1_172' title='bbox 1313 1036 1349 1067; x_wconf 92' lang='lat' dir='ltr'>et</span> <span class='ocrx_word' id='word_1_173' title='bbox 1366 1031 1590 1078; x_wconf 82' lang='lat' dir='ltr'>indulgentie</span> <span class='ocrx_word' id='word_1_174' title='bbox 1614 1030 1674 1066; x_wconf 92' lang='lat' dir='ltr'>tri-</span> 
     </span>
     <span class='ocr_line' id='line_1_18' title="bbox 174 1087 1672 1137; baseline 0 -14"><span class='ocrx_word' id='word_1_175' title='bbox 174 1088 290 1123; x_wconf 88' lang='lat' dir='ltr'>buatis</span> <span class='ocrx_word' id='word_1_176' title='bbox 314 1108 322 1116; x_wconf 92' lang='lat'><strong>·</strong></span> <span class='ocrx_word' id='word_1_177' title='bbox 346 1089 394 1124; x_wconf 89' lang='lat' dir='ltr'>Et</span> <span class='ocrx_word' id='word_1_178' title='bbox 419 1089 528 1125; x_wconf 89' lang='lat' dir='ltr'>ceteri</span> <span class='ocrx_word' id='word_1_179' title='bbox 556 1089 625 1124; x_wconf 86' lang='lat' dir='ltr'>hoc</span> <span class='ocrx_word' id='word_1_180' title='bbox 649 1089 834 1125; x_wconf 86' lang='lat' dir='ltr'>audientes</span> <span class='ocrx_word' id='word_1_181' title='bbox 859 1102 905 1125; x_wconf 90' lang='lat' dir='ltr'>ne</span> <span class='ocrx_word' id='word_1_182' title='bbox 932 1089 1018 1125; x_wconf 89' lang='lat' dir='ltr'>dum</span> <span class='ocrx_word' id='word_1_183' title='bbox 1044 1087 1106 1137; x_wconf 91' lang='lat' dir='ltr'>ipfi</span> <span class='ocrx_word' id='word_1_184' title='bbox 1129 1089 1279 1125; x_wconf 86' lang='lat' dir='ltr'>timeant</span> <span class='ocrx_word' id='word_1_185' title='bbox 1300 1087 1423 1124; x_wconf 85' lang='lat' dir='ltr'>fimilia</span> <span class='ocrx_word' id='word_1_186' title='bbox 1440 1093 1645 1137; x_wconf 89' lang='lat' dir='ltr'>perpetrare</span> <span class='ocrx_word' id='word_1_187' title='bbox 1664 1107 1672 1115; x_wconf 89' lang='lat'><strong>·</strong></span> 
     </span>
     <span class='ocr_line' id='line_1_19' title="bbox 176 1146 938 1194; baseline 0.001 -13"><span class='ocrx_word' id='word_1_188' title='bbox 176 1146 314 1182; x_wconf 87' lang='lat' dir='ltr'>Datum</span> <span class='ocrx_word' id='word_1_189' title='bbox 333 1146 479 1182; x_wconf 88' lang='lat' dir='ltr'>Tusculi</span> <span class='ocrx_word' id='word_1_190' title='bbox 497 1166 505 1174; x_wconf 93' lang='lat'><strong>·</strong></span> <span class='ocrx_word' id='word_1_191' title='bbox 524 1151 573 1182; x_wconf 89' lang='lat' dir='ltr'>v⁰·</span> <span class='ocrx_word' id='word_1_192' title='bbox 595 1146 682 1182; x_wconf 89' lang='lat' dir='ltr'>Idus</span> <span class='ocrx_word' id='word_1_193' title='bbox 701 1146 915 1194; x_wconf 86' lang='lat' dir='ltr'>Septembris</span> <span class='ocrx_word' id='word_1_194' title='bbox 930 1166 938 1174; x_wconf 92' lang='lat'><strong>·</strong></span> 
     </span>
    </p>
   </div>
   <div class='ocr_carea' id='block_1_4' title="bbox 176 1318 1286 1368">
    <p class='ocr_par' dir='ltr' id='par_1_4' title="bbox 176 1318 1286 1368">
     <span class='ocr_line' id='line_1_20' title="bbox 176 1318 1286 1368; baseline 0 -14"><span class='ocrx_word' id='word_1_195' title='bbox 176 1318 456 1356; x_wconf 88' lang='lat' dir='ltr'>Constitutiones</span> <span class='ocrx_word' id='word_1_196' title='bbox 475 1320 753 1368; x_wconf 86' lang='lat' dir='ltr'>Lyncolnienses</span> <span class='ocrx_word' id='word_1_197' title='bbox 765 1339 773 1347; x_wconf 93' lang='lat'><strong>·</strong></span> <span class='ocrx_word' id='word_1_198' title='bbox 790 1325 826 1356; x_wconf 93' lang='lat' dir='ltr'>et</span> <span class='ocrx_word' id='word_1_199' title='bbox 843 1320 998 1368; x_wconf 89' lang='lat' dir='ltr'>capitula</span> <span class='ocrx_word' id='word_1_200' title='bbox 1016 1320 1060 1356; x_wconf 93' lang='lat' dir='ltr'>de</span> <span class='ocrx_word' id='word_1_201' title='bbox 1078 1318 1264 1356; x_wconf 75' lang='lat' dir='ltr'>residentia</span> <span class='ocrx_word' id='word_1_202' title='bbox 1278 1339 1286 1347; x_wconf 91' lang='lat'><strong>·</strong></span> 
     </span>
    </p>
   </div>
   <div class='ocr_carea' id='block_1_5' title="bbox 175 1432 1675 1771">
    <p class='ocr_par' dir='ltr' id='par_1_5' title="bbox 175 1432 1675 1771">
     <span class='ocr_line' id='line_1_21' title="bbox 176 1432 1672 1483; baseline -0.001 -13"><span class='ocrx_word' id='word_1_203' title='bbox 176 1434 257 1470; x_wconf 92' lang='lat' dir='ltr'>Hec</span> <span class='ocrx_word' id='word_1_204' title='bbox 285 1435 364 1470; x_wconf 87' lang='lat' dir='ltr'>sunt</span> <span class='ocrx_word' id='word_1_205' title='bbox 390 1436 428 1470; x_wconf 88' lang='lat' dir='ltr'>in</span> <span class='ocrx_word' id='word_1_206' title='bbox 454 1441 555 1483; x_wconf 87' lang='lat' dir='ltr'>parte</span> <span class='ocrx_word' id='word_1_207' title='bbox 582 1435 855 1471; x_wconf 88' lang='lat' dir='ltr'>consuetudines</span> <span class='ocrx_word' id='word_1_208' title='bbox 879 1440 915 1470; x_wconf 90' lang='lat' dir='ltr'>et</span> <span class='ocrx_word' id='word_1_209' title='bbox 937 1435 1200 1471; x_wconf 88' lang='lat' dir='ltr'>observationes</span> <span class='ocrx_word' id='word_1_210' title='bbox 1218 1432 1487 1482; x_wconf 86' lang='lat' dir='ltr'>Lyncolnienfis</span> <span class='ocrx_word' id='word_1_211' title='bbox 1505 1432 1644 1469; x_wconf 80' lang='lat' dir='ltr'>ecclesie</span> <span class='ocrx_word' id='word_1_212' title='bbox 1664 1452 1672 1461; x_wconf 88' lang='lat'><strong>·</strong></span> 
     </span>
     <span class='ocr_line' id='line_1_22' title="bbox 175 1489 1675 1540; baseline -0.001 -14"><span class='ocrx_word' id='word_1_213' title='bbox 175 1491 305 1528; x_wconf 89' lang='lat' dir='ltr'>scilicet</span> <span class='ocrx_word' id='word_1_214' title='bbox 330 1493 427 1540; x_wconf 91' lang='lat' dir='ltr'>quod</span> <span class='ocrx_word' id='word_1_215' title='bbox 453 1493 602 1540; x_wconf 87' lang='lat' dir='ltr'>quilibet</span> <span class='ocrx_word' id='word_1_216' title='bbox 628 1493 821 1529; x_wconf 89' lang='lat' dir='ltr'>canonicus</span> <span class='ocrx_word' id='word_1_217' title='bbox 848 1512 856 1520; x_wconf 93' lang='lat'><strong>·</strong></span> <span class='ocrx_word' id='word_1_218' title='bbox 888 1491 957 1528; x_wconf 90' lang='lat' dir='ltr'>five</span> <span class='ocrx_word' id='word_1_219' title='bbox 989 1493 1098 1528; x_wconf 90' lang='lat' dir='ltr'>fuerit</span> <span class='ocrx_word' id='word_1_220' title='bbox 1123 1492 1161 1527; x_wconf 92' lang='lat' dir='ltr'>in</span> <span class='ocrx_word' id='word_1_221' title='bbox 1185 1491 1375 1540; x_wconf 88' lang='lat' dir='ltr'>personatu</span> <span class='ocrx_word' id='word_1_222' title='bbox 1401 1489 1470 1526; x_wconf 90' lang='lat' dir='ltr'>five</span> <span class='ocrx_word' id='word_1_223' title='bbox 1497 1491 1535 1525; x_wconf 91' lang='lat' dir='ltr'>in</span> <span class='ocrx_word' id='word_1_224' title='bbox 1563 1491 1675 1526; x_wconf 88' lang='lat' dir='ltr'>archi-</span> 
     </span>
     <span class='ocr_line' id='line_1_23' title="bbox 175 1546 1675 1586; baseline -0.001 -2"><span class='ocrx_word' id='word_1_225' title='bbox 175 1549 365 1585; x_wconf 88' lang='lat' dir='ltr'>diaconatu</span> <span class='ocrx_word' id='word_1_226' title='bbox 384 1550 594 1586; x_wconf 88' lang='lat' dir='ltr'>constitutus</span> <span class='ocrx_word' id='word_1_227' title='bbox 611 1549 680 1586; x_wconf 89' lang='lat' dir='ltr'>five</span> <span class='ocrx_word' id='word_1_228' title='bbox 698 1563 773 1585; x_wconf 92' lang='lat' dir='ltr'>non</span> <span class='ocrx_word' id='word_1_229' title='bbox 792 1569 800 1578; x_wconf 90' lang='lat'><strong>·</strong></span> <span class='ocrx_word' id='word_1_230' title='bbox 826 1550 969 1586; x_wconf 90' lang='lat' dir='ltr'>habebit</span> <span class='ocrx_word' id='word_1_231' title='bbox 986 1550 1159 1586; x_wconf 90' lang='lat' dir='ltr'>vicarium</span> <span class='ocrx_word' id='word_1_232' title='bbox 1178 1550 1216 1585; x_wconf 90' lang='lat' dir='ltr'>in</span> <span class='ocrx_word' id='word_1_233' title='bbox 1234 1547 1376 1585; x_wconf 91' lang='lat' dir='ltr'>ecclefia</span> <span class='ocrx_word' id='word_1_234' title='bbox 1393 1546 1456 1583; x_wconf 87' lang='lat' dir='ltr'>nifi</span> <span class='ocrx_word' id='word_1_235' title='bbox 1472 1548 1580 1584; x_wconf 88' lang='lat' dir='ltr'>fuerit</span> <span class='ocrx_word' id='word_1_236' title='bbox 1596 1546 1675 1584; x_wconf 88' lang='lat' dir='ltr'>refi-</span> 
     </span>
     <span class='ocr_line' id='line_1_24' title="bbox 176 1605 1674 1656; baseline -0.001 -14"><span class='ocrx_word' id='word_1_237' title='bbox 176 1607 263 1642; x_wconf 90' lang='lat' dir='ltr'>dens</span> <span class='ocrx_word' id='word_1_238' title='bbox 276 1626 284 1634; x_wconf 92' lang='lat'><strong>·</strong></span> <span class='ocrx_word' id='word_1_239' title='bbox 299 1606 466 1643; x_wconf 88' lang='lat' dir='ltr'>Refidere</span> <span class='ocrx_word' id='word_1_240' title='bbox 479 1608 623 1655; x_wconf 89' lang='lat' dir='ltr'>quidem</span> <span class='ocrx_word' id='word_1_241' title='bbox 636 1613 806 1643; x_wconf 85' lang='lat' dir='ltr'>tenentur</span> <span class='ocrx_word' id='word_1_242' title='bbox 821 1608 976 1643; x_wconf 87' lang='lat' dir='ltr'>decanus</span> <span class='ocrx_word' id='word_1_243' title='bbox 994 1626 1003 1635; x_wconf 93' lang='lat'><strong>·</strong></span> <span class='ocrx_word' id='word_1_244' title='bbox 1022 1612 1213 1656; x_wconf 90' lang='lat' dir='ltr'>precentor</span> <span class='ocrx_word' id='word_1_245' title='bbox 1231 1625 1239 1634; x_wconf 91' lang='lat'><strong>·</strong></span> <span class='ocrx_word' id='word_1_246' title='bbox 1260 1605 1492 1642; x_wconf 88' lang='lat' dir='ltr'>cancellarius</span> <span class='ocrx_word' id='word_1_247' title='bbox 1511 1625 1519 1634; x_wconf 91' lang='lat'><strong>·</strong></span> <span class='ocrx_word' id='word_1_248' title='bbox 1538 1605 1674 1641; x_wconf 90' lang='lat' dir='ltr'>thesau-</span> 
     </span>
     <span class='ocr_line' id='line_1_25' title="bbox 175 1662 1672 1713; baseline -0.001 -14"><span class='ocrx_word' id='word_1_249' title='bbox 175 1664 290 1699; x_wconf 89' lang='lat' dir='ltr'>rarius</span> <span class='ocrx_word' id='word_1_250' title='bbox 309 1683 317 1692; x_wconf 92' lang='lat'><strong>·</strong></span> <span class='ocrx_word' id='word_1_251' title='bbox 337 1669 373 1699; x_wconf 92' lang='lat' dir='ltr'>et</span> <span class='ocrx_word' id='word_1_252' title='bbox 391 1664 610 1701; x_wconf 86' lang='lat' dir='ltr'>subdecanus</span> <span class='ocrx_word' id='word_1_253' title='bbox 629 1684 637 1693; x_wconf 92' lang='lat'><strong>·</strong></span> <span class='ocrx_word' id='word_1_254' title='bbox 657 1670 693 1700; x_wconf 94' lang='lat' dir='ltr'>et</span> <span class='ocrx_word' id='word_1_255' title='bbox 710 1665 756 1700; x_wconf 92' lang='lat' dir='ltr'>ad</span> <span class='ocrx_word' id='word_1_256' title='bbox 773 1665 841 1700; x_wconf 92' lang='lat' dir='ltr'>hoc</span> <span class='ocrx_word' id='word_1_257' title='bbox 859 1666 896 1700; x_wconf 92' lang='lat' dir='ltr'>in</span> <span class='ocrx_word' id='word_1_258' title='bbox 914 1664 1143 1713; x_wconf 90' lang='lat' dir='ltr'>promotione</span> <span class='ocrx_word' id='word_1_259' title='bbox 1156 1664 1217 1700; x_wconf 88' lang='lat' dir='ltr'>sua</span> <span class='ocrx_word' id='word_1_260' title='bbox 1223 1663 1432 1713; x_wconf 90' lang='lat' dir='ltr'>juramento</span> <span class='ocrx_word' id='word_1_261' title='bbox 1446 1662 1649 1711; x_wconf 81' lang='lat' dir='ltr'>astringitur</span> <span class='ocrx_word' id='word_1_262' title='bbox 1664 1682 1672 1691; x_wconf 82' lang='lat'><strong>·</strong></span> 
     </span>
     <span class='ocr_line' id='line_1_26' title="bbox 177 1721 1673 1771; baseline 0 -15"><span class='ocrx_word' id='word_1_263' title='bbox 177 1721 235 1757; x_wconf 90' lang='lat' dir='ltr'>Illi</span> <span class='ocrx_word' id='word_1_264' title='bbox 261 1727 379 1757; x_wconf 90' lang='lat' dir='ltr'>autem</span> <span class='ocrx_word' id='word_1_265' title='bbox 408 1722 469 1769; x_wconf 91' lang='lat' dir='ltr'>qui</span> <span class='ocrx_word' id='word_1_266' title='bbox 494 1735 570 1758; x_wconf 91' lang='lat' dir='ltr'>non</span> <span class='ocrx_word' id='word_1_267' title='bbox 596 1722 676 1758; x_wconf 91' lang='lat' dir='ltr'>sunt</span> <span class='ocrx_word' id='word_1_268' title='bbox 702 1721 892 1758; x_wconf 78' lang='lat' dir='ltr'>residentes</span> <span class='ocrx_word' id='word_1_269' title='bbox 913 1722 1118 1771; x_wconf 82' lang='lat' dir='ltr'>prestabunt</span> <span class='ocrx_word' id='word_1_270' title='bbox 1138 1721 1320 1770; x_wconf 90' lang='lat' dir='ltr'>septimam</span> <span class='ocrx_word' id='word_1_271' title='bbox 1337 1726 1476 1769; x_wconf 88' lang='lat' dir='ltr'>partem</span> <span class='ocrx_word' id='word_1_272' title='bbox 1493 1721 1673 1769; x_wconf 89' lang='lat' dir='ltr'>prebende</span> 
     </span>
    </p>
   </div>
   <div class='ocr_carea' id='block_1_6' title="bbox 107 1774 1673 1827">
    <p class='ocr_par' dir='ltr' id='par_1_6' title="bbox 107 1774 1673 1827">
     <span class='ocr_line' id='line_1_27' title="bbox 107 1774 1673 1827; baseline -0.001 -13"><span class='ocrx_word' id='word_1_273' title='bbox 107 1774 110 1777; x_wconf 52' lang='grc'>’</span> <span class='ocrx_word' id='word_1_274' title='bbox 173 1779 233 1815; x_wconf 92' lang='lat' dir='ltr'>sue</span> <span class='ocrx_word' id='word_1_275' title='bbox 259 1779 297 1814; x_wconf 91' lang='lat' dir='ltr'>in</span> <span class='ocrx_word' id='word_1_276' title='bbox 323 1785 557 1827; x_wconf 83' lang='lat' dir='ltr'>augmentum</span> <span class='ocrx_word' id='word_1_277' title='bbox 584 1793 774 1816; x_wconf 90' lang='lat' dir='ltr'>commune</span> <span class='ocrx_word' id='word_1_278' title='bbox 799 1778 1027 1815; x_wconf 82' lang='lat' dir='ltr'>refidentium</span> <span class='ocrx_word' id='word_1_279' title='bbox 1057 1798 1066 1808; x_wconf 88' lang='lat'><strong>·</strong></span> <span class='ocrx_word' id='word_1_280' title='bbox 1096 1779 1167 1815; x_wconf 92' lang='lat' dir='ltr'>Sed</span> <span class='ocrx_word' id='word_1_281' title='bbox 1188 1779 1280 1814; x_wconf 87' lang='lat' dir='ltr'>hanc</span> <span class='ocrx_word' id='word_1_282' title='bbox 1302 1791 1431 1827; x_wconf 89' lang='lat' dir='ltr'>penam</span> <span class='ocrx_word' id='word_1_283' title='bbox 1449 1777 1595 1814; x_wconf 89' lang='lat' dir='ltr'>evitabit</span> <span class='ocrx_word' id='word_1_284' title='bbox 1612 1779 1673 1826; x_wconf 92' lang='lat' dir='ltr'>qui</span> 
     </span>
    </p>
   </div>
   <div class='ocr_carea' id='block_1_7' title="bbox 174 1834 1672 2288">
    <p class='ocr_par' dir='ltr' id='par_1_7' title="bbox 174 1834 1672 2288">
     <span class='ocr_line' id='line_1_28' title="bbox 174 1834 1670 1886; baseline -0.001 -14"><span class='ocrx_word' id='word_1_285' title='bbox 174 1849 238 1885; x_wconf 88' lang='lat' dir='ltr'>per</span> <span class='ocrx_word' id='word_1_286' title='bbox 263 1837 406 1872; x_wconf 89' lang='lat' dir='ltr'>tertiam</span> <span class='ocrx_word' id='word_1_287' title='bbox 434 1842 573 1885; x_wconf 89' lang='lat' dir='ltr'>partem</span> <span class='ocrx_word' id='word_1_288' title='bbox 599 1838 684 1873; x_wconf 90' lang='lat' dir='ltr'>anni</span> <span class='ocrx_word' id='word_1_289' title='bbox 714 1837 883 1873; x_wconf 85' lang='lat' dir='ltr'>continue</span> <span class='ocrx_word' id='word_1_290' title='bbox 913 1836 982 1873; x_wconf 89' lang='lat' dir='ltr'>five</span> <span class='ocrx_word' id='word_1_291' title='bbox 1012 1837 1240 1886; x_wconf 88' lang='lat' dir='ltr'>interpollate</span> <span class='ocrx_word' id='word_1_292' title='bbox 1267 1835 1391 1872; x_wconf 82' lang='lat' dir='ltr'>fecerit</span> <span class='ocrx_word' id='word_1_293' title='bbox 1420 1834 1644 1871; x_wconf 79' lang='lat' dir='ltr'>residentiam</span> <span class='ocrx_word' id='word_1_294' title='bbox 1662 1855 1670 1863; x_wconf 92' lang='lat'><strong>·</strong></span> 
     </span>
     <span class='ocr_line' id='line_1_29' title="bbox 174 1892 1672 1943; baseline -0.001 -14"><span class='ocrx_word' id='word_1_295' title='bbox 174 1907 299 1930; x_wconf 88' lang='lat' dir='ltr'>verum</span> <span class='ocrx_word' id='word_1_296' title='bbox 322 1894 365 1929; x_wconf 89' lang='lat' dir='ltr'>ab</span> <span class='ocrx_word' id='word_1_297' title='bbox 387 1894 453 1930; x_wconf 88' lang='lat' dir='ltr'>hac</span> <span class='ocrx_word' id='word_1_298' title='bbox 476 1893 676 1930; x_wconf 89' lang='lat' dir='ltr'>neceffitate</span> <span class='ocrx_word' id='word_1_299' title='bbox 694 1895 900 1931; x_wconf 86' lang='lat' dir='ltr'>releventur</span> <span class='ocrx_word' id='word_1_300' title='bbox 918 1894 1156 1930; x_wconf 84' lang='lat' dir='ltr'>archidiaconi</span> <span class='ocrx_word' id='word_1_301' title='bbox 1173 1907 1239 1943; x_wconf 89' lang='lat' dir='ltr'>pro</span> <span class='ocrx_word' id='word_1_302' title='bbox 1256 1899 1357 1942; x_wconf 89' lang='lat' dir='ltr'>parte</span> <span class='ocrx_word' id='word_1_303' title='bbox 1376 1912 1385 1921; x_wconf 91' lang='lat'><strong>·</strong></span> <span class='ocrx_word' id='word_1_304' title='bbox 1404 1893 1530 1941; x_wconf 91' lang='lat' dir='ltr'>quibus</span> <span class='ocrx_word' id='word_1_305' title='bbox 1547 1892 1672 1929; x_wconf 86' lang='lat' dir='ltr'>sufficit</span> 
     </span>
     <span class='ocr_line' id='line_1_30' title="bbox 174 1949 1672 2001; baseline -0.001 -14"><span class='ocrx_word' id='word_1_306' title='bbox 174 1964 238 2000; x_wconf 90' lang='lat' dir='ltr'>per</span> <span class='ocrx_word' id='word_1_307' title='bbox 256 1952 316 1987; x_wconf 91' lang='lat' dir='ltr'>·xl·</span> <span class='ocrx_word' id='word_1_308' title='bbox 335 1951 409 1987; x_wconf 90' lang='lat' dir='ltr'>dies</span> <span class='ocrx_word' id='word_1_309' title='bbox 432 1950 590 1988; x_wconf 88' lang='lat' dir='ltr'>fimiliter</span> <span class='ocrx_word' id='word_1_310' title='bbox 612 1951 681 1988; x_wconf 92' lang='lat' dir='ltr'>five</span> <span class='ocrx_word' id='word_1_311' title='bbox 706 1952 875 1987; x_wconf 89' lang='lat' dir='ltr'>continue</span> <span class='ocrx_word' id='word_1_312' title='bbox 901 1951 970 1987; x_wconf 86' lang='lat' dir='ltr'>five</span> <span class='ocrx_word' id='word_1_313' title='bbox 996 1952 1223 2001; x_wconf 87' lang='lat' dir='ltr'>interpollate</span> <span class='ocrx_word' id='word_1_314' title='bbox 1249 1951 1294 1987; x_wconf 91' lang='lat' dir='ltr'>ad</span> <span class='ocrx_word' id='word_1_315' title='bbox 1321 1950 1551 1988; x_wconf 88' lang='lat' dir='ltr'>evitationem</span> <span class='ocrx_word' id='word_1_316' title='bbox 1577 1949 1672 1986; x_wconf 87' lang='lat' dir='ltr'>istius</span> 
     </span>
     <span class='ocr_line' id='line_1_31' title="bbox 174 2007 1670 2057; baseline -0.001 -13"><span class='ocrx_word' id='word_1_317' title='bbox 174 2021 265 2057; x_wconf 91' lang='lat' dir='ltr'>pene</span> <span class='ocrx_word' id='word_1_318' title='bbox 288 2011 326 2044; x_wconf 90' lang='lat' dir='ltr'>in</span> <span class='ocrx_word' id='word_1_319' title='bbox 352 2007 495 2045; x_wconf 87' lang='lat' dir='ltr'>ecclefia</span> <span class='ocrx_word' id='word_1_320' title='bbox 518 2010 657 2057; x_wconf 88' lang='lat' dir='ltr'>integre</span> <span class='ocrx_word' id='word_1_321' title='bbox 683 2008 834 2045; x_wconf 88' lang='lat' dir='ltr'>refidere</span> <span class='ocrx_word' id='word_1_322' title='bbox 865 2028 874 2037; x_wconf 92' lang='lat'><strong>·</strong></span> <span class='ocrx_word' id='word_1_323' title='bbox 901 2009 1021 2045; x_wconf 90' lang='lat' dir='ltr'>nullus</span> <span class='ocrx_word' id='word_1_324' title='bbox 1048 2014 1169 2045; x_wconf 90' lang='lat' dir='ltr'>autem</span> <span class='ocrx_word' id='word_1_325' title='bbox 1190 2014 1334 2045; x_wconf 90' lang='lat' dir='ltr'>tenetur</span> <span class='ocrx_word' id='word_1_326' title='bbox 1352 2008 1481 2044; x_wconf 89' lang='lat' dir='ltr'>habere</span> <span class='ocrx_word' id='word_1_327' title='bbox 1499 2007 1670 2044; x_wconf 89' lang='lat' dir='ltr'>vicarium</span> 
     </span>
     <span class='ocr_line' id='line_1_32' title="bbox 174 2064 1668 2115; baseline 0 -14"><span class='ocrx_word' id='word_1_328' title='bbox 174 2064 199 2101; x_wconf 93' lang='lat' dir='ltr'>fi</span> <span class='ocrx_word' id='word_1_329' title='bbox 220 2078 285 2114; x_wconf 87' lang='lat' dir='ltr'>per</span> <span class='ocrx_word' id='word_1_330' title='bbox 310 2067 452 2102; x_wconf 89' lang='lat' dir='ltr'>tertiam</span> <span class='ocrx_word' id='word_1_331' title='bbox 480 2072 618 2115; x_wconf 89' lang='lat' dir='ltr'>partem</span> <span class='ocrx_word' id='word_1_332' title='bbox 642 2067 729 2102; x_wconf 89' lang='lat' dir='ltr'>anni</span> <span class='ocrx_word' id='word_1_333' title='bbox 753 2067 896 2103; x_wconf 83' lang='lat' dir='ltr'>duxerit</span> <span class='ocrx_word' id='word_1_334' title='bbox 917 2066 1028 2103; x_wconf 84' lang='lat' dir='ltr'>abeffe</span> <span class='ocrx_word' id='word_1_335' title='bbox 1049 2066 1119 2103; x_wconf 90' lang='lat' dir='ltr'>five</span> <span class='ocrx_word' id='word_1_336' title='bbox 1140 2067 1310 2103; x_wconf 90' lang='lat' dir='ltr'>continue</span> <span class='ocrx_word' id='word_1_337' title='bbox 1327 2065 1397 2102; x_wconf 89' lang='lat' dir='ltr'>five</span> <span class='ocrx_word' id='word_1_338' title='bbox 1413 2065 1641 2114; x_wconf 87' lang='lat' dir='ltr'>interpollate</span> <span class='ocrx_word' id='word_1_339' title='bbox 1660 2084 1668 2093; x_wconf 90' lang='lat'><strong>·</strong></span> 
     </span>
     <span class='ocr_line' id='line_1_33' title="bbox 175 2120 1670 2173; baseline 0 -15"><span class='ocrx_word' id='word_1_340' title='bbox 175 2122 227 2158; x_wconf 87' lang='lat' dir='ltr'>illi</span> <span class='ocrx_word' id='word_1_341' title='bbox 249 2128 369 2160; x_wconf 90' lang='lat' dir='ltr'>autem</span> <span class='ocrx_word' id='word_1_342' title='bbox 395 2124 456 2172; x_wconf 90' lang='lat' dir='ltr'>qui</span> <span class='ocrx_word' id='word_1_343' title='bbox 481 2137 545 2173; x_wconf 91' lang='lat' dir='ltr'>per</span> <span class='ocrx_word' id='word_1_344' title='bbox 572 2125 659 2160; x_wconf 86' lang='lat' dir='ltr'>duas</span> <span class='ocrx_word' id='word_1_345' title='bbox 684 2129 803 2173; x_wconf 86' lang='lat' dir='ltr'>partes</span> <span class='ocrx_word' id='word_1_346' title='bbox 828 2125 913 2160; x_wconf 89' lang='lat' dir='ltr'>anni</span> <span class='ocrx_word' id='word_1_347' title='bbox 935 2137 1073 2160; x_wconf 90' lang='lat' dir='ltr'>moram</span> <span class='ocrx_word' id='word_1_348' title='bbox 1093 2125 1271 2173; x_wconf 85' lang='lat' dir='ltr'>integram</span> <span class='ocrx_word' id='word_1_349' title='bbox 1296 2124 1447 2160; x_wconf 89' lang='lat' dir='ltr'>fecerint</span> <span class='ocrx_word' id='word_1_350' title='bbox 1469 2124 1507 2159; x_wconf 91' lang='lat' dir='ltr'>in</span> <span class='ocrx_word' id='word_1_351' title='bbox 1529 2120 1670 2159; x_wconf 84' lang='lat' dir='ltr'>ecclefia</span> 
     </span>
     <span class='ocr_line' id='line_1_34' title="bbox 175 2180 1669 2231; baseline -0.001 -15"><span class='ocrx_word' id='word_1_352' title='bbox 175 2180 283 2216; x_wconf 90' lang='lat' dir='ltr'>modo</span> <span class='ocrx_word' id='word_1_353' title='bbox 300 2182 464 2229; x_wconf 66' lang='lat' dir='ltr'>predicto</span> <span class='ocrx_word' id='word_1_354' title='bbox 484 2201 492 2210; x_wconf 91' lang='lat'><strong>·</strong></span> <span class='ocrx_word' id='word_1_355' title='bbox 514 2186 688 2229; x_wconf 91' lang='lat' dir='ltr'>quantum</span> <span class='ocrx_word' id='word_1_356' title='bbox 708 2182 754 2217; x_wconf 90' lang='lat' dir='ltr'>ad</span> <span class='ocrx_word' id='word_1_357' title='bbox 775 2181 1058 2218; x_wconf 87' lang='lat' dir='ltr'>emolumentum</span> <span class='ocrx_word' id='word_1_358' title='bbox 1075 2183 1172 2231; x_wconf 92' lang='lat' dir='ltr'>quod</span> <span class='ocrx_word' id='word_1_359' title='bbox 1190 2181 1380 2218; x_wconf 89' lang='lat' dir='ltr'>refidentes</span> <span class='ocrx_word' id='word_1_360' title='bbox 1399 2180 1574 2228; x_wconf 87' lang='lat' dir='ltr'>contingit</span> <span class='ocrx_word' id='word_1_361' title='bbox 1591 2192 1669 2228; x_wconf 88' lang='lat' dir='ltr'>per-</span> 
     </span>
     <span class='ocr_line' id='line_1_35' title="bbox 175 2237 1668 2288; baseline -0.001 -15"><span class='ocrx_word' id='word_1_362' title='bbox 175 2237 377 2285; x_wconf 83' lang='lat' dir='ltr'>cipiendum</span> <span class='ocrx_word' id='word_1_363' title='bbox 391 2244 427 2275; x_wconf 92' lang='lat' dir='ltr'>et</span> <span class='ocrx_word' id='word_1_364' title='bbox 439 2252 568 2288; x_wconf 85' lang='lat' dir='ltr'>penam</span> <span class='ocrx_word' id='word_1_365' title='bbox 583 2239 787 2276; x_wconf 83' lang='lat' dir='ltr'>evitandam</span> <span class='ocrx_word' id='word_1_366' title='bbox 799 2258 808 2268; x_wconf 91' lang='lat'><strong>·</strong></span> <span class='ocrx_word' id='word_1_367' title='bbox 819 2252 886 2288; x_wconf 89' lang='lat' dir='ltr'>pro</span> <span class='ocrx_word' id='word_1_368' title='bbox 901 2238 1132 2277; x_wconf 86' lang='lat' dir='ltr'>refidentibus</span> <span class='ocrx_word' id='word_1_369' title='bbox 1146 2240 1324 2276; x_wconf 87' lang='lat' dir='ltr'>habentur</span> <span class='ocrx_word' id='word_1_370' title='bbox 1342 2258 1351 2267; x_wconf 91' lang='lat'><strong>·</strong></span> <span class='ocrx_word' id='word_1_371' title='bbox 1372 2238 1456 2274; x_wconf 89' lang='lat' dir='ltr'>Hoc</span> <span class='ocrx_word' id='word_1_372' title='bbox 1472 2243 1591 2273; x_wconf 90' lang='lat' dir='ltr'>tamen</span> <span class='ocrx_word' id='word_1_373' title='bbox 1610 2249 1668 2272; x_wconf 86' lang='lat' dir='ltr'>ex-</span> 
     </span>
    </p>
   </div>
  </div>
 </body>
</html>
