1912 2660
220 1202 288 1236 301

325 133 398 173 378
718 128 1036 166 REGISTRUM
1064 126 1430 166 MORAVIENSE.

329 229 470 265 amittas
488 229 642 277 aliquem
660 229 834 265 honorem
858 242 963 276 quem
982 240 1078 263 nunc
1096 226 1204 262 habes
1221 226 1279 261 vel
1302 226 1447 260 inantea
1468 223 1612 260 habebis
1630 242 1639 251 ·
1667 229 1703 259 et
1726 224 1750 260 fi
1771 225 1830 262 sci·

330 299 416 322 vero
435 286 492 322 vel
512 287 684 323 audivero
707 287 751 323 de
773 287 892 334 aliquo
912 286 971 333 qui
990 285 1077 320 velit
1094 283 1239 331 aliquod
1257 282 1402 317 istorum
1424 287 1551 317 contra
1570 286 1606 317 te
1627 281 1744 318 facere
1764 296 1829 331 pro

327 344 422 392 posse
440 358 521 380 meo
540 350 582 380 ut
596 358 670 380 non
688 345 749 380 fiat
769 344 1064 392 impedimentum
1079 340 1239 389 prestabo
1255 359 1262 367 ·
1282 345 1318 375 et
1331 338 1356 374 fi
1369 339 1665 387 impedimentum
1678 339 1830 388 prestare

328 403 525 449 nequivero
544 402 688 450 quando
706 408 833 450 potero
852 401 915 436 tibi
936 399 1113 435 nunciabo
1134 418 1142 426 ·
1161 403 1197 433 et
1224 402 1351 433 contra
1377 409 1458 432 eum
1485 402 1594 444 prout
1619 402 1745 445 potero
1765 398 1829 434 tibi

326 471 446 495 meum
474 459 634 509 prestabo
661 459 834 495 auxilium
854 477 862 486 ·
891 463 926 493 et
948 456 972 492 fi
995 456 1182 502 contingat
1202 460 1238 490 te
1257 467 1331 490 rem
1351 454 1505 501 aliquam
1523 467 1628 502 quam
1647 454 1754 491 habes
1772 456 1829 492 vel

326 517 471 553 habebis
498 517 623 565 injuste
642 517 699 552 vel
721 516 870 551 fortuito
898 515 976 549 casu
1004 514 1168 549 amittere
1195 525 1273 548 eam
1294 525 1506 560 recuperare
1523 512 1660 560 juvabo
1678 518 1714 548 et
1731 526 1828 551 recu·

325 580 485 623 peratam
508 576 607 610 omni
628 581 791 622 tempore
809 574 964 608 retinere
984 591 992 599 ·
1021 576 1056 607 et
1080 570 1104 605 fi
1125 570 1260 606 scivero
1281 575 1317 606 te
1339 570 1432 606 velle
1452 569 1545 619 juste
1569 570 1750 607 offendere
1767 571 1829 607 ali-

325 645 431 680 quem
457 638 492 668 et
515 633 599 668 inde
625 632 821 680 specialiter
844 631 900 666 vel
927 629 1143 677 generaliter
1169 628 1272 664 fuero
1299 626 1485 675 requisitus
1511 641 1630 663 meum
1656 628 1720 664 tibi
1743 628 1828 666 ficut

324 695 452 738 potero
471 689 632 738 prestabo
651 689 824 724 auxilium
844 707 852 715 ·
879 693 914 723 et
937 686 960 722 fi
982 686 1117 734 aliquid
1135 686 1222 721 mihi
1240 686 1277 721 in
1295 686 1429 722 secreto
1447 685 1722 722 manifestaveris
1740 687 1828 723 illud

326 746 397 783 fine
416 753 479 783 tua
496 747 645 783 licencia
662 746 797 782 nemini
817 745 969 793 pandam
989 744 1046 780 vel
1065 757 1128 792 per
1142 744 1239 791 quod
1257 744 1435 792 pandetur
1451 743 1578 779 faciam
1598 763 1606 771 -
1625 749 1661 779 et
1677 743 1702 779 fi
1720 743 1828 781 confi·

324 804 410 840 lium
436 805 523 840 mihi
549 805 651 853 super
677 804 795 851 aliquo
820 804 916 838 fafito
944 802 1175 851 postulaveris
1201 801 1264 837 tibi
1293 801 1384 837 dabo
1409 800 1593 837 confilium
1617 802 1715 849 quod
1742 802 1826 837 mihi

323 861 503 898 videbitur
521 862 632 910 magis
650 861 818 909 expedire
836 861 899 896 tibi
920 880 928 888 ·
956 866 991 896 et
1010 872 1194 908 nunquam
1219 872 1263 895 ex
1288 873 1368 895 mea
1385 859 1534 907 persona
1551 859 1684 907 aliquid
1702 859 1825 895 faciam

324 919 473 956 scienter
491 920 588 967 quod
606 920 783 968 pertineat
801 918 845 954 ad
865 924 964 954 tuam
983 918 1150 966 injuriam
1169 917 1227 954 vel
1245 917 1500 954 contumeliam
1521 937 1528 945 ·

323 1091 464 1134 Quibus
482 1092 596 1128 modis
614 1091 759 1127 feodum
779 1092 964 1128 amittatur
984 1112 992 1119 ·

322 1206 358 1242 Si
385 1206 547 1242 vass'allus
573 1221 637 1255 per
664 1220 799 1242 annum
827 1213 862 1242 et
890 1206 981 1242 diem
1008 1206 1141 1242 steterit
1166 1206 1286 1242 dolose
1313 1206 1460 1241 domino
1484 1205 1546 1241 suo
1564 1210 1709 1241 mortuo
1727 1212 1762 1242 et
1780 1206 1822 1242 ad

320 1264 563 1300 investituram
594 1266 785 1313 petendam
821 1264 990 1300 heredem
1026 1265 1163 1300 domini
1193 1277 1267 1300 non
1299 1265 1427 1300 adierit
1453 1284 1461 1292 ·
1510 1264 1557 1299 Et
1592 1278 1611 1300 e
1642 1269 1768 1300 contra
1800 1263 1823 1300 fi

320 1321 467 1357 domino
496 1322 676 1370 superstite
701 1322 864 1358 vaffallus
891 1322 1074 1358 decefl'erit
1100 1328 1136 1358 et
1162 1328 1263 1358 tanto
1290 1328 1453 1368 tempore
1479 1321 1612 1357 steterit
1630 1322 1705 1370 ejus
1724 1322 1823 1358 heres

319 1392 394 1415 non
423 1380 579 1428 petendo
608 1380 852 1416 investituram
873 1399 881 1408 ·
910 1380 946 1416 Si
975 1380 1142 1416 dominus
1168 1380 1281 1415 tribus
1307 1379 1444 1415 vicibus
1472 1380 1709 1415 conveniente
1737 1386 1824 1415 tem-

318 1450 406 1486 pore
429 1436 636 1486 interpofito
663 1438 708 1474 ad
735 1438 871 1474 curiam
888 1438 991 1487 super
1010 1439 1078 1474 hoc
1096 1438 1374 1486 proclamaverit
1392 1442 1428 1473 et
1445 1438 1595 1474 vasallus
1612 1437 1725 1473 tribus
1743 1438 1823 1474 vici-

318 1495 384 1531 bus
403 1496 530 1531 citatus
548 1496 671 1544 jurare
690 1496 849 1532 noluerit
868 1516 876 1525 ·
901 1496 926 1532 fi
944 1502 1064 1533 tamen
1083 1497 1297 1533 beneficium
1316 1497 1387 1532 tale
1405 1495 1446 1532 fit
1463 1497 1560 1532 unde
1572 1496 1822 1545 jusjurandum

319 1552 396 1588 fieri
415 1553 542 1589 debeat
562 1573 570 1582 ·
595 1567 679 1590 narn
698 1555 779 1590 sunt
797 1555 949 1602 quedam
967 1555 1073 1591 feoda
1090 1555 1140 1591 ita
1158 1556 1242 1591 data
1259 1560 1300 1591 ut
1325 1555 1477 1591 fidelitas
1503 1568 1569 1603 pro
1596 1555 1662 1590 hiis
1688 1567 1762 1590 non
1783 1552 1822 1590 fit

320 1610 506 1659 prestanda
526 1631 533 1639 ·
565 1612 657 1648 Item
676 1612 737 1660 qui
755 1613 942 1648 dominum
966 1613 1066 1649 suum
1090 1626 1172 1649 cum
1196 1626 1268 1661 quo
1295 1613 1360 1649 ivit
1386 1613 1431 1648 ad
1458 1613 1611 1661 prelium
1638 1611 1765 1648 dimifit
1784 1612 1821 1648 in

320 1680 445 1717 campo
472 1683 547 1704 non
575 1676 757 1706 mortuum
786 1684 903 1718 neque
932 1677 1076 1719 captum
1097 1690 1104 1700 ·
1136 1672 1227 1707 Item
1251 1670 1275 1706 fi
1297 1671 1446 1706 vasallus
1473 1671 1677 1719 presciverit
1703 1682 1818 1718 quem-

320 1725 407 1761 libet
426 1732 551 1762 contra
570 1727 756 1763 dominum
775 1729 875 1763 suum
898 1729 1063 1764 assultum
1083 1749 1091 1757 ·
1121 1735 1274 1765 mortem
1294 1748 1302 1756 ·
1332 1729 1533 1777 captionem
1562 1733 1624 1763 aut
1650 1728 1819 1776 grandem

319 1784 524 1832 patrimonii
549 1784 730 1832 ja&uram
763 1786 971 1822 molientem
1003 1787 1109 1823 debet
1137 1787 1239 1835 super
1265 1787 1333 1821 hoc
1360 1786 1463 1822 citius
1489 1791 1663 1833 quantum
1691 1785 1820 1834 poterit

320 1841 505 1876 dominum
522 1842 718 1878 cerciorare
735 1862 743 1870 ·
773 1843 909 1879 Rursus
923 1843 947 1879 fi
962 1845 1097 1880 domini
1112 1850 1174 1881 aut
1188 1844 1332 1880 domine
1347 1844 1418 1879 filie
1435 1849 1496 1878 aut
1515 1843 1622 1879 nurui
1636 1843 1693 1879 vel
1712 1843 1819 1879 sorori

318 1899 435 1934 adhuc
460 1899 497 1934 in
521 1899 628 1934 domo
654 1901 811 1936 manenti
839 1915 907 1948 que
934 1901 972 1936 in
999 1902 1127 1950 capillo
1156 1902 1286 1937 dicitur
1313 1902 1345 1937 se
1373 1901 1601 1937 immiscuerit
1620 1920 1628 1928 ·
1657 1901 1770 1936 Porro
1795 1898 1818 1936 fi

319 1956 505 1992 dominum
534 1957 743 1993 affaliaverit
762 1977 771 1986 ο
800 1959 857 1993 vel
882 1959 1000 1994 locum
1020 1960 1057 1994 in
1076 1973 1147 2007 quo
1166 1959 1215 1995 est
1231 1972 1296 2007 per
1313 1959 1386 1994 vim
1405 1959 1583 2007 aggressus
1600 1958 1708 1994 fuerit
1726 1978 1734 1986 ·
1762 1957 1819 1994 vel

318 2014 443 2062 impias
461 2027 587 2049 manus
606 2015 643 2049 in
662 2015 847 2062 personam
866 2016 1002 2052 domini
1020 2017 1205 2065 injecerit·
1226 2017 1283 2053 vel
1302 2017 1405 2053 aliter
1423 2029 1549 2064 graves
1568 2021 1604 2052 et
1621 2015 1818 2052 inhonestas

317 2072 464 2121 injurias
491 2071 653 2107 intulerit
674 2091 681 2100 ·
710 2073 768 2108 vel
796 2074 902 2108 morti
930 2074 1004 2122 ejus
1031 2088 1171 2111 veneno
1197 2075 1254 2111 vel
1283 2075 1402 2123 gladio
1429 2074 1487 2110 vel
1513 2075 1616 2110 aliter
1642 2073 1818 2110 insidiatus

317 2130 424 2165 fuerit
439 2149 447 2158 ·
469 2129 560 2165 Item
576 2130 634 2177 qui
651 2130 798 2166 domino
813 2131 874 2166 suo
885 2131 1059 2179 justiciam
1076 2134 1192 2169 facere
1206 2147 1281 2169 non
1295 2133 1394 2169 vult·
1415 2133 1463 2168 Et
1476 2146 1543 2168 nec
1557 2132 1605 2168 est
1618 2132 1685 2167 alia
1692 2131 1818 2180 justior

318 2188 419 2223 causa
445 2188 656 2223 beneficium
685 2189 872 2224 amittendi
898 2203 1002 2237 quam
1032 2190 1054 2225 ss
1077 2192 1113 2226 id
1136 2204 1201 2239 pro
1221 2204 1293 2239 quo
1314 2191 1437 2227 datum
1456 2190 1504 2226 est
1521 2190 1637 2227 facere
1656 2189 1790 2225 recusat
1807 2207 1815 2216 ·

319 2245 433 2281 Aliud
452 2245 500 2280 est
517 2244 539 2280 si
558 2245 650 2281 forte
669 2258 743 2281 non
762 2246 919 2283 servierit
943 2249 1026 2295 quia
1050 2262 1124 2284 non
1146 2250 1279 2295 poterit
1297 2249 1443 2285 feodum
1461 2260 1536 2283 non
1554 2246 1684 2283 amittit
1703 2266 1711 2274 ·
1749 2245 1815 2281 Sed
