2060 2660
583 161 899 199 REGISTRUM
927 161 1290 199 MORAVIENSE.
1613 169 1678 202 101

195 264 315 300 omnia
340 261 564 299 observandis
583 288 592 297 .
621 260 666 296 In
692 261 938 309 premissorum
963 265 1084 295 autem
1109 260 1253 295 firmum
1279 266 1315 296 et
1337 261 1568 299 indubitabile
1595 265 1684 300 testi-

195 321 355 357 monium
373 319 424 355 illi
442 319 534 367 parti
550 318 657 367 hujus
674 318 845 367 scripture
863 318 901 352 in
918 317 1066 352 modum
1084 317 1296 365 cyrographi
1313 319 1476 355 confecte
1493 333 1560 367 que
1577 335 1686 369 penes

195 378 394 426 episcopum
413 376 674 414 moraviensem
691 375 888 412 remanebit
911 375 1103 423 appensum
1126 374 1174 410 est
1195 373 1347 421 sigillum
1368 377 1520 423 predififi
1539 378 1686 414 Walteri

195 436 239 471 de
253 435 416 472 moravia
434 454 443 462 ·
470 434 522 469 illi
539 425 626 470 vero
644 434 737 482 parti
753 446 822 481 que
840 445 949 481 penes
966 432 1170 480 predifimm
1185 432 1385 467 Walterum
1403 434 1598 470 remanebit
1615 449 1687 471 una

195 506 276 529 cum
294 491 406 540 figillo
419 492 582 540 Episcopi
595 490 825 528 moraviensis
838 490 1030 539 appensum
1045 489 1093 525 est
1106 489 1257 537 figillum
1271 490 1417 538 capituli
1430 503 1511 525 cum
1525 491 1688 540 subscrip-

194 550 350 586 tionibus
367 550 623 586 canonicorum
639 568 647 577 ·
676 548 839 585 Testibus
857 548 1004 583 domino
1019 547 1197 583 Fercardo
1212 546 1341 582 comite
1356 547 1400 582 de
1416 547 1492 583 Ros
1506 567 1514 576 ·
1543 549 1688 585 domino

194 608 355 644 Waltero
377 608 421 643 de
440 607 571 643 Duffus
595 626 603 635 ·
632 606 778 642 domino
798 605 958 641 VValtero
985 605 1029 640 de
1050 605 1156 653 Ineys
1174 624 1182 633 ·
1212 604 1363 640 Andrea
1381 604 1538 640 Wisman
1565 625 1573 633 ·
1603 606 1688 641 Wil-

194 665 302 701 lelmo
325 664 520 701 camerario
539 684 548 693 ·
577 664 732 713 Symone
757 664 801 699 de
820 662 963 711 Orreby
982 682 991 691 ·
1019 662 1163 698 Thoma
1185 661 1421 710 dispensatore
1443 662 1593 711 episcopi
1612 666 1689 700 mo-

194 722 358 759 ravienfis
387 742 394 750 ·
424 729 460 759 et
488 722 609 758 multis
638 722 716 758 aliis
739 740 748 750 ·
777 721 917 757 Adtum
944 733 1040 755 anno
1067 720 1181 768 gratie
1213 723 1459 757 ·‹o⁰·cc⁰·xxxv·
1490 720 1574 756 ·vii0-
1604 721 1690 756 Idus

196 780 349 828 Augusti
368 800 376 808 ·

197 952 413 1001 Compositio
436 953 531 988 inter
553 951 738 988 Andream
766 952 968 1001 episcopum
990 956 1027 987 et
1049 950 1257 987 Gilbertum
1283 937 1484 999 episcopum
1510 951 1690 988 Abirdon·

197 1011 313 1047 ensem
332 1030 340 1038 ·

124 1133 170 1165 88
200 1125 280 1161 Hec
304 1125 352 1162 est
372 1124 563 1161 amicabilis
580 1123 786 1173 compositio
804 1124 899 1160 fafita
916 1125 1131 1160 aufflmritate
1143 1124 1309 1173 judicum
1327 1124 1574 1172 delegatorum
1592 1139 1613 1161 a
1631 1127 1692 1161 do-

198 1184 296 1219 mino
316 1183 412 1231 Papa
429 1183 523 1218 inter
541 1182 727 1218 dominum
746 1181 933 1217 Andream
956 1182 1157 1230 episcopum
1176 1181 1436 1218 moraviensem
1454 1187 1490 1217 et
1507 1182 1694 1219 dominum

199 1240 416 1289 Gylbertum
436 1239 729 1275 Aberdonensem
753 1239 954 1287 episcopum
972 1239 1010 1274 in
1028 1239 1129 1274 causa
1146 1252 1215 1286 que
1233 1239 1385 1275 vertitur
1403 1240 1497 1275 inter
1515 1253 1575 1275 eos
1592 1241 1695 1289 super

192 1298 276 1346 jure
295 1298 492 1346 dyocesano
511 1296 734 1333 ecclefiarum
753 1297 797 1332 de
812 1297 1012 1332 Dauendor
1030 1302 1066 1332 et
1084 1297 1128 1332 de
1143 1296 1343 1332 Forscauen
1362 1316 1370 1324 ·
1390 1302 1426 1332 et
1439 1296 1542 1345 super
1560 1298 1695 1344 capella

198 1356 242 1391 de
261 1356 480 1391 Inuerculan
504 1368 572 1402 que
596 1354 730 1403 petitur
748 1360 789 1390 ut
806 1353 949 1390 ecclefia
972 1373 980 1382 ·
1008 1359 1044 1389 et
1067 1354 1144 1389 aliis
1163 1354 1201 1389 in
1219 1354 1376 1389 editione
1395 1354 1558 1403 Episcopi
1577 1358 1695 1392 mora-

197 1412 321 1449 vienfis
340 1413 517 1448 contentis
536 1432 545 1441 ·
570 1412 737 1448 videlicet
758 1412 856 1459 quod
876 1417 1027 1459 uterque
1046 1412 1089 1447 de
1106 1411 1294 1448 voluntate
1312 1417 1348 1447 et
1365 1411 1533 1447 consensu
1551 1414 1696 1461 capituli

198 1471 248 1506 sui
266 1471 491 1506 renunciavit
508 1471 562 1505 liti
579 1476 676 1506 mote
699 1475 735 1505 et
758 1469 935 1505 movende
957 1469 995 1504 in
1016 1469 1090 1505 vita
1116 1469 1298 1504 dictorum
1316 1469 1573 1517 Episcoporum
1594 1470 1697 1519 super

192 1528 276 1576 jure
301 1528 496 1576 dyocesano
522 1534 715 1575 utrumque
742 1527 955 1575 Episcopum
984 1527 1216 1574 contingente
1241 1546 1249 1554 ·
1278 1526 1372 1562 salvo
1393 1526 1477 1575 jure
1504 1532 1696 1575 utrumque

199 1586 414 1634 Episcopum
445 1586 676 1633 contingente
706 1584 783 1633 post
812 1589 965 1620 mortem
997 1585 1178 1620 dictorum
1205 1584 1463 1632 Episcoporum
1482 1603 1490 1611 ·
1520 1584 1566 1619 In
1596 1585 1696 1633 cujus

199 1643 250 1678 rei
268 1642 507 1678 testimonium
532 1643 622 1678 alter
644 1642 790 1678 alterius
812 1641 939 1690 scripto
963 1640 1114 1689 sigillum
1138 1641 1240 1676 suum
1257 1654 1330 1676 una
1347 1654 1429 1676 cum
1447 1640 1566 1689 sigillis
1583 1642 1697 1678 disto-

198 1713 278 1736 rum
290 1700 454 1748 judicum
470 1700 717 1747 delegatorum
731 1699 892 1747 apposuit
906 1718 915 1727 ·
943 1698 1105 1735 Testibus
1119 1698 1284 1746 magistro
1300 1698 1482 1734 Willelmo
1501 1699 1546 1735 de
1562 1700 1695 1736 Rokes-

197 1758 289 1805 burg
317 1777 326 1785 ·
354 1758 501 1793 domino
529 1757 631 1794 Jurd’
660 1757 833 1793 canonico
861 1755 1003 1792 ecclesie
1028 1755 1294 1792 Aberdonenfis
1323 1776 1331 1784 ·
1360 1756 1507 1792 domino
1530 1757 1694 1806 Philippo

119 1829 122 1832 ’
197 1815 345 1863 persona
363 1816 406 1851 de
426 1815 652 1851 Glenberuin
671 1834 679 1843 ·
704 1815 814 1850 fratre
833 1814 999 1850 Galsrido
1017 1814 1242 1863 predicatore
1260 1833 1268 1842 ·
1297 1814 1441 1850 Thoma
1458 1815 1631 1851 canonico
1651 1816 1694 1851 de

201 1872 449 1921 Kambekynel
468 1892 476 1900 ·
496 1872 679 1908 Willelmo
696 1872 846 1921 persona
864 1872 908 1908 de
926 1871 957 1907 F
958 1872 1125 1908 etherner
1144 1891 1152 1899 ·
1170 1872 1337 1909 Johanne
1355 1872 1488 1908 vicario
1502 1873 1547 1908 de
1563 1873 1594 1909 F
1593 1886 1696 1919 yuer-

198 1943 262 1966 ner
281 1949 289 1959 ·
309 1935 346 1966 et
363 1930 484 1966 multis
501 1930 578 1966 aliis
597 1949 605 1958 ·
636 1930 775 1966 Ae‘tum
793 1942 889 1965 anno
906 1929 1020 1978 gratie
1038 1930 1299 1968 ·m⁰·cc⁰·xxxvi·

200 2101 416 2150 Compositio
433 2102 536 2151 super
554 2102 700 2139 decimis
718 2102 762 2138 de
781 2102 889 2151 Eskyl
908 2122 916 2131 ·

125 2223 172 2259 89
199 2216 377 2254 Noverint
401 2230 525 2253 omnes
550 2217 619 2253 hoc
641 2217 809 2266 scriptum
829 2217 936 2254 visuri
957 2218 1015 2254 vel
1037 2217 1195 2253 audituri
1217 2217 1314 2265 quod
1336 2230 1418 2252 cum
1444 2230 1465 2251 a
1490 2216 1691 2264 longinquis

197 2275 414 2323 temporibus
440 2280 476 2311 et
502 2275 689 2311 hominum
717 2275 927 2312 memoriam
953 2275 1206 2312 excedentibus
1230 2275 1282 2311 ita
1308 2274 1358 2311 est
1382 2278 1569 2322 optentum
1593 2273 1689 2321 quod
