1912 2660
616 160 929 197 REGISTRUM
960 161 1318 200 MORAVIENSE.
1635 170 1706 202 305

219 273 284 306 nys
297 278 304 287 ·
317 259 449 294 scilicet
457 271 564 293 unam
573 259 706 306 peciam
715 265 808 294 terre
815 259 897 294 dele
908 259 1031 308 Craffe
1040 273 1118 295 cum
1128 262 1349 309 pertinentijs
1357 281 1364 289 ·
1374 275 1417 297 ex
1429 263 1524 298 dono
1531 264 1707 311 magnifici

220 316 386 364 principis
412 316 547 351 domini
567 316 688 351 David
717 317 827 363 Regis
855 316 1043 352 Scotorum
1062 317 1203 352 illustris
1222 337 1229 345 ·
1249 319 1491 354 continentem
1511 321 1705 356 octodecim

219 387 316 409 acras
342 379 437 408 terre
457 372 619 421 jacentes
639 373 744 421 juxta
766 379 899 409 terram
917 373 1019 409 beate
1037 375 1151 411 marie
1170 375 1330 423 Virginis
1348 377 1555 423 parochialis
1569 376 1707 413 ecclesie

219 431 263 466 de
283 431 459 479 Inuernys
481 431 526 466 ad
545 430 698 466 austrum
719 445 762 466 ex
784 436 884 479 parte
911 444 983 466 una
1002 451 1010 459 ·
1037 432 1250 479 capitantem
1263 432 1365 480 super
1386 433 1419 468 le
1442 434 1646 480 Scathgate
1664 434 1707 469 ad

217 488 391 524 orientem
411 507 419 515 ·
439 488 762 536 extendentemque
780 488 813 523 se
831 489 868 523 in
886 488 1110 536 longitudine
1122 489 1382 537 equipollenter
1399 503 1479 525 cum
1498 496 1593 525 terra
1608 490 1709 526 beate

217 545 329 583 <varie
356 545 552 593 supradicte
577 565 585 573 ·
613 551 649 581 et
674 546 768 581 inter
794 546 828 581 le
859 546 981 594 erffe
1008 546 1051 581 ad
1071 547 1215 582 boream
1247 560 1291 582 ex
1322 552 1422 593 parte
1448 547 1560 582 altera
1579 566 1587 574 ·
1616 547 1707 582 Item

215 608 368 651 quatuor
386 616 484 638 acras
501 608 596 639 terre
614 617 659 639 ex
678 603 774 638 dono
794 603 905 638 Alani
924 604 954 639 F
955 603 1094 651 reikyni
1113 623 1120 631 ·
1140 617 1290 651 quarum
1310 604 1380 640 due
1400 618 1480 640 acre
1498 618 1578 639 cum
1597 604 1708 639 tribus

215 660 393 709 perticatis
410 660 534 708 jacent
551 661 588 695 in
606 661 640 696 le
662 661 847 708 Schipflat
866 661 960 696 inter
983 666 1115 696 terram
1135 661 1245 696 Alani
1265 662 1485 709 Vayrement
1502 662 1546 696 ad
1564 662 1706 696 boream

214 732 258 754 ex
281 724 381 766 parte
399 731 472 754 una
490 738 498 746 ·
526 724 562 754 et
588 724 720 754 terram
739 718 910 754 Willelmi
931 718 1097 754 VValkere
1123 719 1168 753 ad
1193 718 1346 753 austrum
1370 732 1415 754 ex
1437 720 1548 754 altera
1573 720 1610 753 in
1632 718 1708 753 lati-

213 776 338 812 tudine
357 795 365 804 ·
384 776 422 811 in
440 776 666 824 longitudine
677 776 771 812 inter
784 776 876 812 viam
892 789 961 823 que
980 776 1110 812 dicitur
1131 776 1318 823 Scatlzgat
1336 782 1372 812 et
1389 790 1515 823 aquam
1535 776 1579 811 de
1593 776 1686 823 Nyss
1698 795 1706 803 ·

213 847 285 869 una
314 847 401 869 vero
433 834 605 882 perticata
629 834 726 882 jacet
752 834 790 869 in
817 834 943 870 eodem
970 847 1096 882 campo
1123 834 1217 869 inter
1243 840 1375 869 terram
1400 834 1516 869 fratris
1534 833 1707 870 Johannis

213 892 257 926 de
282 891 459 939 Inuernys
483 891 527 926 ad
553 891 709 927 austrum
737 905 782 927 ex
802 897 902 940 parte
924 905 997 927 una
1015 911 1023 919 ·
1052 897 1087 927 et
1109 897 1240 927 terram
1267 891 1415 927 Walteri
1437 892 1521 927 dicti
1548 893 1634 928 (Dan
1662 890 1706 925 ad

212 949 357 984 boream
389 962 433 984 ex
463 949 575 984 altera
601 949 637 984 in
664 949 853 985 latitudine
879 969 886 977 ·
915 949 951 984 in
975 949 1201 997 longitudine
1225 949 1416 997 prescripta
1435 969 1443 977 ·
1471 954 1596 996 quarta
1619 961 1704 983 vero

212 1020 294 1042 acra
309 1006 407 1054 jacet
433 1006 534 1054 super
552 1007 777 1055 (Darkhynch
799 1007 836 1042 in
862 1007 896 1042 le
924 1006 1129 1055 Churryflat
1148 1026 1156 1034 ·
1184 1007 1380 1042 extendens
1401 1007 1434 1042 se
1448 1007 1567 1042 versus
1580 1018 1705 1053 aquam

212 1064 255 1099 de
283 1064 377 1112 Nyss
403 1064 440 1098 in
472 1063 697 1111 longitudine
717 1083 725 1092 ·
753 1065 789 1099 in
824 1064 1013 1100 latitudine
1043 1077 1130 1100 vero
1162 1065 1254 1100 inter
1282 1070 1413 1100 terram
1448 1065 1595 1100 Andree
1624 1065 1706 1100 Scot

210 1122 255 1157 ad
291 1127 452 1157 austrum
486 1135 531 1157 ex
566 1127 666 1170 parte
695 1135 767 1157 una
793 1141 802 1150 ·
832 1127 868 1157 et
898 1128 1028 1157 terram
1062 1122 1211 1157 Andree
1243 1122 1379 1170 Sankys
1409 1123 1454 1157 ad
1484 1123 1627 1157 boream
1660 1135 1703 1157 ex

210 1179 322 1215 altera
341 1199 348 1207 ·
379 1179 470 1214 Item
490 1179 547 1215 sex
565 1192 663 1214 acras
681 1185 775 1215 terre
794 1193 839 1215 ex
856 1180 952 1215 dono
973 1180 1129 1215 Susanne
1148 1185 1183 1215 et
1204 1180 1280 1215 Ede
1299 1180 1457 1215 sororum
1478 1185 1513 1215 et
1534 1180 1703 1215 heredum

210 1237 340 1272 veteris
369 1236 468 1272 castri
497 1256 505 1264 ·
551 1250 701 1284 quarum
733 1242 805 1272 tres
835 1250 916 1273 acre
941 1237 1063 1285 jacent
1094 1237 1131 1272 in
1162 1237 1194 1272 le
1226 1237 1309 1272 Italo
1340 1238 1571 1273 extendentes
1601 1237 1634 1272 se
1669 1238 1704 1272 in

210 1294 435 1341 longitudine
464 1294 508 1329 ad
539 1294 632 1329 viam
664 1308 732 1342 que
762 1294 891 1330 dicitur
923 1294 1092 1342 Scatisgat
1117 1295 1236 1330 versus
1264 1294 1547 1342 Knokyntynole
1573 1295 1618 1330 ad
1644 1294 1703 1329 bo-

209 1365 306 1387 ream
333 1365 377 1387 ex
404 1357 505 1400 parte
533 1365 606 1387 una
628 1371 636 1379 ·
661 1358 697 1387 et
721 1352 840 1387 versus
866 1352 1112 1387 molendinum
1138 1352 1182 1387 ad
1209 1351 1364 1387 austrum
1392 1365 1435 1387 ex
1461 1352 1573 1387 altera
1596 1371 1604 1379 ·
1635 1352 1704 1387 due

209 1422 289 1444 acre
313 1409 474 1457 jacentes
500 1409 537 1444 in
561 1422 687 1457 campo
706 1410 835 1445 veteris
858 1409 958 1445 castri
977 1409 1208 1445 extendentes
1232 1409 1320 1444 sein
1344 1409 1568 1457 longitudine
1586 1409 1704 1445 versus

209 1468 301 1502 viam
322 1480 386 1515 per
404 1480 508 1514 quam
532 1467 604 1502 itur
627 1467 673 1502 ad
699 1467 944 1502 molendinum
967 1467 1076 1515 Regis
1102 1467 1146 1502 ad
1166 1466 1319 1502 austrum
1348 1480 1392 1502 ex
1417 1472 1517 1514 parte
1542 1479 1615 1501 una
1634 1486 1641 1494 ·
1669 1472 1703 1502 et

209 1524 329 1559 versus
350 1524 576 1572 Brumybauc
596 1525 639 1560 ad
663 1525 808 1560 boream
832 1538 877 1560 ex
902 1525 1014 1560 altera
1045 1544 1053 1552 ·
1081 1525 1177 1560 sexta
1193 1537 1280 1560 vero
1306 1537 1388 1560 acra
1408 1524 1504 1572 jacet
1523 1524 1559 1558 in
1578 1524 1701 1559 eodem

208 1595 334 1630 campo
355 1581 472 1617 versus
491 1582 665 1617 orientem
687 1582 882 1617 extendens
900 1582 932 1617 se
949 1581 1036 1617 ficut
1054 1582 1123 1617 due
1142 1595 1222 1617 acre
1246 1582 1475 1629 precedentes
1493 1581 1528 1616 in
1548 1581 1704 1628 longitu-

208 1639 290 1674 dine
308 1639 404 1674 inter
422 1638 577 1674 austrum
597 1645 631 1674 et
650 1639 793 1675 boream
814 1659 822 1667 ·
853 1640 943 1674 Item
963 1652 1071 1675 unam
1090 1639 1297 1687 perticatam
1320 1644 1415 1674 terre
1433 1652 1477 1674 ex
1495 1639 1591 1674 dono
1610 1640 1703 1675 (Dar-

204 1696 300 1744 jorie
329 1697 422 1732 dicte
451 1696 541 1744 Dyll
571 1696 751 1745 jacentem
784 1710 827 1732 ex
859 1697 1068 1732 occidentali
1104 1702 1204 1745 parte
1234 1709 1325 1743 aque
1356 1697 1399 1731 de
1425 1696 1516 1744 Nyss
1546 1696 1638 1731 infra
1672 1696 1703 1731 le

206 1755 348 1802 crqf'tys
369 1754 463 1789 inter
488 1759 619 1789 terram
647 1754 784 1789 domini
812 1754 953 1789 Thome
980 1754 1065 1789 dicti
1090 1754 1196 1802 Weyt
1219 1754 1391 1802 capellani
1417 1754 1462 1789 ad
1489 1754 1631 1789 boream
1659 1767 1703 1789 ex

172 1838 175 1841 -
206 1818 306 1860 parte
325 1825 397 1847 una
417 1831 425 1839 ·
453 1817 489 1847 et
515 1817 647 1847 terram
676 1811 760 1847 dicti
780 1811 872 1848 Coki
899 1812 943 1847 ad
972 1811 1125 1847 austrum
1152 1825 1196 1847 ex
1221 1811 1334 1847 altera
1359 1812 1396 1846 in
1422 1811 1610 1847 latitudine
1629 1831 1638 1839 ·
1666 1812 1701 1846 iu

208 1869 433 1917 longitudine
460 1882 547 1905 vero
575 1870 829 1905 extendentem
857 1869 899 1904 ab
930 1883 1021 1917 aqua
1056 1869 1100 1905 de
1131 1868 1222 1917 Nyss
1245 1869 1364 1904 versus
1395 1869 1568 1904 orientem
1596 1869 1702 1916 usque

207 1931 339 1962 terram
367 1927 411 1962 de
432 1926 615 1975 Kynmyly
634 1927 753 1962 versus
779 1927 999 1962 occidentem
1021 1946 1029 1954 ·
1058 1926 1151 1962 Item
1178 1939 1285 1963 unam
1313 1927 1520 1975 perticatam
1547 1932 1640 1962 terre
1659 1939 1702 1962 ex

208 1984 304 2020 dono
337 1984 507 2032 Stephani
538 1984 705 2032 Skynnar
729 1984 909 2032 jacentem
938 1984 977 2019 in
1007 1984 1133 2020 eodem
1166 1997 1291 2032 campo
1327 1984 1420 2019 inter
1453 1990 1583 2019 terram
1620 1984 1703 2018 dicti

208 2041 383 2079 ‚Iohannis
403 2042 555 2078 Rofl'ach
574 2042 618 2077 ad
643 2041 800 2077 austrum
824 2055 869 2078 ex
894 2047 995 2091 parte
1021 2055 1094 2077 una
1112 2061 1120 2069 ·
1149 2047 1185 2077 et
1208 2047 1338 2077 terram
1366 2042 1506 2078 heredis
1530 2041 1703 2078 Johannis

210 2099 482 2148 Qhwelwrycht
501 2100 546 2134 ad
568 2100 713 2135 boream
734 2113 777 2136 ex
795 2100 907 2135 altera
925 2119 934 2127 ·
963 2099 1054 2135 Item
1074 2112 1182 2135 unam
1200 2100 1407 2147 perticatam
1426 2105 1520 2134 terre
1543 2112 1587 2134 ex
1608 2098 1703 2133 dono

210 2157 409 2193 Alexandri
429 2157 603 2206 Irynpurs
628 2157 807 2206 jacentem
832 2157 868 2192 in
893 2157 1018 2193 eodem
1045 2170 1170 2205 campo
1189 2156 1283 2192 inter
1302 2163 1431 2192 terram
1450 2169 1553 2203 quam
1572 2155 1703 2192 Johan-

903 2218 968 2254 ΞΩ
