1998 2820
968 204 1058 227 XXIV

268 292 314 320 12.
339 289 481 321 Malisius
496 301 601 322 comes
617 290 656 321 de
673 290 825 321 Sti-aliern
841 290 928 321 dedit
945 290 1103 321 Amabilie
1118 289 1225 325 sorori‚
1246 288 1287 319 ad
1303 287 1401 329 ipsam
1418 286 1644 325 maritandam,
1665 287 1758 330 Kyn-

263 341 386 383 kardyn
403 341 435 371 in
453 342 576 372 Kather
592 342 731 372 leuenas.
765 344 914 373 1251-69.
941 344 1015 382 oriy.
1034 343 1065 371 in
1081 341 1213 371 archivis
1229 341 1329 370 Ducis
1342 340 1377 369 de
1394 339 1565 369 Montrose.

267 394 314 422 13.
342 392 543 423 Μαι-1016113
558 393 711 424 Conevall
728 393 872 423 conceffit
889 392 1051 422 Willelmo
1074 391 1138 422 filio
1164 390 1329 421 Malco1mi
1350 390 1388 420 de
1415 389 1562 421 Moravia
1585 395 1703 421 terram
1720 391 1759 422 de

262 442 472 485 'Fulibardyn-
510 447 598 475 1284.
629 447 706 483 oriy.
724 445 756 474 iu
771 445 904 474 ανεΙιίι-ῐε
920 444 1021 474 Ducis
1035 444 1071 472 cle
1086 443 1191 473 Aeltol.

265 498 313 525 14.
339 496 498 526 Henrieus
515 496 600 526 filius
619 495 733 526 Malifii
749 494 949 525 confirmavit
965 494 1110 524 eandem.
1148 495 1237 524 1234.
1269 493 1349 532 oriy.
1368 493 1441 523 ibid.

266 549 314 577 15.
340 546 446 577 Maria
460 546 571 577 relicta
587 547 723 587 Eugenii
739 546 880 587 quietam
896 545 1047 575 clamavit
1063 544 1207 574 eandem.
1238 555 1265 575 c.
1285 545 1379 574 1284.
1413 544 1492 584 oriq.
1509 544 1581 574 ibid.

266 600 314 627 16.
338 598 484 628 Andreas
500 598 538 628 de
556 597 745 628 Dalrewach
761 596 847 627 dedit
866 595 1026 626 willelmo
1042 595 1184 637 predicto
1201 599 1319 624 terram
1337 594 1377 624 de
1396 593 1600 625 Dalrewach.
1624 606 1648 626 c.
1664 596 1758 627 1290.

261 651 338 688 oriq.
355 649 428 679 ibid.

266 701 313 730 17.
341 699 490 730 Malefius
506 710 610 730 comes
626 699 664 729 de
681 698 854 729 Stradhern
870 697 1012 739 quietum
1028 696 1179 727 clamavit
1194 696 1332 727 eundem
1348 696 1388 727 de
1404 697 1544 730 servitio.
1564 699 1660 730 1297.
1678 700 1756 739 oriq.

262 751 332 781 ibid.

265 804 313 832 18.
342 801 483 832 Malisius
495 812 597 831 comes
613 800 699 831 dedit
715 799 900 840 Tuiibardy,
923 798 1111 840 resngnatam
1130 799 1169 830 ab
1182 799 1256 830 Ada
1273 799 1312 830 de
1331 799 1491 838 Moravia,
1509 800 1675 832 Willelmo
1690 801 1757 833 filio

262 853 391 884 Andree
408 853 445 883 de
465 853 616 883 Moravia,
653 853 803 883 1319-33.
834 853 911 892 oriq.
928 851 998 880 ibid.

264 907 310 936 19.
338 904 496 935 Extentus
513 909 670 934 terrarum
686 903 724 933 de
741 902 902 944 Kyh·avoc
915 907 947 932 et
962 902 1001 932 de
1019 901 1240 944 Estergedeys.
1273 904 1368 935 1295.
1397 904 1476 945 oriy.
1487 914 1578 944 penes
1595 904 1757 945 Huqonem

261 957 342 996 llos}
356 957 392 986 de
410 956 583 985 Ke‘lravoclc.

259 1010 311 1037 20.
336 1007 496 1037 Robertus
515 1006 540 1036 Ι.
557 1006 627 1036 Rex
643 1004 844 1035 confirmavit
865 1004 1052 1045 thanagium
1068 1004 1107 1035 de
1123 1004 1240 1036 Caldor
1257 1005 1422 1037 willelmo
1439 1005 1553 1037 Thano
1569 1006 1608 1038 de
1625 1007 1756 1039 Caldor.

263 1060 353 1090 1809.
384 1060 458 1097 oriy.
477 1059 506 1087 in
523 1058 655 1087 archivis
676 1058 799 1087 Comitis
815 1057 849 1085 de
869 1056 1008 1086 Cau-dor.

257 1111 310 1140 21.
334 1109 495 1139 Robertus
516 1108 558 1139 11.
576 1108 647 1138 Rex
662 1107 748 1138 dedit
764 1107 934 1137 Badenach
951 1118 1026 1137 cum
1042 1106 1142 1137 castro
1159 1107 1197 1138 de
1214 1107 1459 1150 Loehyndorbe,
1484 1109 1552 1140 filio
1571 1109 1756 1141 Alexandro

259 1160 439 1191 Senescalli.
475 1162 566 1191 1371.
597 1170 631 1189 ea:
645 1159 819 1199 apoqraplm
835 1161 867 1189 in
881 1159 1015 1189 archivis
1024 1159 1156 1198 publicis
1173 1160 1267 1190 Edin.

258 1214 308 1242 22.
333 1211 492 1242 Robertus
507 1211 551 1241 ΙΙ.
564 1210 634 1241 Rex
647 1210 734 1240 dedit
744 1210 865 1240 Thome
881 1209 910 1240 le
924 1209 1065 1247 Graunt,
1080 1210 1283 1252 Dollynduff,
1301 1211 1428 1253 Dovaly
1444 1216 1475 1242 et
1488 1211 1629 1243 officium
1646 1213 1755 1244 forest-

257 1263 321 1293 arie
338 1262 448 1292 foreste
465 1262 564 1302 Regie
580 1262 618 1292 de
634 1261 824 1303 Tarneway.
860 1263 951 1294 1371.
975 1273 1009 1291 ear
1024 1262 1200 1302 apoyraplzo
1216 1264 1248 1293 in
1264 1263 1399 1294 archivis
1409 1264 1538 1303 publicis
1553 1265 1651 1295 Edin.

256 1316 307 1344 23.
332 1313 489 1354 1Ῡ11γειωε
505 1313 559 1343 the
576 1313 692 1343 Grame
708 1312 859 1353 resigned,
882 1313 915 1343 in
932 1312 969 1343 til
985 1312 1100 1343 bandis
1115 1313 1152 1343 of
1165 1313 1305 1344 Thomas
1324 1313 1400 1345 Erle
1417 1314 1454 1344 of
1472 1314 1598 1345 Mureff
1609 1315 1659 1346 his
1675 1327 1754 1358 ovyr

256 1365 351 1399 lorde,
369 1364 422 1394 the
438 1365 557 1405 barony
574 1364 610 1394 of
623 1364 772 1401 Kerdale,
795 1366 843 1395 for
860 1375 931 1395 new
948 1364 1134 1396 investitura
1155 1370 1189 1396 to
1208 1365 1274 1396 him
1294 1365 1357 1396 and
1373 1366 1425 1396 his
1441 1366 1551 1408 hayris
1572 1367 1666 1405 male,
1689 1368 1753 1399 and

256 1415 403 1457 saylyand
420 1415 530 1445 tharof
541 1420 573 1445 to
587 1415 757 1457 NVillyame
773 1416 827 1447 the
840 1416 914 1458 Hay
930 1416 980 1447 his
995 1416 1157 1458 gudfadyr
1173 1416 1262 1448 lorde
1277 1417 1314 1448 of
1326 1417 1471 1459 Lochloy
1486 1417 1551 1448 and
1566 1418 1615 1449 his
1631 1419 1752 1461 hayris.

259 1468 293 1498 In
319 1467 372 1498 the
397 1466 470 1497 kirk
495 1467 613 1508 yharde
636 1467 673 1498 of
693 1467 746 1499 the
771 1468 959 1510 chanounry
984 1468 1021 1499 of
1043 1468 1280 1511 Rosmarkyng.
1328 1471 1421 1501 1420.
1460 1471 1537 1512 oriy.
1564 1472 1594 1501 in
1622 1472 1753 1502 archim's

262 1519 398 1549 Wllelmi
414 1519 527 1549 Brodie
540 1521 576 1549 ‹le
590 1520 698 1550 eodem.

908 1786 1088 1808 EnRA'rUM.

253 1827 324 1855 213.
356 1825 381 1854 11
387 1825 502 1856 'allel-us
519 1826 555 1856 cle
572 1826 718 1858 ΛῙοναυιά
735 1828 818 1858 dedic
836 1826 944 1866 toftum
963 1834 992 1860 et
1011 1830 1142 1869 crqftum
1162 1830 1319 1870 capellano
1341 1830 1450 1861 Sancti
1466 1830 1556 1862 Petri
1570 1831 1604 1861 de
1620 1830 1748 1872 ngffics.

259 1878 347 1906 1240.
366 1876 400 1916 f.
413 1879 465 1906 49.
