1912 2660
680 107 859 144 CARTE
887 108 1227 147 ORIGINALES.
1619 118 1689 156 471

210 207 254 242 de
273 204 471 252 Tulibardy
488 208 601 240 totam
618 209 751 240 terram
770 205 814 241 de
825 205 1024 254 Tulibardy
1041 219 1123 242 cum
1139 208 1365 255 pertinenciis
1378 210 1469 245 infra
1486 211 1693 246 comitatum

209 263 365 299 nostrum
383 262 427 298 de
446 262 632 297 Strathern
657 274 726 309 que
752 262 820 298 fuit
847 263 991 299 domine
1016 263 1099 298 Ade
1123 264 1166 299 de
1186 266 1346 301 (Doravia
1369 268 1488 315 sponse
1512 268 1692 315 quondam

210 320 346 356 domini
356 319 526 355 Willelmi
540 320 584 354 de
598 320 762 356 moravia
775 321 819 356 de
832 320 1031 369 Tulibardy
1044 321 1164 356 militis
1178 326 1214 356 et
1226 335 1330 368 quam
1345 324 1441 359 dic'ta
1454 325 1598 360 domina
1610 325 1694 360 Ada

208 390 323 425 nuper
338 376 440 412 nobis
457 389 521 424 per
538 377 667 412 fustum
685 382 721 413 et
738 377 904 414 baculum
928 378 1061 414 sursum
1079 378 1235 414 reddidit
1259 384 1294 414 et
1317 379 1502 427 refignavit
1526 387 1560 416 et
1577 395 1642 429 pro
1660 382 1693 417 se

209 439 244 470 et
265 433 454 469 heredibus
478 434 544 469 suis
571 435 718 470 omnino
743 436 900 483 quietam
925 436 1092 471 clamauit
1114 436 1375 484 imperpetuum
1395 456 1403 465 ·
1432 437 1642 473 Tenendam
1660 444 1695 473 et

208 491 405 527 habendam
429 491 565 539 prefato
585 492 766 528 Willelmo
785 498 821 528 et
837 493 1026 529 heredibus
1044 493 1112 528 suis
1130 494 1175 529 de
1192 493 1294 529 nobis
1313 499 1348 529 et
1365 494 1554 529 heredibus
1571 494 1695 529 nostris

207 549 245 584 in
265 548 371 584 feodo
394 553 430 584 et
449 549 647 585 hereditate
673 563 736 598 per
758 564 881 586 omnes
902 552 1018 587 rectas
1039 556 1150 587 metas
1171 556 1208 587 et
1230 551 1353 587 divisas
1374 552 1450 587 suas
1472 552 1562 587 adeo
1585 552 1693 587 libere

207 605 325 653 quiete
355 605 514 653 plenarie
545 611 581 642 et
610 607 806 643 honorifice
835 621 916 643 cum
944 608 1109 643 omnibus
1135 608 1357 644 libertatibus
1386 609 1695 644 commoditatibus

205 661 414 698 aifiamentis
441 668 476 698 et
498 663 597 711 justis
620 665 849 712 pertinenciis
870 665 937 700 suis
954 664 1040 700 ficut
1058 665 1193 713 prefata
1211 666 1355 701 domina
1374 665 1457 701 Ada
1476 666 1608 701 diet-am
1626 671 1696 701 ter-

205 733 279 755 ram
295 720 340 755 de
359 720 559 768 Tulibardy
577 734 656 756 cum
676 722 905 769 pertinenciis
923 722 1067 757 liberius
1085 722 1242 769 quiecius
1256 723 1394 771 plenius
1408 728 1443 758 et
1461 722 1695 758 honorificen-

205 778 278 813 cius
292 777 410 824 aliquo
425 783 586 825 tempore
604 779 721 814 tenuit
739 784 774 814 et
791 779 939 827 poffedit
951 799 959 807 ·
987 779 1166 815 Faciendo
1181 780 1264 815 inde
1279 780 1434 827 prefatus
1445 779 1645 815 W'illelmus
1659 785 1694 814 et

203 835 352 870 heredes
370 835 420 869 sui
437 835 649 870 forinsecum
668 836 855 871 seruicium
873 837 1011 883 regium
1031 841 1066 871 et
1083 836 1185 871 nobis
1211 842 1247 871 et
1269 836 1458 872 heredibus
1481 836 1606 872 nostris
1628 836 1694 872 ser-

202 892 296 927 uicia
319 892 437 927 debita
458 897 494 928 et
515 892 682 927 consueta
702 897 876 939 quantum
900 893 947 928 ad
972 893 1122 929 eandem
1146 898 1276 928 terram
1304 894 1459 940 pertinet
1477 912 1485 921 ·
1507 894 1557 928 ita
1574 899 1694 929 tamen

203 949 299 996 quod
318 962 385 984 nec
403 962 468 984 nos
482 954 544 984 aut
560 949 710 985 heredes
726 949 835 984 nostri
852 949 1049 996 predictam
1066 954 1198 985 terram
1216 950 1260 985 de
1279 949 1477 998 Tulibardy
1490 963 1571 986 cum
1589 951 1696 999 perti-

203 1006 338 1042 nenciis
355 1006 505 1041 vlterius
530 1011 717 1042 teneamur
739 1005 971 1042 warantizare
995 1006 1054 1042 vel
1081 1006 1319 1055 cujuscunque
1340 1007 1492 1043 'alterius
1514 1008 1694 1044 actionem

203 1064 344 1099 rectum
363 1063 422 1099 vel
440 1063 615 1100 clameum
632 1063 825 1099 defendere
849 1062 912 1098 nifi
930 1068 1071 1099 tantum
1089 1076 1154 1112 pro
1173 1064 1308 1100 clameo
1331 1064 1450 1100 nostro
1468 1070 1503 1100 et
1519 1065 1692 1100 heredum

202 1120 406 1156 nostrorum
425 1140 434 1148 ·
463 1121 509 1156 In
526 1120 627 1156 cuius
644 1120 697 1156 rei
714 1120 953 1156 testimonium
967 1121 1118 1169 presenti
1133 1126 1228 1157 carte
1241 1121 1356 1157 nostre
1370 1120 1520 1169 figillum
1535 1121 1692 1157 nostrum

201 1178 350 1214 fecimus
367 1178 498 1226 apponi
517 1197 526 1207 ·
555 1177 637 1216 Hiis
655 1177 798 1215 testibus
810 1197 818 1206 ·
833 1178 1028 1215 venerabili
1041 1179 1078 1213 in
1093 1177 1231 1214 Christo
1245 1184 1344 1227 patre
1359 1179 1504 1214 domino
1516 1180 1690 1215 mauricio

203 1236 275 1272 Dei
292 1236 407 1283 gratia
424 1235 586 1284 episcopo
608 1234 855 1272 Dunblanenfi
873 1254 882 1263 ·
909 1235 1055 1272 domino
1077 1235 1259 1272 Willelmo
1286 1236 1330 1272 de
1357 1239 1482 1273 monte
1504 1236 1576 1272 fixo
1604 1241 1690 1272 tunc

195 1292 390 1341 justiciario
404 1306 449 1329 ex
464 1298 569 1339 parte
584 1293 719 1329 boreali
737 1306 826 1341 aque
846 1293 889 1329 de
903 1293 1018 1329 Forth
1032 1313 1041 1322 ·
1060 1293 1206 1329 domino
1222 1294 1246 1330 J
1248 1294 1388 1329 ohanne
1405 1294 1450 1329 de
1467 1294 1630 1330 (Doravia
1646 1294 1690 1329 de

201 1349 481 1398 Dromsergarth'
497 1353 512 1380 ι’
524 1351 682 1388 ,ὀοῗῑειίῐιο
709 1351 733 1387 J
735 1351 875 1387 ohanne
898 1351 943 1387 de
972 1351 1226 1399 Inchemartyn
1243 1370 1253 1379 ·
1282 1351 1427 1387 domino
1454 1351 1614 1387 Waltero
1645 1351 1689 1387 de

201 1408 387 1444 meneteth
402 1427 411 1436 ·
431 1407 600 1446 militibus
614 1427 623 1436 ·
643 1408 836 1445 malcolmo
851 1408 895 1444 de
909 1408 947 1443 D
962 1427 970 1436 ·
990 1427 1000 1437 ·
1019 1427 1028 1436 ·
1048 1428 1056 1437 -
1076 1408 1169 1457 nych
1181 1428 1190 1437 ·
1210 1408 1391 1444 Willelmo
1409 1408 1453 1444 de
1467 1408 1664 1457 Crambyth
1678 1427 1687 1436 ·

141 1457 155 1483 1
199 1464 224 1501 J
225 1465 366 1501 ohanne
384 1466 428 1501 de
449 1465 672 1514 Inuerpeffry
687 1484 695 1494 ·
711 1471 747 1502 et
763 1465 885 1504 multis
902 1464 1001 1503 aliisss·

122 1751 165 1787 19

201 1629 377 1665 Extentus
396 1630 440 1666 de
460 1629 642 1677 Kylravoc
656 1649 664 1658 ·

201 1744 378 1780 Extentus
404 1749 580 1780 terrarum
607 1744 650 1780 de
679 1743 862 1793 Kylrauoc
887 1748 922 1779 et
948 1744 992 1780 de
1010 1743 1232 1792 Estirgedeys
1258 1756 1327 1791 que
1353 1743 1433 1778 sunt
1452 1742 1620 1791 Hugonis
1643 1744 1686 1779 de

200 1801 277 1837 Ros
300 1807 336 1837 et
358 1802 511 1838 mariote
535 1802 656 1850 sponse
679 1802 738 1838 sue
758 1822 766 1830 ·
787 1802 901 1837 factus
922 1801 1018 1849 apud
1041 1801 1242 1837 Invernarn
1266 1801 1323 1836 die
1347 1801 1514 1836 mercurii
1539 1801 1577 1835 in
1601 1800 1686 1837 festo

199 1858 319 1893 Sancti
342 1859 533 1894 Laurencii
558 1872 653 1894 anno
677 1859 790 1907 gratie
815 1857 984 1894 milefimo
1011 1857 1248 1894 ducentefimo
1278 1856 1507 1905 nonogefimo
1533 1858 1657 1905 quinto
1676 1878 1686 1886 ·

198 1914 268 1950 Per
293 1915 406 1951 bonos
434 1915 566 1963 probos
591 1921 628 1951 et
652 1916 774 1952 fideles
797 1915 959 1951 homines
984 1915 1097 1963 patrie
1122 1927 1197 1951 non
1222 1915 1395 1963 suspectos
1413 1934 1422 1943 ·
1441 1915 1606 1951 videlicet
1622 1928 1685 1963 per

197 1972 285 2008 tales
303 1992 312 2000 ·
344 1986 407 2020 per
440 1973 641 2009 Robertum
671 1973 905 2009 falconarium
928 1992 937 2000 ·
967 1972 1188 2008 Willelmum
1219 1972 1388 2008 Thanum
1419 1972 1462 2008 de
1493 1972 1657 2020 (Dotheys
1674 1991 1683 2000 ·

198 2029 392 2065 Douenald
404 2030 571 2065 Thanum
584 2030 627 2066 de
642 2030 802 2066 Kaledor
814 2049 822 2058 ·
842 2030 1020 2066 Thomam
1030 2034 1238 2065 venatorem
1251 2048 1259 2057 ·
1280 2028 1484 2077 Fergufium
1498 2028 1659 2065 Judicem
1672 2049 1680 2057 ·

198 2086 447 2123 Alexandrum
469 2086 642 2123 Hu1band
656 2106 665 2115 ·
683 2087 707 2124 J
709 2088 885 2123 ohannem
904 2087 1018 2122 filium
1031 2086 1202 2123 Duncani
1216 2106 1224 2115 ·
1244 2086 1463 2123 Duncanum
1481 2087 1525 2122 de
1541 2086 1682 2121 Hurch-

197 2156 287 2192 eney
306 2164 314 2172 ·
335 2144 534 2180 Walterum
552 2144 666 2181 filium
684 2144 825 2181 Thome
849 2144 912 2181 filii
934 2143 1070 2180 Neuini
1088 2163 1096 2173 ·
1126 2144 1323 2181 Ricardum
1340 2144 1412 2182 (0111
1430 2163 1439 2172 ·
1464 2143 1680 2179 Willelmum
