2060 2660
349 188 416 220 15⁰2
740 183 1055 220 REGISTRUM
1085 182 1448 219 MORAVIENSE.

345 283 568 331 pertinentiis
586 282 780 319 earundem
801 302 809 311 ·
832 282 1083 318 consenserunt
1101 287 1136 317 et
1154 281 1356 316 voluntarie
1375 279 1695 326 compromiserunt
1714 280 1750 315 in
1770 293 1846 329 pre-

345 341 481 377 dictum
507 341 743 377 reverendum
762 346 899 389 patrem
917 341 1121 377 Johannem
1140 339 1211 374 Dei
1230 338 1345 385 gratia
1362 336 1565 384 episcopum
1585 337 1845 374 (Doraviensem

344 404 512 447 tanquam
531 398 703 434 arbitrum
725 398 1063 446 compromiss'arium
1089 401 1125 432 et
1148 396 1398 430 arbitratorem
1421 392 1490 429 five
1515 393 1649 430 bonum
1668 395 1784 431 virum
1810 402 1845 432 et

345 456 563 493 amicabilem
584 455 852 504 compositorem
871 454 1052 490 volentem
1072 458 1107 488 et
1125 453 1161 487 in
1180 453 1212 487 se
1231 451 1417 486 arbitrium
1436 451 1679 499 suscipientem
1700 472 1708 481 ·
1734 453 1784 489 ita
1804 460 1845 490 ut

344 513 445 563 possit
463 520 535 550 tam
554 528 598 550 ex
616 514 801 549 arbitraria
818 525 923 560 quam
942 511 1123 546 ordinaria
1140 508 1310 558 potestate
1334 509 1538 545 examinare
1565 529 1574 537 ·
1602 511 1814 558 cognoscere
1834 531 1842 539 ·

343 572 510 608 ordinare
529 592 537 600 ·
563 572 755 607 terminare
774 576 809 606 et
826 568 1065 618 pronunciare
1085 587 1093 595 ·
1121 567 1430 602 interlocutoriam
1458 572 1494 602 et
1521 567 1744 603 diffinitivam
1771 569 1844 605 sen-

342 630 490 666 tentiam
515 630 599 665 dare
626 649 634 657 ·
657 629 749 677 juris
767 628 892 663 ordine
911 627 1047 661 servato
1066 625 1123 660 vel
1142 625 1284 672 penitus
1303 625 1523 673 pretermifl'o
1543 625 1600 660 vel
1625 631 1726 661 extra
1750 627 1844 663 ordi-

342 701 423 723 nem
438 693 546 736 prout
561 687 685 723 melius
699 685 757 721 fibi
773 685 881 721 visum
901 684 1007 719 fuerit
1021 702 1029 711 ·
1051 682 1174 718 diebus
1192 682 1325 718 feriatis
1344 688 1379 718 et
1398 696 1472 718 non
1491 683 1624 718 feriatis
1640 703 1648 711 ·
1663 684 1817 720 sedendo
1833 705 1841 713 ·

342 744 463 781 stando
483 765 491 773 ·
511 744 726 780 ambulando
746 763 754 771 ·
774 743 871 778 omni
890 742 978 777 hora
996 741 1052 776 vel
1071 740 1152 776 loco
1172 760 1180 767 ·
1208 745 1243 775 et
1264 740 1360 788 quod
1382 739 1484 789 poffit
1503 741 1621 777 dicere
1641 761 1649 769 ·
1674 742 1841 779 ordinare

342 803 396 838 vel
419 803 581 838 arbitrari
605 802 708 837 semel
732 806 767 837 et
793 800 925 849 pluries
944 818 952 826 ·
981 804 1016 834 et
1043 798 1143 833 suum
1171 798 1309 833 dictum
1337 804 1373 834 et
1399 798 1663 834 ordinationem
1686 800 1739 835 vel
1770 800 1842 836 sen-

341 861 488 896 tentiam
511 861 700 907 impetrare
719 864 754 894 et
772 858 950 904 corrigere
969 855 992 891 fi
1011 869 1100 903 opus
1119 856 1227 891 fuerit
1245 856 1282 891 in
1301 856 1436 904 scriptis
1453 856 1511 892 vel
1529 855 1600 892 fine
1618 857 1752 905 scriptis
1772 877 1779 885 -
1806 864 1841 894 et

340 924 456 967 partes
475 918 651 966 predictas
670 917 778 952 citare
797 916 840 950 ad
859 927 1108 962 quemcunque
1127 914 1247 949 locum
1262 914 1319 949 vel
1334 914 1414 949 loca
1426 913 1583 949 voluerit
1601 933 1609 942 ·
1639 915 1753 963 Cujus
1767 916 1842 963 qui-

340 976 420 1011 dem
449 975 584 1010 domini
613 974 773 1022 Episcopi
801 973 899 1008 dicto
927 992 935 999 ·
964 972 1182 1007 ordinationi
1206 991 1213 999 ·
1239 972 1348 1007 laudo
1373 991 1382 999 ·
1410 972 1583 1007 sententie
1611 972 1667 1007 vel
1694 973 1841 1009 arbitrio

339 1034 441 1081 super
459 1031 536 1080 ipfis
555 1031 843 1067 contentionibus
863 1050 870 1057 ·
897 1028 1146 1065 controversiis
1165 1049 1172 1057 ·
1199 1029 1339 1078 injuriis
1358 1049 1366 1057 ·
1389 1029 1640 1078 jurisdictione
1660 1049 1667 1058 ·
1697 1030 1841 1067 decimis

338 1096 372 1126 et
390 1090 560 1125 limitibus
579 1110 587 1117 ·
607 1095 642 1125 et
661 1089 813 1137 ipsorum
833 1088 1056 1136 pertinentiis
1076 1107 1083 1115 ·
1108 1088 1262 1136 predicti
1280 1087 1443 1134 magister
1465 1088 1632 1136 Rogerus
1651 1095 1841 1137 precentor

337 1154 372 1184 et
391 1148 567 1185 martinus
589 1148 773 1182 succentor
792 1147 826 1181 in
847 1146 1012 1181 omnibus
1031 1151 1066 1181 et
1084 1158 1148 1194 per
1167 1146 1289 1181 omnia
1311 1146 1354 1181 de
1377 1146 1450 1181 alto
1475 1151 1510 1181 et
1534 1146 1578 1181 de
1600 1146 1694 1182 baffo
1713 1147 1746 1182 se
1764 1147 1840 1196 sup-

337 1206 529 1254 posuerunt
553 1224 560 1232 ·
586 1205 833 1252 promittentes
858 1203 1053 1251 specialiter
1080 1208 1116 1239 et
1142 1204 1299 1252 exprefl'e
1323 1217 1387 1252 per
1411 1203 1674 1252 stipulationem
1693 1204 1841 1254 solemp-

336 1277 416 1299 nem
446 1262 507 1297 sub
535 1275 627 1310 pena
657 1268 801 1297 centum
833 1262 1003 1296 librarum
1033 1261 1164 1297 fabrice
1196 1262 1408 1297 cathedralis
1438 1260 1579 1297 ecclefie
1609 1262 1839 1299 moraviensis

335 1321 515 1356 antedi&e
533 1319 824 1368 applicandaruin
844 1320 940 1367 quod
959 1318 1063 1367 ipsius
1082 1320 1219 1355 domini
1239 1320 1401 1368 Episcopi
1421 1320 1574 1368 predicti
1593 1320 1810 1356 ordinationi
1828 1341 1836 1349 ·

335 1379 441 1414 laudo
460 1378 631 1413 sententie
650 1383 685 1413 et
702 1377 849 1412 arbitrio
869 1378 906 1412 in
925 1377 1091 1413 omnibus
1109 1377 1249 1413 stabunt
1267 1383 1303 1413 et
1321 1377 1619 1426 obtemperabunt
1633 1383 1668 1413 et
1682 1378 1719 1413 in
1736 1379 1837 1415 nullo

335 1436 605 1472 contravenient
624 1436 667 1471 de
679 1437 764 1484 jure
782 1436 839 1471 vel
859 1436 902 1471 dc
921 1436 1017 1471 facto
1041 1455 1049 1463 ·
1073 1435 1183 1471 verbo
1201 1436 1258 1471 vel
1278 1449 1385 1484 opere
1413 1455 1421 1463 ·
1449 1449 1513 1484 per
1532 1435 1564 1470 se
1582 1435 1639 1471 vel
1657 1435 1838 1485 interpofi-

334 1501 406 1530 tam
426 1494 608 1542 personam
628 1513 636 1521 ·
662 1499 698 1529 et
719 1494 814 1541 quod
834 1494 973 1529 nullum
994 1494 1119 1529 dolum
1141 1494 1368 1529 committent
1387 1513 1395 1521 ·
1424 1499 1459 1529 et
1477 1494 1574 1540 quod
1592 1498 1718 1529 contra
1735 1493 1838 1542 ipfius

336 1552 597 1587 ordinationem
611 1571 619 1579 ·
632 1552 967 1599 pronunciationem
981 1552 1039 1587 vel
1058 1552 1254 1600 procefl'um
1274 1552 1414 1587 nullum
1434 1551 1677 1599 impetrabunt
1695 1552 1838 1600 rescrip-

335 1616 412 1645 tum
432 1615 466 1644 ct
485 1609 623 1644 nullum
643 1610 869 1657 privilegium
888 1610 1095 1657 allegabunt
1117 1629 1125 1637 ·
1151 1609 1289 1645 nullam
1316 1609 1564 1658 exceptionem
1592 1610 1808 1657 opponendo
1827 1629 1835 1638 ·

336 1668 372 1702 in
394 1667 496 1701 nullo
519 1672 668 1702 utentur
690 1667 864 1702 beneficio
883 1667 975 1715 juris
1001 1668 1059 1703 vel
1084 1668 1172 1715 legis
1197 1687 1205 1695 ·
1234 1681 1302 1715 que
1322 1667 1378 1703 vel
1401 1667 1499 1714 quod
1517 1667 1618 1702 vitiet
1635 1667 1693 1703 vel
1711 1667 1836 1704 vitiare

335 1723 437 1773 possit
455 1724 651 1772 predictam
668 1723 925 1760 submisfionem
937 1726 994 1761 vel
1009 1724 1355 1774 compromissionem
1371 1744 1379 1753 ·
1395 1723 1464 1760 five
1483 1738 1526 1760 ex
1545 1725 1694 1772 persona
1712 1724 1835 1761 arbitri

336 1783 393 1818 seu
409 1795 452 1817 cx
467 1782 621 1830 personis
636 1783 1003 1830 compromittentium
1016 1784 1072 1819 vel
1085 1797 1129 1819 ex
1144 1784 1249 1819 rebus
1264 1784 1308 1819 de
1322 1783 1450 1830 quibus
1464 1782 1512 1818 est
1526 1783 1812 1831 compromissum
1826 1803 1833 1811 ·

337 1840 588 1876 renunciantes
607 1839 800 1887 specialiter
816 1846 851 1875 et
870 1842 1024 1888 express‘e
1039 1841 1212 1877 beneficio
1228 1841 1387 1877 omnium
1404 1841 1650 1889 predictorum
1670 1846 1705 1876 et
1723 1842 1836 1876 omni-

337 1898 401 1933 bus
420 1897 598 1933 beneficiis
610 1897 702 1945 juris
720 1898 880 1933 canonici
895 1899 951 1934 vel
967 1899 1078 1934 civilis
1091 1913 1131 1935 ac
1146 1899 1311 1935 omnibus
1326 1898 1520 1947 privilegiis
1539 1917 1548 1925 ·
1568 1899 1835 1946 exceptionibus

336 1969 376 1992 ac
394 1955 531 2002 legibus
550 1953 608 1990 fibi
628 1955 664 1989 in
682 1955 747 1990 hac
767 1962 866 2003 parte
885 1958 1169 2005 competentibus
1187 1957 1244 1993 vel
1263 1956 1508 2005 competituris
1527 1975 1535 1983 ·
1566 1956 1614 1991 Et
1631 1956 1696 1992 hec
1715 1958 1836 1992 omnia

337 2019 372 2049 et
390 2011 525 2060 fingula
542 2012 779 2060 promiserunt
798 2027 860 2061 per
877 2014 982 2049 fidem
1009 2021 1044 2051 et
1069 2016 1245 2064 corporali
1272 2014 1416 2063 prestito
1438 2014 1646 2062 juramento
1669 2014 1834 2062 presenti·

335 2071 401 2106 bus
427 2070 653 2105 sacrosanctis
675 2071 867 2118 evangeliis
887 2090 894 2099 ·
924 2072 1022 2107 Aeta
1047 2078 1166 2109 autem
1191 2074 1271 2109 sunt
1297 2074 1362 2108 hec
1389 2085 1485 2108 anno
1505 2091 1513 2100 ·
1532 2071 1729 2107 indictione
1749 2091 1756 2099 ·
1777 2073 1833 2108 die

336 2135 371 2165 et
389 2129 469 2164 loco
488 2127 697 2175 supradictis
724 2147 732 2155 ·
761 2128 978 2176 presentibus
1002 2130 1157 2166 discretis
1175 2132 1259 2167 viris
1278 2130 1450 2178 magistris
1469 2128 1619 2164 Andrea
1640 2128 1833 2165 Hirdman-

336 2186 451 2222 niston
470 2185 720 2220 archidiacono
740 2185 953 2221 Cathanenfi
976 2192 1012 2222 et
1033 2188 1199 2224 Johanne
1226 2190 1325 2224 dicto
1351 2189 1511 2236 Payntur
1537 2186 1710 2222 canonico
1730 2187 1834 2223 Dun-

334 2241 538 2280 keldenenfi
557 2262 565 2270 ·
590 2243 743 2278 dominis
766 2243 931 2280 Johanne
954 2245 997 2280 de
1017 2245 1154 2281 Pilmur
1176 2247 1352 2282 monacho
1371 2246 1415 2281 de
1435 2245 1558 2293 Cupro
1578 2263 1586 2271 ·
1614 2250 1649 2279 et
1667 2244 1833 2281 Johanne

335 2307 508 2350 perpetuo
526 2301 659 2337 vicario
677 2301 722 2337 de
737 2300 829 2336 Duff
832 2301 898 2337 hus
913 2320 922 2330 ο
944 2301 1158 2339 Hermanno
1175 2304 1218 2340 de
1231 2304 1341 2340 Nono
1356 2304 1430 2340 cur’
1445 2322 1453 2331 ·
1469 2308 1505 2338 et
1520 2301 1640 2337 multis
1654 2302 1730 2338 aliis
1744 2302 1833 2339 testi-
