2060 2660
105 1416 151 1453 99

584 162 689 198 REG
697 163 902 200 ISTRUM
931 163 1293 203 MORAVIENSE.
1606 171 1675 204 113

177 262 274 310 jacet
291 261 383 297 infra
399 260 530 296 toftum
546 260 748 296 Alexandri
762 261 807 297 de
823 261 952 296 North’
971 266 1007 297 et
1024 267 1156 297 terram
1171 276 1276 310 quam
1293 263 1457 299 Andreas
1475 266 1676 301 (Doravien-

182 318 224 355 fis
239 318 419 366 quondam
438 317 620 366 episcopus
638 319 724 354 emit
740 318 784 353 de
803 318 986 353 Willelmo
1005 319 1168 354 ortalano
1183 338 1191 347 ·
1210 321 1405 355 tenendum
1423 327 1458 356 et
1475 322 1675 357 habendum

182 376 281 412 dieto
300 375 456 423 capitulo
475 375 512 409 in
530 380 742 423 perpetuum
763 375 807 410 de
826 388 882 410 me
901 381 937 411 et
954 376 1144 411 heredibus
1162 376 1249 411 meis
1267 377 1356 412 adeo
1374 377 1483 413 libere
1502 398 1510 406 ·
1529 379 1646 425 quiete
1666 398 1673 406 ·

180 432 339 481 plenarie
365 438 402 468 et
428 432 625 468 honorifice
651 431 738 468 ficut
761 433 906 480 aliquod
931 432 1145 480 burgagium
1168 434 1206 468 in
1230 446 1343 481 regno
1362 434 1479 469 Scotie
1497 435 1540 470 ab
1557 435 1674 482 aliquo

180 490 324 526 liberius
343 509 352 518 ·
371 490 525 537 quietius
544 510 552 518 -
571 490 711 538 plenius
732 496 768 526 et
789 490 1084 526 honorificentius
1110 496 1255 526 tenetur
1280 496 1317 526 et
1341 489 1533 538 poffidetur
1562 510 1570 518 ·
1598 492 1676 526 red-

179 548 298 583 dendo
324 548 408 583 inde
434 547 579 595 singulis
602 548 705 583 annis
727 548 813 582 mihi
838 553 874 583 et
895 547 1085 583 heredibus
1103 548 1190 583 meis
1207 561 1273 596 pro
1292 548 1389 582 omni
1408 547 1548 582 servitio
1568 567 1576 575 ·
1595 561 1676 582 con-

179 606 364 641 suetudine
385 625 394 633 ·
413 604 558 641 confilio
573 625 582 633 ·
601 605 790 641 exactione
809 610 845 641 et
863 605 1039 640 demanda
1056 610 1092 640 et
1110 605 1275 640 omnibus
1292 605 1367 639 aliis
1385 617 1453 652 que
1472 605 1563 652 exigi
1581 610 1678 652 pote-

179 669 265 699 runt
282 663 421 698 ratione
439 663 601 711 predifite
618 668 714 698 terre
732 676 753 697 a
771 676 827 698 me
845 668 881 698 et
901 662 1090 698 heredibus
1107 662 1195 697 meis
1213 663 1249 697 in
1267 667 1480 710 perpetuum
1500 662 1589 697 duos
1602 662 1677 697 soli-

180 721 244 756 dos
267 740 275 748 ·
304 720 531 756 medietatem
559 720 604 755 ad
631 719 864 756 Pentecosten
889 725 924 755 et
950 720 1055 755 aliam
1083 719 1309 755 medietatem
1334 719 1379 754 ad
1405 719 1529 754 festum
1557 719 1676 755 Sanfifi

180 778 328 815 martini
351 778 388 813 in
413 778 540 826 hyeme
564 778 726 826 proxime
753 778 900 825 sequens
918 797 927 805 ·
956 777 1035 825 Ego
1058 783 1178 812 autem
1198 777 1258 811 ·R·
1278 782 1313 812 et
1335 777 1483 811 heredes
1506 776 1574 811 mei
1601 789 1677 824 pre-

179 835 311 871 dictam
340 841 472 871 terram
497 836 804 871 warantizabimus
827 835 992 883 predffiko
1016 834 1172 883 capitulo
1202 839 1328 869 contra
1349 846 1472 868 omnes
1497 840 1532 868 et
1555 846 1677 869 omnes

179 893 373 929 clamantes
392 913 400 921 ·
433 893 477 928 In
502 893 608 941 hujus
626 893 676 929 rei
695 893 935 929 testimonium
954 893 1036 928 huic
1054 892 1183 940 scripto
1200 891 1350 939 sigillum
1370 904 1488 926 meum
1507 904 1580 926 una
1597 903 1676 926 cum

179 951 361 986 communi
385 950 497 998 figillo
522 951 566 986 de
589 951 708 999 Elgyn
732 951 799 987 feci
823 951 954 999 apponi
977 970 985 978 ·
1025 950 1163 985 Aditum
1188 962 1283 984 anno
1308 949 1420 996 gratie
1440 948 1676 985 ·‹n⁰-cc⁰·xliiii·

178 1009 293 1046 (oense
306 1008 395 1045 Julii
413 1028 422 1036 ·
451 1008 614 1044 Testibus
628 1009 775 1044 domino
791 1009 941 1044 Andrea
955 1008 1123 1056 Wysman
1139 1027 1147 1035 ·
1168 1007 1310 1042 Thoma
1322 1006 1486 1054 VVysman
1502 1026 1509 1034 ·
1531 1006 1677 1040 Warino

181 1065 354 1113 Hayrock
372 1085 380 1094 ·
412 1065 574 1113 Hugone
597 1066 706 1101 fratre
731 1066 807 1114 ejus
826 1086 834 1094 ·
864 1066 1032 1103 Johanne
1051 1065 1095 1101 de
1116 1065 1316 1101 Inverloch’
1337 1084 1345 1092 ·
1375 1064 1586 1100 Alexandro
1604 1063 1677 1098 filio

178 1122 353 1159 Johannis
372 1143 381 1151 ·
402 1123 565 1159 Roberto
584 1123 658 1159 filio
678 1123 796 1159 Alicie
816 1143 824 1152 ‚
844 1129 880 1160 et
898 1123 1020 1159 multis
1037 1123 1114 1159 aliis
1133 1143 1141 1151 -

179 1294 396 1344 Compofitio
414 1296 508 1332 inter
526 1296 574 1332 ·S·
594 1297 796 1345 episcopum
814 1302 850 1333 et
869 1296 1088 1345 Freskynum
1109 1296 1152 1332 de
1172 1296 1335 1333 moravia
1353 1316 1361 1323 ·

178 1411 358 1447 Noverint
382 1425 506 1448 omnes
529 1411 597 1447 hoc
621 1412 788 1460 scriptum
813 1413 920 1448 visuri
942 1413 1000 1448 vel
1023 1412 1180 1448 audituri
1207 1411 1302 1459 quod
1330 1416 1409 1446 orta
1435 1411 1569 1446 dudum
1594 1423 1676 1446 con-

177 1467 345 1504 troversia
371 1470 465 1505 inter
491 1469 731 1505 venerabilem
758 1476 895 1518 patrem
919 1471 966 1506 ·S·
992 1470 1192 1518 episcopum
1221 1468 1479 1506 moraviensem
1507 1482 1550 1504 ex
1577 1473 1675 1516 parte

178 1539 250 1562 una
277 1532 313 1562 et
342 1526 563 1575 Freskynum
594 1527 638 1563 de
669 1528 833 1564 moravia
859 1528 1046 1563 dominum
1073 1528 1117 1562 de
1147 1527 1278 1562 Duffus
1307 1539 1351 1561 ex
1382 1526 1492 1561 altera
1530 1545 1538 1553 ·
1574 1525 1676 1573 super

178 1583 317 1619 usuario
340 1585 497 1619 nemoris
520 1590 556 1620 et
579 1598 679 1620 more
704 1585 747 1620 de
767 1585 888 1633 Spyny
906 1591 942 1621 et
970 1586 1014 1621 de
1038 1585 1209 1632 Fynross'y
1236 1590 1272 1619 et
1298 1583 1496 1619 eorundem
1522 1583 1677 1622 nemoris

178 1646 213 1676 et
238 1654 336 1677 more
361 1641 501 1689 pastura
526 1661 534 1669 ·
562 1655 704 1677 necnon
722 1642 825 1690 super
844 1648 940 1678 terra
957 1656 1025 1690 que
1043 1648 1194 1678 voc-atur
1211 1640 1516 1689 Logynhauedale
1535 1660 1543 1668 ·
1568 1641 1677 1688 sopita

179 1698 227 1734 est
240 1699 384 1735 tandem
398 1699 436 1734 in
454 1700 519 1735 hac
537 1699 652 1735 forma
671 1719 679 1727 ·
698 1700 866 1736 videlicet
883 1700 980 1747 quod
993 1700 1178 1748 predictus
1192 1699 1385 1747 Episcopus
1402 1698 1565 1746 predi&o
1580 1697 1610 1733 F
1611 1697 1676 1733 res-

177 1756 273 1804 kyno
300 1762 336 1792 et
361 1757 552 1793 heredibus
578 1757 645 1792 suis
671 1756 838 1793 concessit
861 1758 1042 1793 usuarium
1069 1757 1226 1793 nemoris
1250 1762 1286 1792 et
1310 1769 1410 1791 more
1429 1755 1672 1803 predictorum

124 1835 127 1837 -
177 1815 373 1850 tenendum
400 1813 460 1850 fibi
487 1814 681 1850 secundum
709 1815 861 1851 formam
890 1814 1153 1864 compositionis
1179 1814 1265 1850 olim
1292 1814 1386 1849 fafite
1418 1813 1520 1861 super
1548 1813 1671 1848 eodem

177 1871 317 1907 usuario
341 1872 435 1908 inter
460 1872 647 1908 Andream
673 1872 767 1908 bone
793 1873 966 1909 memorie
992 1872 1269 1921 predecessorem
1295 1871 1396 1907 suum
1421 1876 1456 1906 et
1476 1870 1672 1906 Walterum

178 1928 221 1964 de
240 1930 402 1966 moravia
420 1930 508 1966 diffi
527 1929 697 1978 Freskyni
714 1930 916 1978 genitorem
936 1950 944 1959 ·
963 1930 1050 1966 ficut
1063 1931 1101 1966 in
1114 1930 1286 1978 scriptura
1300 1929 1558 1977 cyrographata
1571 1928 1672 1976 super

178 1986 299 2022 eadem
318 1987 571 2036 compofitione
588 1988 672 2023 inde
686 1988 851 2024 confecta
863 1988 1003 2037 plenius
1017 1989 1224 2024 continetur
1243 2007 1251 2015 ·
1280 1984 1458 2023 Conceffit
1476 1986 1581 2021 etiam
1601 1985 1671 2020 dic-

178 2049 234 2079 tus
258 2044 451 2093 Episcopus
475 2046 573 2081 dieto
598 2045 779 2093 Freskyno
803 2051 840 2081 et
863 2046 1052 2082 heredibus
1075 2046 1143 2081 suis
1167 2045 1305 2094 pasture
1330 2056 1555 2080 communam
1581 2042 1671 2077 infra

178 2100 302 2137 divisas
317 2100 385 2138 five
400 2103 571 2138 terminos
585 2103 623 2138 in
636 2103 797 2151 predicte
815 2103 985 2152 scripture
1004 2102 1256 2152 compositione
1275 2107 1463 2138 contentos
1480 2100 1618 2149 plenius
1636 2104 1670 2134 et

178 2159 378 2195 nominatos
396 2179 405 2187 ·
424 2160 616 2196 tenendam
631 2159 691 2195 fibi
706 2166 742 2196 et
755 2161 923 2196 salmariis
940 2161 1158 2209 [salinariis
1170 2160 1211 2206 ?]
1227 2160 1271 2195 de
1286 2164 1482 2194 memorato
1498 2157 1669 2204 Episcopo

180 2220 215 2250 et
233 2215 480 2253 succefl'oribus
497 2217 565 2253 suis
584 2237 592 2245 ·
621 2216 799 2254 Conceffit
817 2218 922 2254 etiam
941 2219 1036 2254 idem
1053 2218 1248 2267 Episcopus
1265 2216 1427 2265 predicto
1442 2215 1472 2250 F
1473 2213 1620 2261 reskyno
1635 2218 1670 2247 et

180 2272 366 2310 heredibus
384 2275 451 2310 suis
470 2281 602 2311 terram
622 2275 667 2311 de
686 2274 816 2324 Logyn
833 2276 1071 2324 supradietam
1095 2295 1104 2304 ·
1131 2274 1323 2311 tenendam
1341 2272 1401 2308 fibi
1419 2277 1454 2307 et
1472 2270 1667 2306 habendam

929 2345 951 2369 P
