2066 2780
129 769 176 799 45

604 145 917 181 REGISTRUM
946 145 1307 183 MORAVIENSE.
1652 154 1699 190 39

206 258 312 293 quam
331 245 391 281 diu
409 244 539 279 vixerit
566 263 574 270 ·
602 249 637 278 et
661 243 845 278 reddendo
864 242 966 278 nobis
984 242 1068 278 inde
1086 244 1271 278 annuatim
1290 244 1349 278 dii·
1368 244 1495 280 solidos
1513 247 1557 281 ad
1575 247 1698 283 festum

207 302 329 338 Sandffi
347 301 495 337 martini
515 320 523 329 ·
544 300 707 336 Testibus
724 299 886 348 magistro
903 300 1064 335 Roberto
1082 300 1333 336 archidiacono
1361 320 1369 328 ·
1398 301 1516 336 Bricio
1536 303 1670 340 decano
1691 325 1698 332 ·

207 358 399 394 Lamberto
428 358 612 406 capellano
640 358 790 405 persona
818 358 862 392 de
892 357 1058 405 Kyntray
1090 377 1098 385 ·
1133 357 1293 406 Hugone
1322 358 1451 393 clerico
1481 360 1629 406 persona
1657 362 1701 397 de

206 416 355 464 Duppol
384 435 392 443 ·
426 415 588 450 Henrico
606 416 715 450 fratre
735 414 898 462 Episcopi
915 414 1064 462 persona
1081 415 1126 450 de
1145 415 1254 463 Spyni
1276 435 1284 443 -
1313 415 1456 450 Samuel
1473 415 1674 464 presbytero
1691 438 1698 446 ·

206 473 313 508 Ysaac
331 472 536 520 presbytero
557 492 564 500 ·
585 478 620 508 et
638 472 759 507 multis
777 471 853 507 aliis
872 491 880 499 ·
902 471 1024 507 Amen
1039 491 1047 499 ·

205 653 318 700 Super
336 652 629 687 transmutatione
648 651 737 687 sedis
755 650 967 686 cathedralis
982 669 989 677 ·

206 767 439 803 Innocentius
463 766 644 814 episcopus
668 767 787 802 servus
811 765 994 800 servorum
1014 765 1086 800 Dei
1109 765 1370 801 venerabilibus
1392 765 1559 802 fratribus
1579 768 1699 804 Sancti

204 825 354 860 Andree
389 830 425 860 et
456 822 695 872 Brechynenfi
726 821 907 871 Episcopis
939 828 975 858 et
1010 822 1143 858 ᾶὶἰεᾶὶο
1174 823 1249 858 filio
1279 822 1413 858 Abbati
1441 824 1485 859 de
1519 824 1700 861 Lundoris

205 883 327 918 Samffi
356 881 504 917 Andree
533 880 686 929 dyocefis
716 881 864 916 salutem
892 885 928 916 et
957 879 1183 928 apostolicam
1211 880 1500 917 benedictionem
1536 901 1544 909 ·
1582 883 1700 919 Vene-

204 939 322 974 rabilis
339 939 448 975 srater
465 938 581 974 noster
599 937 830 975 moraviensis
854 937 1038 986 episcopus
1061 951 1125 986 per
1147 938 1225 973 suas
1251 938 1371 974 literas
1396 938 1499 974 nobis
1525 940 1702 976 intimavit

204 997 300 1043 quod
311 1009 393 1032 cum
404 996 562 1044 plerique
576 996 861 1044 predecessorum
877 995 953 1043 ejus
962 1000 1099 1043 ·p1·eter
1113 995 1201 1031 sedis
1214 995 1402 1043 apostolice
1416 998 1701 1033 convenientiam

204 1052 290 1089 ficut
307 1054 421 1089 credit
443 1073 451 1081 -
473 1054 511 1088 in
528 1054 615 1088 locis
633 1053 739 1088 variis
757 1053 874 1088 sedem
892 1051 952 1087 fibi
971 1053 1201 1101 episcopalem
1220 1058 1434 1101 aptaverunt
1459 1073 1466 1081 ·
1493 1054 1587 1090 inter
1613 1069 1701 1091 non—

203 1111 319 1146 nullas
344 1111 429 1146 alias
456 1109 634 1146 ecclesiam
662 1110 792 1146 San&e
812 1110 1001 1145 Trinitatis
1026 1110 1070 1145 de
1093 1110 1214 1158 Spyny
1231 1110 1434 1146 habuerunt
1451 1124 1576 1147 eorum
1594 1112 1702 1160 aliqui

204 1168 443 1203 cathedralem
489 1187 497 1195 ·
537 1167 665 1215 Nuper
691 1172 811 1202 autem
830 1167 945 1202 clerus
963 1172 999 1202 et
1016 1167 1170 1215 populus
1188 1166 1329 1203 ecclefie
1347 1168 1577 1204 moraviensis
1595 1170 1639 1205 ab
1658 1184 1701 1206 eo

204 1238 286 1260 cum
304 1225 467 1260 instantia
483 1225 665 1272 petierunt
683 1244 692 1252 ·
711 1230 753 1259 ut
775 1237 856 1259 cum
878 1224 978 1259 locus
999 1225 1036 1259 in
1060 1237 1131 1271 quo
1155 1225 1329 1260 hactenus
1346 1225 1443 1260 sedes
1460 1225 1567 1261 fuerit
1585 1228 1701 1263 cathe-

205 1282 311 1317 dralis
329 1283 450 1317 erecta
467 1281 507 1317 fit
524 1282 561 1317 in
579 1282 734 1329 quodam
758 1281 892 1328 angulo
916 1281 1022 1316 maris
1044 1280 1175 1328 pofitus
1193 1282 1239 1316 ad
1256 1294 1361 1328 quem
1379 1282 1500 1317 nullus
1521 1284 1702 1330 parochia-

204 1352 335 1374 norum
353 1339 496 1375 suorum
514 1339 628 1387 potest
644 1337 714 1374 fine
730 1339 986 1386 impedimento
1000 1337 1146 1373 tranfire
1161 1358 1170 1366 ·
1184 1338 1223 1374 in
1236 1338 1306 1374 alio
1320 1339 1431 1386 magis
1444 1352 1606 1387 congruo
1619 1341 1699 1377 loco

204 1397 320 1432 sedem
340 1397 571 1445 episcopalem
590 1396 757 1432 ordinare
775 1401 917 1431 curaret
936 1415 944 1423 ·
963 1396 1023 1443 qui
1040 1395 1204 1444 precibus
1218 1400 1254 1431 et
1266 1396 1359 1431 votis
1377 1409 1501 1432 eorum
1516 1402 1641 1445 utpote
1655 1399 1699 1434 de

204 1454 344 1501 pietatis
368 1454 497 1489 affefim
523 1454 815 1502 provenientibus
836 1453 1026 1489 inclinatus
1051 1472 1060 1481 ·
1087 1452 1313 1488 confideratis
1335 1453 1561 1500 qualitatibus
1579 1468 1699 1490 rerum

205 1517 240 1546 et
257 1511 420 1547 locorum
438 1511 679 1558 quorumlibet
697 1510 965 1546 circumstantiis
983 1530 992 1538 ·
1018 1511 1217 1559 prediGtam
1235 1509 1414 1546 ecclefiam
1433 1511 1563 1546 San&e
1582 1511 1700 1547 Trini-

204 1569 287 1604 tatis
305 1569 516 1604 cathedralis
534 1568 681 1604 honoris
699 1569 805 1604 titulo
820 1568 975 1616 previdit
991 1568 1085 1603 inter
1103 1573 1237 1604 ceteras
1254 1568 1427 1615 aptiorem
1454 1587 1462 1595 ·
1489 1568 1587 1604 unde
1606 1582 1699 1605 com-

203 1626 384 1661 municato
399 1626 544 1673 capituli
558 1626 608 1660 sui
622 1626 731 1661 totius
745 1626 967 1673 aliorumque
978 1626 1139 1661 virorum
1152 1625 1373 1673 prudentum
1387 1623 1531 1660 confilio
1544 1645 1553 1653 ·
1565 1639 1699 1662 memo-

203 1688 314 1718 ratam
329 1681 506 1718 ecclefiam
519 1683 676 1718 decrevit
690 1683 840 1718 statuere
854 1683 891 1718 in
905 1688 1118 1731 perpetuum
1133 1701 1141 1710 ·
1157 1682 1201 1718 de
1215 1682 1466 1718 convenientia
1478 1687 1599 1718 tamen
1612 1683 1700 1719 sedis

204 1739 390 1788 apostolice
410 1760 418 1768 ·
438 1740 675 1776 cathedralem
692 1760 700 1768 ·
715 1741 885 1776 indufiffls
903 1741 948 1776 ad
965 1741 1002 1775 id
1019 1740 1229 1788 plerumque
1247 1739 1386 1775 ratione
1405 1739 1588 1775 causarum
1605 1741 1699 1777 inter

204 1810 290 1844 quas
304 1797 499 1845 specialiter
512 1798 575 1832 has
590 1798 728 1833 notavit
747 1817 755 1825 ·
773 1798 895 1840 Quum
910 1811 977 1833 nec
991 1796 1102 1833 defint
1114 1797 1362 1833 malefa&ores
1375 1797 1436 1844 qui
1449 1797 1577 1833 Christi
1590 1799 1699 1834 eccle-

204 1852 286 1889 fiam
304 1855 343 1890 in
360 1855 428 1890 illis
442 1856 600 1903 partibus
614 1856 749 1903 semper
763 1855 1023 1903 persequuntur
1035 1855 1081 1890 ad
1095 1855 1215 1890 locum
1228 1854 1340 1903 ipsum
1358 1854 1396 1889 in
1410 1868 1481 1902 quo
1496 1854 1544 1890 est
1557 1854 1699 1891 ecclefia

203 1911 275 1959 ipsa
299 1910 361 1947 fita
387 1912 431 1947 de
457 1912 551 1948 facili
577 1913 620 1947 ab
647 1913 713 1947 hiis
737 1925 812 1948 non
835 1913 954 1948 aditur
978 1932 987 1940 ·
1012 1918 1048 1948 et
1065 1917 1229 1960 preterea
1246 1912 1440 1960 Episcopus
1457 1912 1505 1947 ibi
1522 1911 1699 1960 prefidens

203 1968 330 2004 melius
348 1974 384 2004 et
402 1969 585 2005 decentius
603 1970 749 2005 domino
769 1970 863 2017 Regi
884 1969 997 2018 potest
1018 1970 1211 2018 spiritualia
1228 1974 1264 2005 et
1281 1969 1491 2017 temporalia
1512 1970 1700 2005 commoda

204 2025 399 2062 ministrare
431 2046 439 2054 ·
469 2027 644 2063 Volentes
669 2027 779 2074 igitur
805 2027 843 2062 in
868 2027 934 2063 hac
957 2032 1057 2075 parte
1081 2027 1232 2075 gratiam
1256 2027 1306 2063 eis
1329 2027 1449 2062 taliter
1469 2027 1584 2062 facere
1602 2028 1698 2074 quod

204 2095 278 2118 non
295 2083 371 2119 aliis
389 2084 555 2132 injuriam
574 2085 769 2120 referamus
787 2104 796 2112 ·
816 2084 1018 2120 discretioni
1034 2084 1148 2121 vestre
1164 2098 1229 2133 per
1246 2084 1436 2132 apostolica
1453 2084 1580 2132 scripta
1602 2097 1698 2119 man-

204 2139 329 2175 damus
351 2146 457 2188 atque
479 2142 693 2189 precipimus
715 2141 882 2189 quatinus
898 2140 1061 2189 inquifita
1081 2142 1184 2191 super
1205 2142 1272 2177 hiis
1297 2141 1502 2189 diligentius
1524 2141 1673 2176 veritate
1688 2160 1695 2168 ·

203 2194 228 2231 fi
243 2197 370 2244 absque
389 2198 481 2246 juris
498 2198 694 2247 prejudicio
713 2199 819 2235 alieni
837 2204 872 2235 et
889 2199 927 2234 in
943 2199 1210 2248 ampliationem
1229 2199 1341 2235 divini
1361 2199 1478 2234 cultus
1496 2198 1585 2233 illud
1603 2198 1699 2233 inve-

204 2253 329 2289 neritis
343 2256 437 2302 pofl'e
456 2255 532 2291 fieri
558 2275 566 2283 ·
591 2256 763 2304 prefatam
782 2255 961 2293 ecclefiam
979 2257 1191 2293 cathedralis
1209 2257 1356 2292 honoris
1374 2256 1480 2291 titulo
1500 2255 1674 2291 decoretis
1689 2274 1697 2282 ·
