2060 2660
362 179 434 212 242
754 174 1071 213 REGISTRUM
1100 174 1321 211 MORAVI
1328 174 1422 210 ENS
1429 174 1470 209 E.

366 275 470 311 eleffl
491 294 499 303 ·
525 280 634 323 prout
660 275 698 310 in
724 274 958 310 instrumento
985 272 1303 323 compromiffionis
1330 273 1480 320 desuper
1506 272 1602 307 sac'to
1624 271 1764 319 plenius
1789 286 1871 309 con-

365 334 501 368 tinetur
520 352 529 360 ·
555 332 729 381 prefatam
756 333 895 368 causam
922 338 958 368 et
984 332 1102 367 causas
1128 345 1194 380 pro
1220 330 1356 366 ultimis
1380 335 1417 365 et
1439 329 1605 364 finalibus
1629 329 1842 367 diffinitione
1861 351 1869 359 ·

366 390 474 426 laudo
501 410 509 418 ·
540 389 714 426 decifione
745 396 782 426 et
812 391 957 425 decreto
989 390 1182 424 earundem
1219 387 1414 423 secundum
1449 386 1601 422 formam
1634 388 1869 434 compromifli

365 448 538 484 antedi&
556 448 664 496 usque
684 448 861 484 decimum
880 447 1027 482 tertium
1047 447 1139 481 diem
1160 444 1285 481 menfis
1301 443 1455 492 Augusti
1472 445 1639 492 proximo
1656 445 1769 481 futuri
1788 460 1868 482 cum

366 506 505 542 dierum
536 506 807 541 continuatione
838 504 1042 539 immediate
1072 503 1294 550 sequentium
1315 521 1323 530 ·
1351 502 1479 550 absque
1508 502 1687 539 did-tarum
1714 505 1868 552 partium

365 564 562 612 prejudicio
591 569 626 599 et
653 564 697 599 de
724 562 922 599 eorundem
948 561 1115 596 consensu
1144 560 1398 595 continuamus
1426 560 1652 596 extendimus
1679 567 1715 597 et
1740 562 1778 597 in
1805 563 1870 598 hiis

365 621 499 670 scriptis
525 634 761 669 prorogamus
784 640 792 648 ·
820 620 919 655 dieto
948 618 1196 666 compromiss'o
1223 618 1262 652 in
1289 617 1454 653 omnibus
1479 619 1624 666 punGtis
1651 625 1687 655 et
1712 621 1870 656 articulis

365 679 433 714 suis
450 679 487 714 in
505 679 567 714 suo
589 679 718 714 robore
737 684 773 714 et
790 678 920 713 effectu
940 677 1114 711 duraturo
1134 695 1142 703 ·
1162 675 1321 723 partibus
1339 674 1417 724 ipfis
1435 676 1607 724 prediEtis
1628 690 1748 713 coram
1768 679 1870 714 nobis

366 737 655 785 promittentibus
690 735 929 783 obligantibus
963 739 999 769 et
1031 733 1234 782 hujusmodi
1269 734 1532 769 continuationi
1568 735 1870 772 consentientibus

365 795 462 842 quod
486 795 629 830 interim
653 807 716 842 per
742 794 775 829 se
796 793 853 828 vel
877 792 1053 827 submissas
1074 791 1240 839 personas
1262 797 1325 827 aut
1348 805 1412 840 per
1435 805 1648 841 quecunque
1669 795 1788 830 media
1811 808 1869 831 ex-

365 851 488 900 quifita
506 853 642 888 direelae
661 852 718 887 vel
736 851 912 886 indireete
931 849 1072 885 nullum
1091 855 1329 897 procurarent
1352 850 1648 898 impedimentum
1675 858 1738 887 aut
1764 866 1869 888 excu-

364 910 534 946 sationem
559 922 807 957 quamcunque
831 913 1076 956 proponerent
1102 908 1294 955 quominus
1320 908 1365 943 ad
1392 907 1643 944 diffinitionem
1659 929 1667 937 ·
1692 910 1839 946 laudum
1859 931 1867 938 -

365 967 575 1003 decifionem
605 973 640 1003 et
667 968 850 1002 decretum
876 966 1072 1001 earundem
1099 965 1283 1001 causarum
1310 966 1553 1014 predkstarum
1581 967 1680 1003 dieto
1703 968 1760 1004 die
1787 982 1866 1004 cum

365 1026 503 1061 dierum
531 1025 802 1061 continuatione
830 1024 1035 1059 immediate
1061 1023 1346 1072 subsequentium
1377 1024 1572 1073 procedere
1602 1025 1777 1073 pofi'emus
1807 1033 1868 1062 aut

364 1097 569 1119 curaremus
595 1097 675 1118 cum
702 1082 832 1118 effeetu
855 1101 863 1109 ·
902 1082 1017 1130 Super
1044 1082 1172 1130 quibus
1200 1082 1366 1117 omuibus
1394 1088 1430 1117 et
1458 1081 1603 1130 fingulis
1629 1083 1748 1119 dustus
1771 1097 1869 1120 reve-

364 1142 496 1176 rendus
524 1146 625 1189 pater
653 1154 674 1176 a
703 1140 806 1175 nobis
834 1140 983 1175 notariis
1012 1140 1163 1189 publicis
1193 1140 1420 1188 infrascriptis
1448 1139 1509 1176 fibi
1537 1154 1650 1176 unum
1677 1141 1735 1177 vel
1766 1142 1868 1191 plura

364 1199 545 1248 publicum
574 1198 631 1234 vel
662 1198 804 1247 publica
833 1197 1108 1234 instrumentum
1137 1198 1192 1234 vel
1226 1198 1460 1234 instrumenta
1489 1198 1567 1234 fieri
1597 1200 1700 1248 petiit
1724 1219 1732 1228 ·
1772 1200 1869 1236 Αᾶὶξι

363 1263 464 1293 erant
489 1257 554 1292 hec
578 1257 614 1291 in
637 1255 781 1292 ecclefia
802 1256 996 1304 parochiali
1020 1256 1064 1291 de
1084 1256 1187 1292 Narn
1206 1256 1267 1292 sub
1285 1269 1381 1291 anno
1401 1256 1518 1292 mense
1537 1257 1594 1292 die
1612 1257 1812 1294 indiffione
1833 1266 1868 1295 et

362 1315 571 1364 pontificatu
596 1314 836 1363 suprascriptis
855 1333 863 1341 ·
890 1314 1110 1362 presentibus
1128 1314 1260 1350 ibidem
1279 1314 1541 1350 venerabilibus
1559 1315 1644 1350 viris
1663 1316 1815 1352 dominis
1833 1328 1869 1353 et

363 1373 534 1421 magistris
555 1372 703 1408 Valtero
724 1371 826 1420 Lessy
845 1373 1019 1408 canonico
1038 1371 1287 1408 Dunkeldenfi
1306 1392 1315 1401 ·
1342 1372 1510 1410 Johanne
1529 1373 1642 1421 Spens
1663 1375 1805 1410 redtore
1825 1375 1868 1411 de

361 1430 563 1467 Johnstoun
582 1450 590 1458 ·
621 1430 784 1466 Roberto
810 1430 919 1466 Innes
944 1431 981 1465 in
1005 1430 1147 1479 Drainy
1167 1451 1175 1459 ·
1202 1431 1370 1467 ¹Iohanne
1391 1430 1501 1466 Innes
1524 1431 1561 1466 in
1584 1431 1839 1482 Drumkenyty
1859 1453 1866 1461 ·

363 1495 397 1524 et
419 1489 580 1524 Henrico
599 1489 727 1537 Troup
747 1508 755 1516 ·
781 1501 863 1524 cum
889 1487 1032 1524 diverfis
1058 1489 1136 1524 aliis
1162 1488 1305 1525 testibus
1328 1489 1372 1524 ad
1396 1489 1558 1538 premissa
1579 1491 1713 1525 vocatis
1736 1493 1869 1539 pariter

363 1553 398 1582 et
416 1547 548 1594 rogatis
567 1566 575 1574 ·

366 1605 412 1640 Et
430 1618 497 1651 ego
516 1604 707 1639 Donaldus
721 1605 863 1640 Thome
878 1604 1059 1654 presbyter
1073 1605 1305 1643 moraviensis
1319 1606 1497 1641 dioceseos
1515 1605 1677 1654 publicus
1695 1607 1866 1655 imperiali

363 1662 579 1698 amstoritate
598 1662 759 1698 notarius
777 1663 860 1710 quia
884 1662 1054 1711 premiffis
1079 1664 1245 1700 omnibus
1268 1669 1303 1700 et
1326 1663 1471 1711 fingulis
1494 1664 1580 1699 dum
1604 1663 1649 1700 fic
1667 1670 1708 1701 ut
1725 1667 1867 1713 premit-

363 1720 451 1755 titur
469 1725 662 1767 agerentur
681 1720 887 1756 dicerentur
906 1727 941 1756 et
959 1721 1087 1757 fierent
1103 1735 1177 1758 una
1195 1735 1275 1758 cum
1295 1722 1553 1770 prenominatis
1571 1722 1714 1758 testibus
1727 1724 1867 1772 presens

365 1778 510 1813 interfui
533 1791 644 1825 eaque
667 1779 787 1813 omnia
805 1784 840 1814 et
858 1778 994 1827 lingula
1012 1779 1056 1815 fic
1074 1780 1152 1816 fieri
1171 1786 1206 1816 et
1225 1780 1294 1816 dici
1312 1780 1386 1816 vidi
1404 1780 1486 1815 scivi
1505 1785 1541 1816 et
1558 1780 1679 1816 audivi
1697 1787 1733 1817 et
1750 1782 1787 1817 in
1805 1795 1867 1818 no-

363 1842 436 1871 tam
461 1836 537 1883 cepi
565 1836 716 1883 ideoque
740 1836 808 1871 hoc
833 1838 974 1885 presens
1000 1838 1274 1874 instrumentum
1302 1838 1483 1887 publicum
1510 1839 1639 1874 exinde
1663 1840 1865 1876 confefflmm

364 1907 444 1930 mea
465 1906 573 1928 manu
598 1894 742 1941 propria
760 1894 925 1942 scriptum
944 1896 981 1931 in
1000 1896 1091 1932 hanc
1109 1897 1260 1932 sormam
1280 1896 1459 1945 publicam
1477 1897 1600 1944 redegi
1618 1895 1787 1946 fignoque
1805 1911 1867 1934 no-

364 1953 459 1989 mine
483 1953 698 1999 cognomine
722 1959 758 1988 et
781 1953 1032 2002 subscriptione
1060 1956 1147 1991 meis
1173 1955 1282 1991 solitis
1309 1961 1344 1991 et
1369 1955 1545 1991 consuetis
1566 1968 1640 1990 una
1662 1968 1743 1991 cum
1762 1956 1866 1992 infraf

363 2011 491 2059 scripto
510 2011 651 2045 notario
666 2010 809 2058 publico
825 2010 956 2058 signavi
975 2019 1121 2061 rogatus
1140 2019 1175 2050 et
1193 2012 1378 2061 requisitus
1395 2013 1433 2048 in
1451 2013 1559 2048 fidem
1574 2018 1610 2049 et
1627 2013 1864 2050 testimonium

363 2069 522 2104 omnium
543 2074 578 2103 et
596 2067 815 2115 singulorum
833 2070 1078 2116 premissorum
1098 2091 1106 2100 -

365 2127 412 2162 Et
431 2140 498 2174 ego
517 2126 711 2162 Gillelmus
731 2126 852 2174 Dowy
872 2126 1052 2176 presbyter
1071 2129 1193 2165 SanGH
1213 2129 1364 2165 Andree
1382 2128 1560 2165 dioceseos
1579 2129 1740 2177 publicus
1758 2130 1865 2178 impe-

363 2184 440 2220 riali
460 2190 496 2220 et
514 2184 625 2232 regali
644 2184 918 2220 auetoritatibus
937 2187 1097 2222 notarius
1118 2185 1289 2235 premissis
1310 2187 1476 2223 omnibus
1497 2193 1533 2222 et
1556 2185 1699 2234 singulis
1718 2187 1803 2223 dum
1822 2187 1865 2223 fic

363 2249 403 2278 ut
422 2242 641 2291 premittitur
658 2247 852 2290 agerentur
871 2243 1076 2280 dicerentur
1097 2259 1137 2280 ac
1158 2246 1287 2282 fierent
1304 2259 1378 2282 una
1395 2258 1476 2281 cum
1501 2245 1758 2293 prenominatis
1776 2245 1865 2282 testi-
