1912 2660
224 761 281 789 466

226 1047 282 1077 467

226 1478 283 1506 468

226 1996 284 2024 469

302 97 374 129 ‹12⁶2ss
699 91 1015 129 REGISTRUM
1045 91 1408 128 MORAVIENSE.

303 201 388 230 copus
403 190 514 219 cassavit
529 196 557 219 et
572 190 740 224 annullavit,
755 191 788 219 de
802 189 937 218 consensu
951 189 1076 227 capituli,
1088 190 1232 217 decretum
1243 188 1325 216 suum
1336 187 1488 225 capitulare
1499 187 1588 215 latum
1604 188 1638 215 16
1650 187 1694 214 die
1706 188 1814 225 Aprilis

308 240 384 268 1540
399 239 481 277 super
494 238 693 267 reformatione
708 238 884 266 mansionum
899 237 1115 275 prescriptarum
1130 237 1179 264 sub
1194 245 1275 274 paena
1288 234 1443 263 taxationis
1458 234 1573 262 summae
1587 234 1764 272 pecuniariae,
1779 245 1816 263 ex

305 297 360 324 quo
379 286 498 315 sortuffis
519 296 570 324 per
589 286 667 314 illam
687 285 863 315 taxationem
882 285 911 312 in
930 285 990 312 vita
1008 284 1131 311 hominis
1146 293 1203 311 non
1218 282 1430 320 reparabuntur.
1472 281 1599 309 Demum
1614 281 1769 320 Episcopus
1783 283 1817 312 de

305 334 439 363 consensu
454 339 483 362 et
497 334 602 362 ass'ensu
616 333 745 362 omnium
760 333 969 365 canonicorum,
983 332 1096 368 dempto
1111 330 1225 358 domino
1241 329 1368 362 Demo,
1383 328 1507 357 decrevit
1522 329 1597 366 quod
1611 329 1739 357 canonici
1749 329 1816 358 refi-

305 381 411 410 debunt
426 382 578 410 secundum
590 386 718 410 tenorem
730 380 928 408 fundationum
940 379 1054 406 suorum
1065 377 1275 410 beneficiorum,
1285 376 1334 404 sub
1346 386 1427 414 paena
1437 376 1561 414 septimae
1572 377 1659 415 partis
1670 377 1816 406 fructuum

305 429 419 457 suorum
438 429 638 457 beneficiorum
661 428 799 456 solvendae
821 425 962 454 canonicis
983 425 1176 458 residentibus,
1193 423 1280 462 juxta
1294 423 1413 451 formam
1428 424 1536 462 antiqui
1550 424 1605 453 acti
1619 425 1736 463 desuper
1750 435 1816 453 con-

305 476 381 510 secti,
404 482 433 505 et
454 477 527 515 quod
547 477 581 504 ad
600 476 681 503 illum
703 475 835 503 effectum
856 472 982 501 canonici
1002 472 1127 500 citentur
1146 481 1197 509 per
1217 471 1340 499 edictum
1361 471 1506 509 publicum
1526 472 1561 500 ad
1577 472 1727 500 erastinum
1742 472 1816 501 diem

305 524 366 562 post
387 524 523 561 synodum
540 522 748 551 Mox-aviensem
768 521 897 559 proxime
916 520 1065 548 futurum:
1089 519 1135 547 De
1150 528 1205 556 quo
1220 518 1288 547 dicti
1308 519 1435 547 canonici
1450 524 1529 548 erant
1544 520 1680 553 contenti,
1696 525 1815 558 excepto

307 572 432 604 Decano,
454 572 502 609 qui
524 571 596 599 dixit
618 570 771 607 vulg-ariter
791 573 840 606 Pae
859 568 975 605 hesuld
993 566 1095 595 behald
1112 567 1144 594 it.
1186 567 1294 595 Actum
1309 566 1339 594 in
1353 566 1415 595 loco
1430 567 1576 605 capitulari
1594 568 1630 596 14·
1646 567 1813 596 Novembris

311 619 396 646 1540.

308 760 531 788 Instrumentum
545 759 627 797 super
640 758 776 797 potestate
797 767 813 785 a
831 756 972 785 canonicis
992 755 1148 793 capitulum
1164 755 1345 785 Moraviense
1363 756 1619 795 representantibus
1633 757 1697 786 data
1710 757 1816 786 Jacobo

310 808 466 846 Hepburne
480 806 650 836 thesaurario
665 804 836 833 Mor-avienfi
857 804 891 832 ad
909 803 1084 841 prestandum
1098 803 1287 832 obedientiam
1301 804 1440 842 Episcopo
1454 805 1569 833 nomine
1588 805 1709 843 ipsorum
1722 817 1729 838 ;
1750 815 1815 834 nec-

309 865 366 883 non
382 855 462 893 super
476 854 634 883 obedientia
647 858 676 882 et
690 853 824 881 fidelitate
838 861 854 879 a
868 851 943 879 dicto
956 856 1137 889 procuratore
1151 861 1202 889 pro
1213 851 1241 879 se
1253 856 1281 880 et
1292 852 1433 880 canonicis
1446 852 1592 891 Episcopo,
1603 853 1721 890 genibus
1733 853 1814 882 flexis

309 913 374 931 cum
382 903 545 942 juramento
560 901 680 939 prestita.
723 901 798 928 Acta
811 899 841 927 in
855 898 917 927 loco
932 898 1077 937 capitulari
1093 902 1111 931 9
1127 899 1200 927 Maii
1217 900 1301 928 1541.

311 1045 533 1073 Instrumentum
550 1043 672 1071 alterum
693 1042 776 1080 super
791 1042 888 1070 eadem
902 1041 1037 1070 fidelitate
1052 1042 1086 1070 ab
1100 1042 1199 1070 eodem
1214 1047 1394 1081 procuratore
1408 1042 1489 1077 facta,
1510 1044 1602 1072 verbis
1615 1044 1817 1083 infrascriptis;

310 1092 372 1129 Ego
385 1092 507 1119 Jucobus
522 1090 679 1129 Hepburne
698 1089 888 1118 thesaurarius
907 1089 1102 1128 presidensque
1125 1090 1241 1128 capituli
1264 1100 1315 1128 pro
1337 1096 1465 1129 tempore
1487 1091 1672 1121 Moraviensis
1696 1093 1816 1121 ecclefiae

308 1144 525 1178 procuratorque
544 1143 572 1167 et
594 1148 627 1166 eo
648 1137 764 1166 nomine
785 1137 982 1165 canonicorum
996 1137 1151 1176 capitulum
1166 1137 1289 1176 ejusdem
1303 1139 1565 1176 representantium,
1586 1149 1636 1177 pro
1650 1150 1696 1169 me
1710 1145 1739 1169 et
1752 1141 1817 1169 reli-

309 1187 369 1225 quis
385 1186 525 1214 canonicis
539 1185 671 1224 ejusdem,
687 1195 734 1213 ero
749 1185 829 1214 vobis
843 1185 998 1214 reverendo
1012 1185 1042 1212 in
1055 1185 1167 1215 Christo
1181 1185 1254 1224 patri
1269 1190 1297 1214 et
1311 1186 1425 1214 domino
1439 1186 1554 1214 domino
1569 1187 1691 1216 Patricio
1705 1188 1815 1216 misera-

308 1235 386 1264 tione
407 1234 502 1262 divina
522 1233 693 1262 Moraviensi
713 1233 841 1272 episcopo
858 1233 1149 1271 commendatarioque
1171 1233 1204 1261 de
1229 1234 1320 1262 scona
1341 1238 1370 1262 et
1390 1234 1487 1262 vestris
1509 1234 1704 1264 succeffuribus
1719 1236 1816 1264 Mora·-

309 1283 447 1311 vienfibus
462 1282 596 1321 episcopis
610 1281 742 1310 canonice
756 1281 928 1310 intrantibus
939 1281 1027 1310 fidelis
1042 1286 1071 1310 et
1085 1281 1227 1316 obediens,
1238 1281 1274 1310 fic
1285 1291 1331 1310 me
1343 1281 1424 1311 Deus
1435 1282 1558 1321 adjuvet,
1570 1287 1597 1311 et
1608 1293 1659 1321 per
1669 1284 1728 1312 haec
1742 1283 1816 1312 sacra

310 1331 366 1359 Dei
381 1330 535 1368 evangelia.
577 1330 686 1358 Eodem
700 1329 745 1358 die
759 1334 788 1359 et
802 1329 874 1358 loco.

311 1473 534 1501 Instrumentum
548 1473 582 1501 de
597 1472 731 1501 fidelitate
746 1482 762 1500 a
774 1472 949 1501 Cancellario
968 1471 1041 1500 facta
1055 1471 1202 1510 Episcopo,
1217 1471 1336 1509 genibus
1351 1471 1434 1500 flexis
1448 1477 1476 1500 et
1491 1472 1573 1501 tactis
1588 1473 1750 1511 evangeliis,
1764 1473 1813 1502 sub

310 1521 361 1548 hac
375 1520 481 1553 forma;
503 1521 565 1557 Ego
579 1520 599 1548 J
601 1520 702 1548 acobus
717 1520 855 1548 Gordoun
869 1519 1050 1548 cancellarius
1064 1519 1184 1548 ecclefiae
1199 1519 1364 1548 cathedralis
1380 1519 1565 1548 Moravienfis
1579 1530 1626 1549 ero
1641 1521 1719 1549 vobis
1734 1530 1813 1550 reve-

310 1568 396 1595 rendo
410 1568 439 1595 in
455 1567 566 1596 Christo
581 1567 653 1606 patri
668 1567 791 1596 Patricio
805 1567 977 1596 Moravienfi
992 1567 1120 1605 episcopo
1135 1572 1164 1596 et
1178 1566 1276 1596 vestris
1290 1567 1486 1595 successoribus
1500 1567 1633 1606 episcopis
1648 1569 1812 1597 Moravien-

311 1615 383 1643 sibus
397 1615 528 1643 canonice
542 1615 721 1649 intrantibus,
736 1615 844 1653 semper
857 1615 990 1644 obediens
1005 1619 1033 1644 et
1045 1614 1143 1649 fidelis,
1159 1614 1194 1643 fic
1208 1624 1255 1643 me
1266 1614 1347 1643 Deus
1361 1614 1484 1653 adjuvet,
1495 1620 1524 1644 et
1534 1625 1584 1653 per
1594 1616 1653 1644 haec
1667 1616 1741 1644 sacra
1755 1617 1813 1645 Dei

310 1662 473 1699 evangelia;
495 1663 588 1693 Quam
602 1662 790 1691 obedientiam
803 1667 832 1691 et
846 1663 1011 1692 fidelitatem
1027 1662 1180 1701 Episcopus
1194 1662 1385 1691 favorabiliter
1405 1667 1433 1691 et
1447 1668 1591 1700 gratanter
1607 1668 1690 1701 prout
1704 1664 1738 1692 de
1746 1663 1813 1702 jure

310 1709 339 1737 in
362 1710 495 1738 similibus
517 1710 574 1738 fine
596 1720 761 1748 quocunque
782 1710 985 1749 impedimento
1005 1709 1125 1748 gratiose
1146 1709 1302 1748 acceptavit
1321 1715 1475 1748 tenoreque
1494 1710 1664 1748 presentium
1677 1717 1813 1749 acceptat.

311 1757 440 1786 Testibus
463 1757 586 1786 Patricio
609 1758 774 1796 Hepburne,
795 1758 941 1788 Willelmo
964 1758 1080 1792 Sinclar,
1103 1758 1209 1787 Jacobo
1229 1757 1338 1796 Magno
1361 1762 1389 1786 et
1411 1758 1525 1786 domino
1547 1758 1657 1787 Thoma
1676 1758 1811 1788 Swenton

310 1805 461 1843 capellano,
477 1805 592 1834 Andrea
607 1806 710 1843 Strang
724 1806 842 1835 notario.
885 1808 993 1836 Actum
1015 1806 1045 1834 in
1067 1805 1196 1835 cubiculo
1218 1805 1349 1844 Episcopi
1369 1804 1443 1834 infra
1462 1806 1584 1844 burgum
1604 1806 1638 1835 de
1660 1806 1758 1842 Perth‚
1776 1808 1812 1836 14

312 1852 418 1890 Aprilis
436 1854 519 1880 1547.

312 1994 535 2022 Instrumentum
554 1994 587 2022 de
608 1994 766 2023 obedientia
784 1999 812 2023 et
830 1995 964 2024 fidelitate
985 2006 1001 2024 a
1018 1996 1135 2025 Decano
1155 2005 1206 2034 pro
1227 1995 1255 2024 se
1277 2000 1306 2024 et
1328 1995 1442 2034 reliquis
1463 1995 1603 2024 canonicis
1623 1996 1745 2034 prestita,
1766 1997 1810 2026 his

310 2042 401 2071 verbis
413 2054 420 2075 ;
443 2042 505 2079 Ego
519 2042 650 2079 magister
664 2042 757 2070 David
772 2042 892 2070 Dunbar
905 2043 1025 2072 decanus
1040 2043 1227 2073 Moravienfis
1241 2052 1292 2081 pro
1306 2053 1351 2071 me
1366 2048 1394 2072 et
1408 2043 1521 2081 reliquis
1536 2043 1676 2072 canonicis
1696 2045 1810 2083 capituli

309 2090 441 2128 ejusdem,
456 2099 504 2118 ero
515 2090 593 2118 vobis
608 2090 761 2118 reverendo
775 2090 805 2118 in
821 2090 932 2119 Christo
946 2091 1019 2129 patri
1033 2096 1061 2120 et
1075 2091 1190 2120 domino
1202 2091 1324 2119 Patricio
1338 2090 1515 2119 miseratione
1528 2091 1624 2120 divina
1639 2091 1808 2121 Moravienfi

309 2137 436 2176 episcopo
457 2143 485 2166 et
501 2137 598 2166 vestris
612 2137 807 2166 successoribus
823 2138 1046 2167 Moravienfibus
1058 2139 1192 2178 episcopis
1204 2139 1337 2168 canonice
1347 2138 1517 2168 intrantibus
1528 2139 1617 2168 fidelis
1628 2144 1657 2168 et
1668 2140 1808 2175 obediens,

310 2186 345 2214 fic
360 2195 404 2214 me
416 2185 496 2215 Deus
510 2185 632 2225 adjuvet,
647 2190 676 2215 et
687 2195 735 2225 per
749 2186 809 2215 haec
823 2185 897 2215 sacra
907 2186 963 2217 Dei
978 2187 1123 2225 evangelia
1135 2199 1142 2222 ;
1163 2188 1256 2219 Quam
1271 2187 1426 2227 Episcopus
1440 2191 1472 2217 ut
1487 2187 1581 2216 decuit
1595 2188 1710 2226 recepit.
1731 2188 1808 2217 Test-
