2060 2660
557 186 874 224 REGISTRUM
901 186 1119 224 MORAVI
1126 188 1263 223 ENSE.
1588 192 1652 224 151

167 286 284 321 minus
298 284 390 333 juste
416 303 425 312 ·
452 297 519 320 nec
538 283 662 320 definit
677 283 737 319 fibi
755 284 917 333 injuriari
933 284 1036 332 super
1054 284 1182 320 eisdem
1208 303 1216 311 ·
1241 297 1350 331 quare
1368 285 1470 332 super
1488 284 1655 333 premissis

168 356 189 378 a
206 342 306 378 nobis
323 341 493 390 justitiam
511 341 570 377 fibi
589 341 666 378 fieri
684 342 873 390 postulavit
891 361 900 369 ·
928 347 964 377 et
987 342 1152 388 antiquos
1174 341 1303 376 limites
1326 341 1476 389 ipsarum
1501 343 1658 390 parochi-

167 412 267 435 arum
287 399 331 434 de
351 399 494 435 Rathed
518 405 554 434 et
579 398 623 435 de
646 399 794 447 Always
819 399 1023 446 recognosci
1049 404 1085 434 et
1111 398 1239 433 debere
1266 398 1436 433 declarari
1456 418 1464 426 -
1494 399 1554 434 Ad
1571 414 1658 447 quos

166 456 308 504 quidem
337 457 505 492 articulos
533 457 651 492 dictus
679 457 845 492 dominus
871 456 1049 493 (Dartinus
1075 456 1261 491 succentor
1288 468 1409 490 coram
1435 456 1536 491 nobis
1561 457 1657 493 litem

166 513 393 549 contestando
420 515 584 562 negative
611 514 791 562 respondit
809 534 817 542 ·
846 514 1012 561 negando
1034 519 1178 548 narrata
1200 518 1308 560 prout
1334 512 1569 548 narrabantur
1588 534 1596 542 ·
1624 521 1659 550 et

165 571 276 619 petita
292 571 369 607 fieri
386 585 461 607 non
480 572 609 608 debere
631 592 639 600 ·
669 571 838 619 adjiciens
855 572 952 619 quod
969 571 1072 619 super
1090 570 1260 618 predictis
1282 570 1426 605 decimis
1449 570 1564 606 fuerat
1587 571 1659 607 sen-

165 628 277 664 tentia
294 628 366 664 lata
383 643 448 677 pro
467 630 594 665 eodem
613 643 682 677 que
699 628 907 665 tranfiverat
924 629 962 664 in
979 641 1055 664 rem
1067 628 1264 676 judicatam
1282 647 1290 655 ·
1312 628 1472 675 Recepto
1491 628 1600 675 igitur
1617 629 1659 664 ab

165 691 315 733 utraque
333 692 434 734 parte
447 687 654 735 juramento
674 687 718 722 de
737 686 939 734 calumpnia
956 699 1022 721 nec
1040 698 1115 721 non
1133 690 1169 721 et
1186 686 1230 721 de
1248 685 1398 720 veritate
1415 685 1565 720 dicenda
1590 706 1597 714 ·
1626 693 1660 722 et

165 743 267 778 factis
285 744 491 791 quibusdam
510 743 739 793 positionibus
756 758 777 779 a
794 744 957 792 predi&o
975 743 1193 779 Succentore
1211 742 1257 777 ad
1274 756 1360 789 quas
1378 743 1560 790 predictus
1579 744 1661 780 Pre-

166 807 290 836 centor
309 803 512 838 immediate
530 802 711 850 respondit
725 821 733 829 ·
752 801 939 850 productis
960 801 1066 836 etiam
1088 800 1295 848 quibusdam
1312 799 1455 835 testibus
1473 813 1494 835 a
1512 800 1661 837 Precen-

165 864 244 894 tore
262 860 425 906 predicto
444 860 546 908 super
564 860 632 895 suis
653 859 810 895 articulis
834 859 1024 906 diligenter
1048 858 1257 894 examinatis
1276 877 1284 885 ·
1311 857 1454 905 aliquali
1481 859 1588 894 etiam
1612 860 1662 895 in-

165 916 378 953 formatione
397 918 441 953 de
459 918 640 965 utriusque
662 918 771 966 partis
789 917 956 952 consensu
976 929 1040 964 per
1060 929 1126 951 nos
1147 921 1290 964 recepta
1307 928 1370 963 per
1388 916 1524 963 aliquos
1541 917 1662 953 fideles

166 973 279 1021 pat-rie
305 974 412 1010 laicos
430 975 571 1023 juratos
591 975 694 1023 super
717 975 846 1010 finibus
873 980 908 1010 et
934 974 1104 1009 limitibus
1130 973 1283 1021 antiquis
1309 986 1349 1008 ac
1376 972 1544 1010 divisione
1562 988 1663 1022 paro-

167 1030 326 1066 chiarum
346 1031 567 1068 ecclesiarum
586 1033 830 1080 predi&arum
849 1032 893 1067 de
909 1032 968 1066 ·R·
984 1037 1019 1067 et
1033 1032 1077 1067 de
1093 1031 1153 1066 ·A·
1189 1029 1266 1066 vifis
1284 1025 1425 1079 insuper
1439 1036 1474 1067 et
1487 1031 1663 1068 recensitis

166 1088 300 1123 meritis
326 1089 563 1125 controversie
589 1095 785 1126 memorate
811 1095 847 1125 et
869 1088 1013 1137 singulis
1037 1089 1282 1137 premissorum
1301 1089 1491 1136 diligenter
1510 1089 1663 1126 confide-

166 1146 250 1181 ratis
269 1166 277 1173 ·
298 1159 378 1181 cum
396 1148 538 1195 utrique
556 1148 648 1195 parti
667 1153 702 1183 et
720 1147 821 1183 nobis
838 1147 1021 1183 videretur
1039 1160 1079 1182 ac
1096 1146 1270 1182 constaret
1288 1147 1382 1193 quod
1401 1147 1564 1194 predi&a
1582 1161 1664 1183 con-

166 1202 335 1239 troverfia
351 1205 501 1252 longum
526 1206 680 1240 trac'tum
704 1210 740 1240 et
763 1204 1008 1240 difficultatem
1032 1217 1107 1239 non
1133 1204 1310 1239 modicam
1337 1204 1466 1240 habere
1492 1205 1602 1252 posset
1629 1212 1663 1242 et

165 1261 336 1297 inducere
355 1281 363 1289 ·
393 1275 475 1298 cum
496 1262 576 1297 finis
598 1263 712 1298 litium
733 1262 860 1297 dubius
878 1260 918 1297 fit
936 1267 971 1297 et
989 1262 1146 1297 incertus
1171 1281 1179 1289 ·
1208 1267 1249 1297 ut
1275 1261 1430 1309 ipsorum
1457 1269 1663 1310 parceretur

167 1317 347 1354 laboribus
366 1325 401 1355 et
419 1318 577 1368 expenfis
596 1339 604 1348 ·
630 1325 666 1355 et
689 1333 754 1367 pro
778 1319 874 1355 bono
899 1319 994 1367 pacis
1020 1324 1056 1354 et
1079 1319 1270 1354 concordie
1290 1338 1298 1346 ·
1321 1324 1471 1366 utraque
1489 1333 1569 1367 pars
1588 1321 1664 1356 dili-

166 1376 266 1422 genti
284 1377 382 1424 prius
399 1377 519 1412 habita
537 1377 792 1413 deliberatione
813 1377 1016 1412 voluntarie
1040 1376 1084 1412 de
1105 1376 1178 1411 alto
1203 1381 1239 1411 et
1260 1376 1303 1411 de
1327 1376 1420 1411 basso
1444 1377 1477 1412 se
1500 1377 1664 1426 supposu-

167 1438 273 1468 erunt
284 1433 526 1481 jurisdictioni
549 1440 585 1470 et
609 1434 827 1470 ordinationi
851 1433 967 1469 nostre
993 1434 1095 1481 super
1121 1432 1290 1481 premiffis
1316 1435 1605 1471 contentionibus
1629 1442 1664 1472 et

166 1490 413 1526 controversiis
428 1511 436 1519 ·
450 1492 699 1540 jurisdictione
714 1511 722 1519 ·
743 1492 888 1527 decimis
907 1497 942 1526 et
959 1491 1130 1526 limitibus
1145 1496 1180 1526 et
1194 1491 1348 1539 ipsorum
1362 1492 1585 1539 pertinentiis
1598 1513 1606 1521 ·
1626 1494 1663 1529 in

167 1547 283 1583 forma
300 1562 368 1596 que
387 1549 424 1584 in
443 1549 677 1585 instrumento
701 1549 843 1597 publico
868 1549 1087 1596 infrascripto
1109 1548 1211 1596 super
1233 1549 1300 1584 hoc
1321 1549 1487 1584 οοηΐθᾶὶο
1506 1551 1664 1587 contine-

167 1610 226 1639 tur
253 1625 261 1633 ·
290 1606 391 1654 cujus
417 1612 522 1642 tenor
548 1607 627 1642 talis
654 1606 701 1642 est
720 1626 728 1634 ·
762 1607 807 1642 In
829 1607 973 1642 nomine
996 1606 1144 1641 Domini
1162 1619 1266 1641 amen
1291 1625 1299 1634 ·
1327 1619 1422 1642 anno
1441 1619 1462 1641 a
1480 1608 1664 1644 nativitate

167 1662 322 1710 ejusdem
342 1667 499 1701 ·co⁰·ccc⁰·
519 1663 681 1700 vicesimo
701 1665 831 1699 ofitavo
847 1684 855 1691 ·
875 1664 1072 1699 indictione
1090 1664 1280 1699 undecima
1298 1682 1307 1691 ·
1326 1664 1553 1711 pontificatus
1571 1665 1664 1702 sanc-

166 1718 282 1755 tissimi
307 1722 416 1768 patris
442 1728 478 1757 et
504 1722 640 1757 domini
661 1721 769 1757 nostri
789 1721 924 1756 domini
947 1721 992 1758 ·J·
1017 1721 1137 1757 divina
1158 1721 1384 1768 providentia
1404 1734 1494 1769 pape
1511 1722 1664 1759 vicefimi

166 1777 309 1813 secundi
327 1792 422 1814 anno
442 1779 513 1814 ·xii-
533 1780 663 1814 oGtavo
683 1779 739 1814 die
758 1778 883 1814 menfis
897 1779 984 1815 maii
1004 1798 1012 1806 ·
1032 1779 1069 1813 in
1083 1778 1153 1813 mei
1166 1778 1296 1813 notarii
1309 1778 1441 1826 publici
1454 1779 1664 1829 infrascripti

127 1851 130 1853 ·
167 1839 203 1870 et
226 1835 365 1871 testium
390 1836 662 1885 subscriptorum
689 1850 729 1872 ac
754 1837 860 1872 etiam
887 1836 1075 1872 reverendi
1100 1836 1137 1871 in
1160 1835 1299 1872 Christo
1326 1836 1436 1884 patris
1463 1837 1599 1873 domini
1617 1839 1662 1875 ·J·

167 1891 240 1928 Dei
255 1894 371 1941 gratia
388 1894 539 1942 episcopi
558 1893 787 1930 moraviensis
805 1894 979 1942 presentia
1002 1913 1010 1921 -
1035 1893 1073 1928 in
1090 1893 1226 1942 capella
1244 1894 1392 1929 manerii
1408 1894 1460 1930 sui
1478 1895 1522 1931 de
1542 1895 1663 1944 Kyne-

168 1951 234 1987 dor
249 1970 257 1979 ·
271 1952 492 1988 venerabiles
510 1958 546 1988 et
565 1952 703 1987 discreti
720 1952 788 1987 viri
808 1951 960 1999 magistri
978 1951 1037 1986 ·R·
1057 1951 1101 1987 de
1121 1951 1298 1999 Inuernys
1315 1958 1505 2000 precentor
1522 1953 1662 1990 ecclesie

169 2008 398 2045 moravienfis
424 2016 460 2045 et
486 2010 652 2045 dominus
676 2010 854 2046 martinus
878 2009 1032 2057 ejusdem
1057 2008 1196 2045 ecclesie
1223 2009 1408 2045 succentor
1433 2011 1663 2058 personaliter

169 2066 347 2102 constituti
367 2087 375 2095 ·
400 2067 503 2115 super
520 2067 727 2114 quibusdam
746 2067 1035 2102 contentionibus
1053 2086 1061 2094 ·
1087 2065 1333 2102 controversiis
1357 2073 1393 2103 et
1415 2068 1552 2115 injuriis
1576 2070 1662 2105 ortis

169 2123 261 2159 inter
282 2124 422 2160 eosdem
446 2125 586 2160 ratione
605 2124 862 2172 jurisdififionis
881 2124 1059 2160 ordinarie
1077 2137 1183 2172 quam
1202 2125 1320 2160 dictus
1340 2125 1534 2161 Precentor
1552 2126 1584 2162 se
1603 2127 1661 2162 ha-

169 2182 252 2218 bere
276 2182 415 2218 dicebat
439 2183 482 2217 ab
506 2182 653 2229 antiquo
672 2183 709 2217 in
728 2180 906 2217 ecclesiam
925 2187 961 2217 et
978 2182 1211 2230 parochianos
1231 2182 1274 2217 de
1294 2182 1437 2218 Rathed
1465 2202 1473 2210 ·
1501 2189 1536 2218 et
1559 2184 1661 2231 super

169 2240 240 2287 ipsa
249 2239 499 2288 jurisdifitione
518 2259 526 2267 ·
546 2253 586 2275 ac
603 2240 705 2287 super
723 2239 928 2286 quibusdam
947 2239 1092 2275 decimis
1109 2238 1179 2275 fitis
1196 2240 1288 2275 infra
1305 2240 1488 2288 parochias
1507 2240 1660 2276 ecclesia-

169 2310 249 2332 rum
267 2298 311 2334 de
331 2297 474 2334 Rathed
491 2303 527 2333 et
545 2298 589 2333 de
609 2297 747 2345 Aluays
770 2316 779 2325 ·
806 2310 846 2333 ac
864 2297 967 2346 super
984 2297 1179 2333 earundem
1198 2295 1420 2333 ecclesiarum
1439 2297 1606 2333 limitibus
1625 2304 1660 2334 et
