2060 2660
757 629 875 654 CARTE
894 627 1113 652 HOSPITALIS
1132 626 1265 651 PONTIS
1284 627 1333 650 DE
1352 627 1415 650 SPE
1431 633 1439 642 ·

349 852 458 888 Carta
475 851 607 889 muriel
625 851 669 886 de
689 850 811 885 Polloe
831 868 839 877 ·
859 850 903 885 de
924 847 1138 884 Inuerorkel
1158 867 1165 874 ·

250 963 319 999 106
347 968 478 1005 (Duriel
501 968 545 1003 de
564 966 687 1002 Polloc
714 965 878 1001 omnibus
904 964 1025 999 amicis
1052 968 1088 999 et
1113 961 1304 998 homnibus
1330 962 1398 997 suis
1424 961 1570 998 salutem
1590 982 1598 990 ·
1628 963 1748 999 Sciant
1769 978 1846 1013 pre-

346 1025 459 1062 sentes
478 1031 513 1061 et
530 1025 641 1060 futuri
660 1037 716 1059 me
735 1023 864 1058 dediss'e
882 1027 918 1058 et
936 1020 1132 1057 coneeffiffe
1155 1026 1191 1056 et
1214 1021 1281 1056 hac
1306 1025 1403 1056 carta
1426 1033 1506 1056 mea
1524 1021 1742 1058 confirmasse
1762 1022 1844 1059 Deo

345 1088 381 1118 et
402 1083 503 1119 beate
525 1082 638 1119 marie
663 1087 698 1117 et
724 1081 827 1116 beato
849 1080 1027 1116 Nicholao
1051 1084 1163 1115 totam
1189 1084 1323 1114 terram
1347 1091 1462 1114 meam
1485 1078 1529 1114 de
1549 1079 1763 1116 Inuerorkel
1781 1094 1845 1129 per

344 1142 461 1176 reetas
479 1140 603 1175 divisas
622 1140 697 1174 suas
715 1144 751 1175 et
769 1152 850 1174 cum
870 1138 1034 1173 omnibus
1047 1130 1148 1186 justis
1166 1136 1391 1186 pertinentiis
1409 1136 1477 1172 suis
1497 1136 1535 1172 in
1557 1151 1684 1185 puram
1709 1144 1745 1174 et
1768 1152 1845 1187 per-

343 1204 487 1246 petuam
507 1196 731 1233 elemosinam
750 1197 795 1232 ad
813 1196 1016 1232 habendum
1035 1196 1073 1231 in
1092 1209 1134 1231 ea
1152 1195 1298 1231 domum
1319 1195 1364 1230 ad
1383 1195 1624 1243 receptionem
1646 1209 1843 1244 pauperum

343 1255 601 1291 transeuntium
621 1274 628 1282 ·
658 1255 781 1297 Quare
799 1254 882 1289 volo
901 1259 937 1290 et
955 1254 1114 1289 concedo
1132 1259 1173 1289 ut
1191 1253 1356 1302 predicta
1377 1253 1504 1288 domus
1522 1259 1696 1302 perpetuo
1717 1254 1844 1291 habeat

343 1318 378 1348 et
396 1311 566 1361 poilideat
583 1313 780 1360 prediGtam
800 1318 932 1348 terram
952 1325 1015 1360 per
1033 1313 1150 1347 rectas
1169 1311 1294 1347 divisas
1311 1311 1387 1346 suas
1406 1316 1441 1346 et
1459 1324 1541 1346 cum
1563 1312 1728 1347 omnibus
1742 1313 1843 1361 justis

342 1370 565 1418 pertinentiis
578 1370 646 1405 suis
661 1389 668 1398 ·
684 1371 721 1405 in
735 1370 839 1406 bosco
854 1390 862 1398 ·
878 1370 915 1405 in
929 1370 1037 1418 plano
1053 1389 1061 1398 ·
1077 1370 1113 1405 in
1132 1369 1242 1418 pratis
1260 1375 1295 1404 et
1313 1369 1447 1417 pascuis
1463 1388 1471 1396 ·
1488 1369 1526 1404 in
1544 1369 1648 1404 terris
1667 1375 1701 1405 et
1719 1371 1818 1418 aquis
1834 1391 1841 1398 ·

342 1429 378 1463 in
397 1428 505 1463 moris
523 1434 557 1463 et
577 1427 729 1463 marefiis
756 1448 764 1456 ·
792 1429 829 1463 in
856 1428 984 1476 stagnis
1008 1433 1044 1464 et
1067 1427 1282 1463 molendinis
1300 1432 1335 1462 et
1353 1426 1506 1475 piscariis
1534 1446 1542 1454 ·
1570 1428 1660 1462 adeo
1678 1428 1788 1464 libere
1808 1435 1842 1464 et

342 1487 459 1534 quiete
479 1506 487 1514 ·
507 1486 663 1534 plenarie
683 1491 718 1522 et
735 1487 932 1522 honorifice
951 1485 1038 1522 ficut
1059 1486 1177 1534 aliqua
1201 1483 1390 1521 elemosina
1416 1485 1453 1519 in
1480 1498 1593 1532 regno
1618 1485 1735 1521 Scotie
1759 1486 1843 1522 libe-

343 1545 415 1579 rius
434 1564 441 1571 ·
461 1544 613 1591 quietius
632 1563 640 1571 ·
659 1544 798 1592 plenius
817 1550 852 1580 et
870 1544 1165 1580 honorificentius
1183 1544 1226 1579 ab
1245 1543 1363 1591 aliqua
1382 1542 1490 1578 domo
1514 1543 1677 1590 religiosa
1700 1549 1844 1580 tenetur

341 1602 399 1638 vel
425 1601 618 1650 poflidetur
637 1621 644 1629 ·
673 1602 836 1637 Testibus
856 1602 1007 1638 Andrea
1028 1600 1243 1639 moraviensi
1270 1601 1432 1649 episcopo
1458 1620 1466 1628 ·
1495 1600 1659 1648 magistro
1681 1600 1842 1638 Henrico

342 1659 559 1695 thesaurario
591 1680 598 1688 ·
631 1660 745 1695 Rand'
781 1661 1031 1696 archidiacono
1064 1680 1072 1688 ·
1101 1660 1284 1695 Willelmo
1314 1658 1513 1694 subdecano
1542 1657 1682 1694 ecclefie
1711 1659 1842 1696 SanGte

343 1717 529 1753 Trinitatis
556 1718 600 1753 de
628 1718 746 1766 Elgyn
770 1737 778 1745 ·
806 1718 985 1753 Nicholao
1012 1718 1145 1754 vicario
1174 1718 1217 1753 de
1247 1717 1396 1765 Rothyn
1419 1736 1427 1744 ·
1456 1716 1612 1764 Symone
1639 1716 1770 1752 vicario
1797 1719 1841 1754 de

343 1774 570 1810 Dundurkus
602 1795 609 1803 ·
650 1775 832 1811 Willelmo
858 1776 966 1812 fratre
996 1776 1143 1812 Ricardi
1172 1775 1323 1824 episcopi
1357 1794 1365 1802 ·
1406 1774 1573 1810 Nicholai
1600 1774 1643 1810 de
1668 1774 1812 1812 Urcane
1832 1796 1840 1803 ·

344 1832 503 1880 Hugone
522 1833 646 1869 Grene
666 1852 674 1860 ·
694 1839 729 1868 et
747 1833 823 1868 aliis
838 1853 846 1861 ·

342 2005 451 2041 Carta
469 2005 602 2042 muriel
621 2005 664 2041 de
685 2005 808 2042 Polloc
827 2026 835 2033 ·
855 2007 898 2043 de
917 2007 1124 2043 molendino
1144 2027 1151 2035 ·

247 2126 312 2164 107
340 2120 473 2158 muriel
491 2121 535 2157 de
556 2121 693 2157 Rothes
715 2121 788 2156 filia
806 2122 986 2168 quondam
1007 2122 1103 2158 Petri
1122 2123 1166 2158 de
1186 2123 1316 2158 Pollok
1339 2123 1504 2159 omnibus
1526 2123 1647 2158 amieis
1670 2128 1706 2158 et
1728 2123 1839 2158 homi-

339 2179 444 2214 nibus
470 2179 537 2214 suis
564 2179 709 2214 salutem
731 2198 739 2206 ·
768 2179 888 2215 Sciant
906 2180 1083 2227 presentes
1102 2186 1138 2216 et
1155 2181 1267 2216 futuri
1290 2194 1347 2216 me
1371 2181 1500 2217 dediss'e
1524 2186 1559 2216 et
1582 2178 1779 2217 conceffiffe
1803 2188 1839 2217 et

341 2237 405 2272 hac
429 2242 527 2272 carta
548 2250 627 2272 mea
649 2236 870 2272 confirmaffe
895 2237 1054 2285 hospitali
1081 2239 1203 2274 saneti
1225 2239 1391 2274 Nieholai
1411 2238 1518 2287 juxta
1541 2243 1687 2286 pontem
1706 2238 1750 2274 de
1770 2238 1838 2287 Spe

341 2300 376 2330 et
402 2295 439 2330 in
466 2295 592 2331 eodem
619 2294 700 2330 loco
727 2294 959 2331 servientibus
982 2300 1017 2331 et
1040 2295 1219 2332 servituris
1243 2316 1250 2324 ·
1276 2297 1320 2332 ad
1338 2296 1623 2332 sustentationem
1643 2309 1838 2344 pauperum
