2060 2660
371 187 440 219 144
764 184 1081 221 REGISTRUM
1110 184 1475 222 MORAVIENSE.

371 341 480 377 Carta
498 340 567 376 ·W·
587 341 631 377 de
650 341 806 377 Fedreth
825 346 861 377 et
878 341 933 378 ·C-
954 342 998 377 de
1016 340 1180 378 moravia
1198 359 1206 368 ·
1227 340 1271 375 de
1290 338 1432 375 eeclefia
1450 339 1494 374 de
1515 339 1646 375 Duffus
1666 359 1675 368 ·

273 456 342 487 130
368 456 547 494 Omnibus
573 458 664 493 hanc
690 462 823 493 cartam
846 456 970 492 visuris
991 455 1048 490 vel
1070 455 1244 490 audituris
1264 453 1465 488 Willelmus
1483 453 1527 489 de
1546 454 1702 491 Fedreth
1721 461 1757 492 et
1776 457 1869 493 Cris-

367 515 443 551 tina
460 515 505 551 de
523 515 686 552 (Doravia
702 527 795 550 uxor
812 514 872 549 sua
889 513 1035 548 salutem
1054 512 1091 546 in
1111 512 1272 546 Domino
1297 510 1546 558 sempiternam
1574 531 1582 540 ·
1610 512 1765 549 Noverit
1790 516 1869 550 uni..

367 571 509 609 versitas
537 572 649 608 vestra
675 585 739 607 nos
766 571 866 606 nullo
895 575 993 605 metu
1017 574 1079 604 aut
1105 569 1141 603 vi
1169 569 1314 603 coafitos
1341 581 1457 615 neque
1483 569 1690 606 interventu
1716 573 1867 619 pecunie

367 630 424 666 vel
448 630 531 666 dolo
555 630 722 665 inductos
749 629 807 664 sed
829 641 873 663 ex
896 640 1026 674 magna
1052 626 1245 661 devotione
1272 630 1308 661 et
1334 625 1528 673 spontanea
1553 628 1740 668 voluntate
1765 649 1774 657 ·
1801 643 1867 678 pro

367 688 477 724 salute
495 693 530 723 et
548 688 707 723 remedio
725 687 923 722 animarum
942 684 1139 719 nostrarum
1169 702 1177 710 ·
1205 688 1395 731 parentum
1419 688 1456 719 et
1477 684 1710 721 successorum
1733 687 1868 723 nostro-

367 759 447 782 rum
467 765 476 774 ·
496 745 625 781 dediffe
644 764 652 773 ·
672 742 867 780 concessiss'e
892 748 928 778 et
953 742 1018 777 hac
1045 740 1198 789 presenti
1225 745 1324 776 carta
1349 741 1570 778 confirmasse
1594 743 1676 779 Deo
1704 750 1739 779 et
1764 744 1866 781 beate

367 804 480 840 marie
499 803 641 851 Virgini
660 808 695 837 et
713 801 891 838 Omnibus
910 799 1050 835 Sanffis
1068 803 1104 833 et
1123 798 1255 833 Sancte
1274 798 1445 834 Trinitati
1464 799 1508 835 de
1528 800 1647 849 Elgyn
1665 807 1701 837 et
1719 802 1866 839 domino

367 861 597 897 Archebaldo
616 860 686 895 Dei
711 859 825 906 gratia
848 858 1009 906 episcopo
1028 855 1244 893 moraviensi
1270 861 1306 891 et
1333 856 1498 892 omnibus
1524 857 1773 895 succefforibus
1799 861 1867 896 suis

366 919 534 967 episcopis
558 931 663 953 omne
683 917 744 964 jus
771 914 1014 951 advocationis
1042 913 1314 962 presentationis
1345 913 1405 949 seu
1433 919 1643 962 patronatus
1673 918 1770 964 quod
1801 931 1867 954 nos

365 977 534 1012 habemus
560 975 617 1010 vel
643 974 772 1009 habere
800 973 996 1021 poterimus
1025 971 1063 1006 in
1091 971 1255 1006 futurum
1286 971 1324 1006 in
1352 971 1495 1007 ecclefia
1531 972 1654 1009 Sancti
1689 974 1785 1010 Petri
1822 976 1866 1011 de

366 1034 495 1070 Doffus
522 1033 579 1069 seu
602 1033 639 1067 in
662 1031 793 1067 vicaria
814 1030 872 1066 vel
895 1022 1038 1077 capellis
1065 1028 1221 1077 ejusdem
1241 1048 1250 1057 ·
1277 1027 1494 1077 resignantes
1515 1030 1626 1067 libere
1650 1036 1686 1067 et
1707 1032 1866 1080 plenarie

365 1092 402 1126 in
432 1092 501 1126 hoc
528 1091 623 1126 facto
652 1102 717 1137 pro
745 1088 847 1123 nobis
877 1086 1066 1122 heredibus
1095 1091 1131 1122 et
1159 1086 1409 1122 succefforibus
1437 1087 1563 1123 nostris
1591 1089 1756 1125 omnibus
1788 1110 1796 1119 ·
1829 1091 1866 1126 in

365 1161 490 1184 manus
509 1148 596 1183 dieti
615 1146 750 1182 domini
771 1144 989 1182 Archebaldi
1007 1144 1160 1193 episcopi
1178 1144 1326 1180 nomine
1344 1144 1405 1180 suo
1423 1151 1458 1180 et
1477 1145 1618 1182 ecclesie
1635 1147 1694 1182 sue
1722 1167 1730 1175 ·
1758 1161 1865 1184 omne

358 1206 418 1254 jus
436 1204 703 1254 presentationis
721 1204 778 1239 vel
801 1207 1011 1251 patronatus
1033 1202 1130 1249 quod
1154 1202 1200 1237 ad
1225 1215 1292 1237 nos
1317 1203 1474 1250 pertinet
1495 1203 1554 1239 vel
1579 1204 1699 1252 aliquo
1725 1205 1865 1242 dierum

364 1264 495 1311 poterit
514 1263 691 1310 pertinere
710 1281 718 1289 ·
748 1261 796 1296 Et
822 1261 866 1296 ad
893 1260 1064 1309 majorem
1090 1260 1314 1295 securitatem
1339 1273 1406 1308 ego
1426 1260 1628 1297 Willelmus
1646 1263 1690 1298 de
1709 1262 1864 1300 Fedreth

363 1334 427 1369 pro
447 1334 503 1356 me
521 1326 557 1356 et
574 1319 763 1355 heredibus
782 1318 868 1354 meis
887 1323 922 1354 et
940 1316 1117 1365 affignatis
1135 1337 1144 1345 ·
1169 1331 1236 1365 ego
1254 1331 1341 1353 vero
1361 1317 1513 1354 Cristina
1531 1318 1575 1355 de
1593 1321 1756 1356 moravia
1773 1335 1866 1358 uxor

363 1378 516 1427 ejusdem
540 1391 605 1426 pro
628 1390 685 1412 me
707 1382 744 1412 et
766 1375 956 1412 heredibus
984 1376 1071 1411 meis
1098 1380 1134 1411 et
1160 1374 1339 1423 aflignatis
1365 1376 1409 1411 de
1437 1377 1594 1424 expressa
1619 1378 1806 1415 voluntate
1829 1386 1865 1415 et

363 1435 530 1472 consensu
549 1435 635 1470 dieti
655 1434 825 1470 Willelmi
844 1433 980 1469 domini
999 1433 1070 1469 mei
1093 1452 1101 1461 ·
1129 1438 1166 1469 et
1187 1446 1253 1468 nos
1275 1433 1379 1469 ambo
1397 1432 1499 1469 fimul
1516 1434 1622 1470 tactis
1639 1427 1865 1473 sacrosan&is

363 1493 554 1541 evangeliis
572 1492 757 1541 corporale
771 1491 983 1540 prestitimus
995 1491 1243 1539 juramentum
1259 1491 1303 1526 de
1317 1504 1521 1538 nuncquam
1536 1492 1715 1528 veniendo
1730 1494 1767 1529 in
1782 1508 1864 1530 con-

363 1551 511 1586 trarium
532 1570 540 1578 ·
570 1550 613 1585 In
628 1550 729 1598 cujus
742 1550 794 1585 rei
807 1548 1047 1585 testimonium
1061 1547 1172 1596 sigilla
1186 1548 1305 1584 nostra
1318 1548 1470 1597 presenti
1485 1555 1582 1585 carte
1595 1549 1676 1586 sunt
1689 1553 1841 1600 appensa
1855 1572 1863 1580 ·

365 1608 502 1643 Datum
528 1608 622 1655 apud
652 1607 814 1643 Kinedor
839 1607 877 1642 in
904 1607 1067 1643 moravia
1093 1606 1150 1642 die
1174 1606 1293 1644 martis
1316 1607 1482 1655 proximo
1508 1612 1591 1643 ante
1617 1607 1741 1644 festum
1768 1611 1864 1658 apos-

364 1666 523 1701 tolorum
553 1665 717 1713 Symonis
747 1670 782 1700 et
811 1664 906 1701 Jude
935 1683 943 1692 ·
973 1678 1068 1700 anno
1101 1664 1253 1700 Domini
1282 1668 1416 1702 ·‹1)⁰·cc⁰·
1448 1664 1675 1713 nonagefimo
1706 1673 1834 1714 quarto
1854 1687 1862 1696 ·

366 1723 528 1759 Testibus
559 1722 728 1769 magistris
759 1722 939 1758 Willelmo
975 1723 1019 1758 de
1055 1722 1225 1758 Creswell
1255 1722 1467 1758 cancellario
1499 1728 1534 1758 et
1560 1723 1726 1760 Johanne
1752 1726 1864 1761 archi-

366 1781 518 1817 diacono
536 1778 748 1816 moravienfi
779 1799 788 1807 ·
822 1780 968 1827 Rogero
987 1780 1031 1815 de
1051 1780 1226 1816 Inuernes
1245 1780 1386 1816 officiali
1406 1780 1493 1816 dieti
1516 1781 1650 1816 domini
1671 1781 1834 1831 Episcopi
1853 1803 1861 1811 -

369 1839 528 1886 Hugone
558 1837 793 1886 prebendario
820 1837 878 1872 del
904 1839 991 1886 <noy
1024 1857 1032 1865 ·
1071 1838 1247 1874 michaele
1274 1838 1318 1874 de
1343 1838 1460 1886 OEigill
1488 1844 1523 1874 et
1548 1838 1715 1876 Johanne
1741 1840 1862 1877 ciffore

367 1895 549 1944 armigeris
567 1894 655 1930 dififi
673 1894 808 1930 domini
827 1894 990 1943 Episcopi
1008 1914 1016 1923 ·
1036 1900 1072 1931 et
1090 1895 1211 1931 multis
1228 1895 1305 1931 aliis
1324 1915 1331 1924 ·

368 2069 477 2104 Carta
496 2065 714 2103 Archebaldi
731 2065 882 2114 episcopi
900 2066 1131 2104 moraviensis
1148 2067 1251 2117 super
1268 2069 1373 2105 terris
1391 2069 1435 2105 de
1451 2068 1555 2117 Logy
1569 2074 1605 2105 et
1619 2069 1860 2119 Ermytdykys

368 2126 405 2161 in
422 2129 628 2161 tenemento
647 2123 691 2159 de
710 2123 864 2159 Duffous
882 2143 891 2152 ·

272 2241 336 2274 131
368 2238 546 2277 Omnibus
563 2238 654 2273 hanc
672 2242 805 2273 cartam
822 2237 946 2273 visuris
963 2238 1020 2274 vel
1038 2239 1212 2276 audituris
1231 2240 1481 2277 Archebaldus
1497 2239 1720 2290 permistione
1739 2243 1860 2279 divina

368 2294 598 2335 moraviensis
615 2294 797 2343 episcopus
814 2294 960 2331 salutem
978 2296 1015 2331 in
1034 2296 1195 2333 Domino
1213 2298 1460 2347 sempiternam
1490 2318 1498 2327 ·
1539 2298 1693 2335 Noverit
1718 2301 1859 2337 univer-
