1912 2660
280 146 354 178 350
675 143 992 181 REGISTRUM
1020 143 1385 181 MORAVIENSE.

290 300 497 349 Appellatio
529 307 655 338 contra
686 301 899 350 Episcopum
932 300 1192 338 moraviensem
1230 300 1273 334 de
1310 297 1501 333 collatione
1536 298 1714 346 prioratus
1753 298 1797 334 de

289 357 454 394 Urchard
473 378 482 387 ·

290 473 334 509 In
356 473 428 510 Dei
446 474 592 510 nomine
610 487 715 510 amen
735 493 743 502 ·
773 473 866 509 Cum
892 472 1134 520 oppressorum
1159 471 1218 506 seu
1245 469 1480 506 verisimiliter
1503 470 1659 519 opprimi
1684 477 1797 507 metu-

289 531 427 567 entium
453 531 495 567 fit
521 532 768 580 appellationis
796 530 995 566 remedium
1023 528 1208 564 salubriter
1238 528 1488 563 introduemm
1504 547 1513 557 ·
1541 528 1589 564 Et
1611 542 1675 564 vos
1696 542 1799 565 reve-

288 589 399 625 rende
418 590 455 625 in
471 589 610 625 Christo
626 594 727 638 pater
741 602 781 624 ac
796 587 940 623 domine
959 586 1008 622 mi
1027 586 1171 622 domine
1187 585 1397 622 Alexander
1413 586 1485 621 Dei
1502 586 1617 634 gratia
1635 587 1797 635 episcope

289 646 521 684 moraviensis
548 660 662 696 nuper
689 647 887 695 prioratum
913 645 957 680 de
976 644 1143 680 Urchard
1169 643 1281 680 vestre
1309 642 1453 679 diocefis
1479 657 1554 680 non
1580 649 1766 681 vacantem
1788 664 1796 672 ·

289 705 350 752 qui
369 704 417 741 est
435 705 588 753 dignitas
607 704 759 740 elec-”tiva
777 703 878 750 cujus
901 702 1031 738 electio
1058 702 1102 737 ad
1127 701 1284 750 ejusdem
1311 701 1490 749 prioratus
1514 707 1732 738 conventum
1763 709 1798 740 et

288 763 485 811 capitulum
503 776 585 798 cum
604 775 729 797 vacare
748 760 941 807 contigerit
958 760 1071 795 solum
1090 760 1226 808 spectat
1239 779 1247 787 ·
1263 759 1405 795 cuidam
1422 760 1598 797 monacho
1617 760 1661 796 de
1679 761 1795 810 Dum-

289 821 405 869 ferlyn
425 821 571 856 domino
589 819 747 857 Johanni
773 819 871 853 dicto
893 817 1016 854 mason
1038 837 1046 845 ·
1074 830 1149 853 non
1176 817 1293 853 eleeto
1320 830 1387 853 nec
1413 817 1589 866 postulato
1616 831 1680 866 per
1709 819 1798 867 ipsos

289 878 333 913 ad
353 892 442 926 quos
460 878 589 914 electio
608 878 667 912 seu
692 876 846 924 ejusdem
866 875 1054 923 postulatio
1074 876 1118 911 de
1131 875 1215 924 jure
1242 875 1375 923 spectat
1394 894 1402 903 ·
1421 876 1635 912 auctoritate
1653 878 1799 925 propria

290 936 486 972 contulistis
506 956 514 964 -
531 936 712 984 ipsumque
731 947 795 983 per
812 934 936 970 annuli
955 933 1059 970 vestri
1073 934 1304 969 traditionem
1323 933 1504 970 investistis
1518 954 1526 962 ·
1544 948 1665 983 ymmo
1679 935 1797 983 potius

289 1000 330 1029 ut
354 994 512 1042 speratur
536 992 716 1028 intrusistis
739 992 777 1027 in
797 992 923 1027 eodem
944 1012 952 1020 ·
981 992 1090 1028 Unde
1109 992 1306 1028 reverende
1324 997 1425 1040 pater
1444 997 1479 1028 et
1500 992 1644 1028 domine
1663 993 1710 1028 mi
1730 1006 1796 1041 ego

290 1051 492 1087 KVillelmus
519 1051 562 1086 de
592 1049 698 1086 Buibi
725 1050 878 1098 predicti
902 1050 1081 1098 prioratus
1108 1050 1152 1085 de
1177 1049 1344 1086 Urchard
1368 1050 1564 1086 monachus
1586 1051 1670 1087 licet
1697 1051 1796 1086 mini-

291 1122 369 1144 mus
392 1108 594 1156 hujusmodi
621 1108 850 1144 collationem
872 1113 909 1143 et
932 1107 1174 1144 investituram
1201 1106 1226 1142 fi
1252 1107 1396 1143 collatio
1418 1114 1481 1143 aut
1505 1108 1710 1144 investitura
1728 1109 1796 1144 dici

289 1167 416 1202 debeat
434 1180 498 1214 per
515 1179 579 1201 vos
596 1166 728 1201 factam
747 1165 866 1201 minus
883 1165 976 1214 juste
1000 1185 1008 1193 ·
1038 1165 1119 1214 [in]
1138 1165 1350 1201 venerabilis
1367 1166 1477 1214 patris
1495 1166 1631 1201 domini
1651 1166 1734 1203 Ade
1753 1167 1796 1203 de

290 1224 516 1272 Hadyngton
535 1224 664 1272 prioris
683 1223 839 1272 ejusdem
857 1223 1096 1272 prejudicium
1115 1236 1258 1260 necnon
1272 1223 1310 1259 in
1324 1224 1592 1260 enervationem
1611 1224 1796 1261 electionis

288 1281 349 1329 ipfi
368 1282 562 1317 conventui
582 1282 625 1318 de
644 1282 811 1318 Urchard
839 1281 957 1317 debite
983 1282 1029 1317 ad
1055 1295 1162 1330 quem
1189 1281 1319 1317 electio
1346 1281 1522 1328 spectaret
1540 1301 1549 1310 ·
1579 1281 1604 1318 fi
1626 1289 1768 1319 vacaret
1786 1302 1794 1311 ·

289 1353 329 1375 ac
366 1340 471 1375 etiam
509 1340 546 1375 in
577 1340 815 1388 prejudicium
849 1339 1000 1375 Abbatis
1032 1340 1076 1376 de
1108 1339 1327 1388 Dumferlyn
1357 1352 1397 1375 ac
1428 1345 1628 1376 conventus
1662 1341 1796 1377 monas-

289 1398 369 1433 terii
398 1398 441 1433 de
468 1398 688 1446 Dumferlyn
714 1398 918 1433 redundare
944 1396 1170 1433 considerans
1188 1417 1196 1426 ·
1216 1403 1385 1445 tanquam
1412 1410 1506 1433 unus
1533 1403 1569 1434 et
1595 1399 1796 1447 principalis

289 1456 334 1491 ad
352 1469 457 1503 quem
478 1456 608 1491 electio
627 1456 803 1504 spectaret
821 1475 830 1484 ·
854 1455 930 1504 jam
959 1454 983 1491 fi
1010 1461 1154 1491 vacaret
1172 1475 1181 1483 ·
1210 1456 1363 1491 sentiens
1387 1455 1590 1504 predictum
1609 1456 1795 1493 dominum

292 1514 411 1549 Adam
427 1514 584 1562 priorem
602 1527 723 1550 meum
740 1534 747 1542 ·
767 1527 825 1550 me
841 1533 849 1542 ·
869 1519 905 1550 et
924 1514 1000 1562 ejus
1018 1519 1239 1550 conventum
1258 1533 1266 1542 ·
1291 1527 1332 1549 ac
1350 1515 1457 1550 etiam
1477 1514 1658 1562 predictos
1677 1514 1796 1550 Abba-

290 1578 362 1607 tem
395 1577 430 1607 et
461 1577 678 1608 conventum
711 1573 754 1608 de
783 1571 1004 1620 Dumferlyn
1034 1572 1079 1607 ad
1110 1571 1314 1620 hujusmodi
1340 1571 1568 1608 collationem
1598 1578 1633 1608 et
1658 1572 1796 1609 investi-

291 1637 407 1664 turam
434 1631 639 1677 pregravari
665 1650 673 1658 ·
701 1630 746 1665 ad
765 1630 1003 1666 reverendum
1024 1630 1061 1665 in
1081 1629 1219 1666 Christo
1238 1635 1377 1678 patrem
1400 1643 1441 1665 ac
1463 1630 1648 1665 dominum
1676 1643 1795 1666 meum

293 1687 479 1722 dominum
499 1687 699 1723 walterum
719 1688 791 1724 Dei
809 1688 924 1736 gratia
942 1687 1143 1736 episcopum
1165 1688 1288 1723 Sancti
1304 1687 1453 1723 Andree
1471 1687 1740 1735 privilegiorum
1760 1694 1796 1724 et

289 1745 426 1793 jurium
455 1744 596 1781 ecclefie
624 1746 810 1781 Scoticane
837 1746 1123 1782 conservatorem
1143 1765 1151 1773 ·
1170 1745 1317 1781 nomine
1335 1745 1489 1793 predicti
1507 1744 1641 1781 Prioris
1659 1751 1695 1781 et
1713 1758 1796 1781 con-

294 1808 423 1838 ventus
442 1803 596 1851 ejusdem
609 1823 617 1831 ·
637 1817 677 1839 ac
692 1804 797 1839 etiam
812 1804 964 1840 aliorum
981 1803 1143 1839 omnium
1161 1816 1315 1851 quorum
1333 1802 1477 1839 interest
1495 1822 1504 1830 ·
1523 1803 1561 1838 in
1578 1803 1644 1838 hiis
1662 1803 1795 1851 scriptis

294 1873 453 1909 provoco
473 1866 507 1896 ct
525 1861 665 1909 appello
685 1867 720 1896 et
738 1861 913 1910 apostolos
940 1868 1025 1910 peto
1053 1861 1223 1897 instanter
1249 1860 1440 1896 instancius
1466 1866 1502 1897 et
1528 1860 1766 1897 instantiflime
1785 1881 1793 1889 ·

294 1931 383 1965 quos
409 1917 433 1953 fi
459 1918 545 1953 mihi
573 1919 832 1966 denegaveritis
858 1920 989 1956 iterum
1017 1925 1059 1956 ut
1086 1920 1184 1968 prius
1210 1932 1369 1968 provoco
1388 1924 1423 1954 et
1441 1918 1581 1967 appello
1601 1938 1611 1946 ·
1638 1932 1680 1954 eo
1698 1919 1795 1967 quod

294 1983 456 2024 tempore
475 1976 675 2011 collationis
693 1976 805 2013 vestre
823 1978 962 2025 prefato
981 1978 1158 2014 monacho
1176 1978 1269 2013 facte
1287 1977 1480 2013 undecimo
1495 1977 1551 2012 die
1566 1975 1691 2012 meniis
1707 1977 1795 2014 Julii

293 2047 388 2069 anno
408 2034 559 2069 Domini
579 2034 981 2072 -c0⁰·ccc⁰·lxxx¹²¹⁰·viii'⁰·
1002 2036 1046 2072 de
1064 2036 1252 2072 vacatione
1271 2035 1356 2071 dicti
1375 2035 1553 2083 prioratus
1577 2034 1695 2070 lucide
1720 2047 1793 2070 non

294 2091 498 2128 constabat·
526 2105 592 2127 nec
620 2092 737 2128 adhuc
765 2093 922 2129 constare
951 2095 1084 2142 poterit
1111 2107 1175 2142 per
1204 2094 1419 2129 documenta
1444 2092 1562 2140 aliqua
1587 2092 1766 2140 fidedigna
1783 2111 1792 2119 ·

295 2150 407 2185 Lecta
421 2155 456 2185 et
471 2149 649 2198 publicata
666 2150 735 2185 suit
752 2150 818 2186 hec
835 2163 915 2186 mea
932 2152 1122 2200 appellatio
1142 2152 1179 2187 in
1193 2150 1337 2187 ecclesia
1350 2150 1544 2186 cathedrali
1558 2148 1769 2187 moraviensi
1783 2167 1793 2177 ·

294 2220 390 2244 anno
410 2207 561 2243 Domini
574 2207 754 2245 millesimo
775 2208 1116 2245 ·ccc⁰·lxxx¹¹¹⁰·viii'⁰·
1144 2209 1342 2246 indictione
1361 2209 1419 2244 ·xi·
1439 2209 1577 2245 decima
1595 2213 1720 2244 octava
1737 2208 1792 2244 die
