2066 2780
580 598 681 621 ASSIT
699 597 891 621 PRINCIPIO
911 596 1051 620 SANCTA
1070 597 1190 621 MARIA
1212 598 1290 621 MEO
1304 605 1312 613 ·

488 655 543 678 SIT
567 656 679 679 MICHI
703 654 894 678 SOLATIUM
917 655 1084 678 SPIRITUS
1106 655 1232 679 ALMUS
1253 663 1261 671 ·
1282 656 1387 679 AMEN
1404 663 1411 671 ·

196 872 432 909 Confirmatio
452 874 599 909 Ricardi
617 874 768 922 episcopi
787 873 831 908 de
850 873 1051 921 episcopatu
1070 872 1283 909 moraviensi
1300 893 1307 900 ·

121 977 168 1009 4⁴2
197 986 265 1020 -w-
286 987 356 1022 Dei
374 989 488 1035 gratia
507 989 588 1024 Rex
607 989 812 1024 Scottorum
832 1008 840 1016 ·
861 988 1029 1036 episcopis
1049 1008 1057 1016 ·
1077 988 1260 1024 abbatibus
1279 1008 1288 1016 ·
1308 988 1496 1024 comitibus
1522 1008 1530 1016 ·
1553 989 1692 1024 baroni-

195 1044 260 1079 bus
284 1064 291 1071 ·
308 1045 508 1093 justiciariis
528 1066 536 1074 ·
556 1046 823 1082 vicecomitibus
842 1066 850 1074 ·
869 1044 1052 1094 prepofitis
1079 1065 1087 1074 ·
1114 1045 1275 1083 ministris
1303 1065 1311 1074 ·
1339 1051 1375 1081 et
1393 1046 1557 1082 omnibus
1574 1046 1693 1094 probis

194 1102 396 1138 hominibus
409 1108 504 1139 terre
518 1104 576 1139 sue
591 1104 726 1139 clericis
745 1109 780 1139 et
798 1104 905 1151 laycis
923 1103 1070 1139 salutem
1089 1122 1097 1131 ·
1118 1103 1238 1138 Sciant
1256 1103 1434 1151 presentes
1452 1109 1488 1139 et
1505 1104 1616 1139 futuri
1635 1117 1692 1139 me

194 1159 390 1196 conceffiffe
411 1166 447 1196 et
470 1161 535 1196 hac
562 1161 715 1208 presenti
745 1166 841 1195 carta
869 1173 948 1195 mea
975 1160 1195 1196 eonfirmafl'e
1216 1161 1373 1196 Ricardo
1392 1161 1464 1196 Dei
1481 1161 1596 1207 gratia
1614 1163 1692 1198 mo-

195 1210 341 1252 ravienfi
372 1218 533 1266 episcopo
562 1219 800 1266 episcopatum
829 1218 992 1254 (Doravie
1023 1231 1105 1253 cum
1140 1218 1305 1253 omnibus
1334 1218 1435 1266 justis
1469 1219 1692 1266 pertinentiis

195 1274 261 1309 suis
289 1294 297 1302 ·
326 1275 542 1311 Tenendum
561 1274 620 1311 fibi
640 1276 687 1310 ita
705 1275 816 1310 libere
835 1294 843 1302 ·
863 1275 982 1322 quiete
1001 1281 1036 1310 et
1053 1275 1251 1310 honorifice
1276 1294 1284 1302 ·
1312 1274 1398 1311 ficut
1420 1275 1545 1322 aliquis
1564 1276 1691 1323 episco-

193 1344 321 1379 porum
340 1333 377 1367 in
395 1346 508 1380 regno
527 1346 607 1368 meo
626 1333 865 1381 episcopatum
893 1332 1037 1368 liberius
1062 1351 1069 1359 ·
1095 1332 1248 1379 quietius
1267 1352 1275 1360 ·
1294 1332 1433 1380 plenius
1460 1338 1496 1368 et
1522 1333 1691 1368 honorifi-

193 1390 330 1425 centius
352 1395 450 1426 tenet
476 1396 511 1426 et
537 1389 685 1438 possidet
715 1410 722 1418 ·
753 1396 788 1425 et
815 1391 863 1425 ita
888 1390 1046 1438 plenarie
1072 1388 1158 1425 ficut
1181 1390 1306 1437 aliquis
1331 1390 1587 1426 antecefforum
1615 1391 1690 1425 suo-

193 1460 273 1482 rum
304 1447 548 1495 episcoporum
578 1448 815 1496 episcopatum
848 1448 949 1482 illum
978 1447 1118 1495 plenius
1148 1447 1265 1483 tenuit
1296 1466 1304 1475 ·
1337 1447 1505 1483 Preterea
1540 1446 1688 1483 concefli

192 1511 227 1539 et
250 1505 331 1540 dedi
358 1506 401 1541 de
428 1506 649 1541 incremento
676 1505 889 1553 episcopatui
911 1506 1072 1541 (Doravie
1094 1509 1130 1548 et
1152 1504 1316 1552 predicto
1341 1504 1498 1540 Ricardo
1526 1505 1688 1552 episcopo

192 1562 404 1598 moraviensi
432 1568 467 1598 et
495 1563 743 1598 succefl'oribus
771 1563 838 1597 suis
865 1562 1032 1610 episcopis
1060 1582 1067 1589 ·
1097 1575 1162 1610 pro
1185 1562 1295 1597 salute
1318 1562 1435 1597 anime
1461 1575 1540 1597 mee
1567 1567 1603 1597 et
1628 1575 1688 1597 an-

190 1620 398 1655 tecefforum
427 1633 590 1655 meorum
619 1640 627 1647 ·
657 1619 835 1655 ecclefiam
858 1621 902 1655 de
922 1620 1040 1668 Elgyn
1065 1619 1141 1667 post
1165 1619 1339 1655 deceffum
1365 1619 1512 1655 Ricardi
1538 1620 1581 1654 de
1606 1619 1688 1654 Pre-

189 1676 307 1712 benda
325 1678 443 1713 clerici
462 1678 531 1712 mei
550 1683 586 1713 et
607 1677 757 1713 lValteri
780 1677 898 1713 clerici
922 1677 1077 1725 ejusdem
1100 1676 1247 1712 Ricardi
1272 1696 1280 1704 ·
1300 1689 1382 1712 cum
1406 1677 1541 1725 capella
1565 1677 1687 1712 Sancti

189 1734 339 1770 Andree
367 1755 374 1762 ·
403 1740 438 1770 et
464 1748 546 1770 cum
573 1735 708 1783 capella
734 1735 778 1770 de
805 1735 968 1771 munben
995 1754 1003 1762 ·
1032 1747 1112 1770 cum
1132 1734 1296 1769 omnibus
1313 1734 1538 1782 pertinentiis
1555 1734 1623 1770 suis
1649 1735 1687 1770 in

189 1792 331 1840 capellis
359 1798 395 1828 et
425 1792 529 1828 terris
564 1793 780 1827 omnimodis
809 1798 843 1827 et
875 1792 1020 1828 decimis
1051 1797 1087 1827 et
1117 1790 1314 1827 elemofinis
1345 1797 1381 1827 et
1411 1792 1685 1828 rectitudinibus

187 1848 420 1885 ecclefiastieis
449 1870 457 1877 ·
488 1855 523 1885 et
554 1849 731 1885 ecclefiam
762 1851 804 1885 de
830 1850 928 1885 Eren
958 1849 1034 1898 post
1062 1849 1237 1885 decefl'um
1261 1849 1408 1884 Ricardi
1435 1850 1479 1885 de
1499 1849 1685 1885 Prebenda

187 1907 303 1942 clerici
322 1908 392 1943 mei
409 1906 566 1943 fimiliter
585 1927 592 1935 ·
619 1921 700 1942 cum
719 1908 854 1955 capella
871 1908 915 1942 de
937 1907 1033 1943 Rath
1051 1912 1087 1943 et
1104 1920 1186 1942 cum
1204 1906 1340 1955 capella
1357 1907 1400 1942 de
1419 1907 1585 1955 moythas
1603 1921 1684 1943 cum

187 1965 350 2000 omnibus
362 1964 463 2013 justis
481 1965 704 2013 pertinentiis
719 1965 786 2000 suis
801 1985 809 1992 ·
830 1965 1022 2000 Tenendas
1039 1965 1077 1999 in
1094 1964 1243 2000 liberam
1257 1970 1293 2000 et
1306 1970 1515 2012 perpetuam
1530 1963 1683 2000 elemofi-

186 2035 269 2057 nam
290 2042 297 2050 ·
317 2023 365 2057 ita
384 2022 494 2058 libere
514 2042 521 2050 ·
541 2023 660 2069 quiete
680 2042 687 2049 ·
707 2022 866 2070 plenarie
885 2028 920 2058 et
938 2022 1134 2058 honorifice
1152 2020 1240 2057 ficut
1261 2022 1349 2057 alios
1370 2022 1531 2058 redditus
1557 2022 1684 2070 episco-

185 2085 287 2127 patus
317 2079 463 2115 liberius
496 2100 503 2107 ·
536 2080 689 2127 quietius
721 2100 729 2107 ·
761 2080 900 2128 plenius
928 2085 964 2115 et
991 2080 1286 2115 honorificentius
1316 2085 1441 2115 tenent
1476 2099 1484 2108 ·
1521 2079 1682 2115 Testibus

186 2137 363 2173 Jocellino
382 2138 544 2186 episcopo
566 2136 773 2185 Glasguenfi
802 2157 810 2165 ·
839 2138 987 2174 matheo
1010 2138 1172 2186 episcopo
1197 2136 1445 2173 Aberdonenfi
1477 2157 1484 2165 ·
1518 2137 1681 2184 Turpino

187 2195 348 2243 episcopo
369 2194 595 2230 Brechinenfi
614 2215 622 2222 ·
643 2195 691 2230 A·
711 2195 836 2231 abbate
854 2195 898 2231 de
918 2195 1186 2243 Dunfermelyn
1207 2215 1215 2223 ·
1235 2194 1282 2231 O·
1302 2195 1427 2230 abbate
1445 2195 1489 2230 de
1509 2194 1648 2229 Kelcou
1672 2213 1679 2220 ·

188 2251 237 2286 H·
257 2252 381 2288 abbate
400 2253 444 2288 de
465 2253 678 2301 Abyrbruth
708 2273 716 2280 ·
747 2253 803 2287 W·
823 2253 948 2289 abbate
966 2254 1009 2289 de
1028 2253 1160 2289 Sancta
1178 2253 1296 2289 Cruce
1328 2272 1335 2280 ·
1369 2252 1530 2288 Roberto
1557 2251 1681 2286 abbate
