2066 2780
571 135 889 172 REGISTRUM
918 134 1280 171 MORAVIENSE.
1623 140 1668 173 81

178 239 215 274 in
246 236 467 274 excambium
499 234 821 283 Logynfythenach
852 253 860 262 ·
893 234 937 269 de
969 246 1039 280 qua
1067 232 1198 268 scilicet
1228 232 1547 281 Logynfythenach
1577 236 1671 272 idem

179 295 370 344 Episcopus
387 293 573 329 satisfaciet
597 305 662 341 pro
686 291 789 327 nobis
813 296 849 327 et
873 291 1021 339 plenum
1045 295 1213 337 grantum
1237 290 1341 325 saciet
1359 290 1539 328 Willelmo
1563 294 1674 329 archi-

178 352 328 388 diacono
347 349 561 387 moraviensi
579 356 615 385 et
632 349 881 385 successoribus
899 348 966 384 suis
993 367 1002 376 ·
1031 348 1220 383 Predictus
1239 348 1344 383 etiam
1364 347 1556 397 Episcopus
1579 352 1674 398 quie-

177 415 250 444 tam
274 408 439 444 clamavit
457 421 522 456 pro
546 407 579 443 se
602 412 638 443 et
660 406 908 443 succefforibus
930 406 997 441 suis
1018 405 1190 441 decimam
1213 418 1319 452 quam
1340 406 1522 454 percipere
1544 407 1674 443 solebat

178 466 221 502 de
246 479 335 502 cano
361 466 405 501 de
424 464 698 502 Stratharedoch
728 483 737 493 ο
763 464 842 500 Nos
863 469 983 499 autem
1008 464 1052 499 de
1072 463 1187 511 gratia
1209 462 1328 498 nostra
1351 463 1513 498 dedimus
1537 470 1572 500 et
1593 478 1675 501 con-

177 522 336 560 ceffimus
354 528 390 559 et
406 523 472 558 hac
490 522 643 571 presenti
661 526 758 558 carta
775 521 893 557 nostra
910 521 1163 557 confirmamus
1180 520 1344 569 predid‘co
1359 520 1533 569 Episcopo
1552 527 1587 557 et
1604 522 1676 558 suc-

177 581 365 617 cess'oribus
383 581 451 616 suis
465 580 632 629 episcopis
644 599 652 608 ·
667 580 706 615 in
723 579 871 615 liberam
889 592 1016 627 puram
1030 583 1066 614 et
1078 584 1288 627 perpetuam
1306 577 1531 614 elemosinam
1545 585 1676 617 terram

178 639 221 675 de
240 638 562 687 Logynfythenach
580 651 648 685 que
667 637 715 673 est
732 650 777 672 ex
794 637 959 672 orientali
982 641 1082 685 parte
1107 637 1151 672 de
1173 636 1203 671 F
1204 636 1343 684 yndarn
1364 636 1472 683 usque
1493 637 1538 672 ad
1562 637 1677 686 super-

178 696 297 733 cilium
323 696 478 744 proximi
504 695 664 744 cundoys
690 693 777 731 ficut
803 695 862 730 ille
889 695 1049 743 cundoys
1073 694 1106 730 se
1128 694 1289 730 extendit
1316 707 1360 729 ex
1386 695 1551 730 orientali
1576 701 1676 743 parte

177 754 338 803 predi&oe
364 759 460 790 terre
486 752 658 802 incipiens
681 752 839 801 superius
862 766 883 788 a
907 753 1004 788 dksta
1027 765 1118 800 aqua
1141 757 1177 787 et
1200 752 1396 788 extendens
1414 752 1446 788 se
1465 753 1509 788 ad
1528 754 1677 790 eandem

177 825 304 860 aquam
330 811 478 847 inferius
504 831 512 840 ·
540 811 585 847 ad
610 811 875 847 sustentandum
900 815 1074 859 perpetuo
1101 809 1232 845 ibidem
1254 810 1431 857 quendam
1455 811 1677 859 capellanum

177 870 372 905 solitarium
390 870 474 906 Deo
492 870 705 906 serviturum
732 888 741 897 ·
769 869 827 904 cui
845 874 880 905 et
898 868 1146 904 successoribus
1163 868 1231 903 suis
1248 868 1379 903 ibidem
1399 868 1481 904 Deo
1500 869 1679 905 servituris

178 928 406 963 concedimus
423 927 597 976 pasturam
616 928 661 963 ad
679 928 738 963 sex
754 940 879 963 vaccas
897 932 932 962 et
950 927 1035 962 06ὶο
1049 926 1158 962 boves
1176 926 1213 961 in
1230 926 1358 962 foresto
1376 926 1496 962 nostro
1514 928 1679 975 proximo

179 998 223 1021 ex
241 985 405 1021 orientali
423 991 522 1034 parte
541 985 585 1022 de
603 985 774 1034 Fyndarn
804 1004 814 1013 ·
845 985 974 1021 scilicet
992 985 1086 1020 inter
1102 984 1198 1020 viam
1215 984 1350 1032 regiam
1369 985 1413 1020 de
1433 985 1627 1034 Drumynd
1645 991 1682 1021 et

179 1042 350 1091 Fyndarn
368 1048 404 1079 et
420 1042 506 1079 ficut
523 1044 686 1092 predicta
702 1044 761 1079 via
783 1043 882 1091 regia
899 1042 1061 1078 extendit
1078 1042 1111 1078 se
1129 1042 1237 1090 usque
1256 1043 1301 1077 ad
1318 1042 1476 1078 semitam
1495 1056 1563 1091 que
1581 1044 1680 1079 vadit

179 1101 225 1136 ad
247 1100 352 1149 Scloy
374 1101 477 1149 super
500 1101 670 1149 Fyndarn
696 1106 732 1137 et
757 1099 844 1136 ficut
862 1101 1032 1149 *predicta
1055 1100 1113 1135 via
1138 1100 1237 1147 regia
1263 1101 1424 1136 extendit
1446 1101 1479 1136 se
1501 1101 1609 1148 usque
1633 1102 1678 1137 ad

180 1158 307 1193 diuisas
334 1159 378 1194 de
399 1159 554 1195 mundol
585 1177 593 1187 ·
630 1159 688 1194 Ita
704 1164 825 1194 tamen
843 1159 940 1205 quod
957 1171 1021 1206 per
1038 1158 1242 1205 quindecim
1261 1158 1335 1193 dies
1353 1164 1435 1194 ante
1456 1159 1680 1195 nativitatem

181 1216 303 1252 Sanfifi
321 1216 496 1253 ,Iohannis
515 1216 669 1264 Baptiste
683 1221 718 1251 et
731 1229 795 1264 per
809 1216 1011 1263 quindecim
1027 1215 1101 1250 dies
1118 1215 1194 1263 post
1210 1215 1306 1250 idem
1323 1215 1447 1251 festum
1466 1229 1532 1252 nec
1549 1216 1679 1252 bovem

180 1286 246 1309 nec
257 1287 401 1309 vaccam
416 1274 568 1309 habeant
581 1274 618 1308 in
633 1274 731 1309 dicto
745 1273 873 1308 foresto
887 1272 1006 1308 nostro
1022 1292 1030 1300 ·
1047 1271 1289 1308 Concesslmus
1303 1273 1409 1308 etiam
1424 1273 1553 1309 eisdem
1567 1275 1680 1310 focale

181 1336 216 1366 et
234 1331 445 1366 meremium
465 1331 509 1366 ad
527 1330 586 1366 fibi
604 1331 793 1366 necefl'aria
822 1349 830 1358 ·
863 1330 986 1372 Quare
1003 1330 1170 1365 volumus
1191 1335 1227 1365 et
1251 1330 1479 1365 concedimus
1502 1336 1544 1366 ut
1565 1332 1683 1368 dictus

181 1388 376 1436 Episcopus
395 1393 430 1424 et
447 1388 655 1424 successores
672 1388 723 1423 sui
742 1387 893 1436 episcopi
913 1386 1067 1422 habeant
1084 1392 1120 1422 et
1137 1392 1285 1423 teneant
1302 1392 1337 1423 et
1354 1386 1550 1435 possideant
1568 1389 1682 1426 dietas

180 1451 252 1482 tres
274 1447 449 1482 dauachas
468 1447 511 1482 de
530 1446 688 1495 Fynlarg
711 1458 775 1494 per
792 1445 930 1481 easdem
948 1446 1064 1480 rectas
1083 1445 1208 1480 diuisas
1231 1443 1318 1480 ficut
1342 1446 1545 1493 predictum
1573 1447 1621 1483 est
1647 1453 1683 1484 et

182 1517 264 1539 cum
283 1504 448 1539 omnibus
459 1503 560 1552 justis
577 1503 805 1552 pertinenciis
826 1503 894 1538 suis
914 1503 952 1537 in
973 1503 1120 1538 liberam
1140 1507 1175 1538 et
1192 1507 1400 1551 perpetuam
1419 1503 1644 1541 elemosinam
1672 1525 1681 1534 ·

181 1561 218 1596 in
237 1561 340 1597 bosco
359 1567 395 1597 et
412 1561 519 1609 plano
539 1580 547 1589 ·
567 1561 604 1596 in
621 1561 730 1609 pratis
749 1566 784 1596 et
802 1560 936 1609 pascuis
954 1579 963 1588 ·
982 1560 1020 1595 in
1038 1561 1146 1595 moris
1164 1559 1276 1597 moflis
1291 1566 1327 1596 et
1340 1559 1492 1596 marefiis
1507 1581 1515 1590 ·
1530 1562 1568 1597 in
1582 1563 1681 1610 aquis

183 1624 219 1654 et
235 1619 389 1666 piscariis
403 1638 411 1646 ·
427 1619 464 1653 in
482 1618 628 1654 lacubus
647 1624 682 1654 et
700 1618 838 1667 piscinis
857 1637 866 1646 ·
885 1619 922 1653 in
939 1617 1068 1665 stagnis
1086 1623 1121 1653 et
1139 1618 1354 1654 molendinis
1368 1637 1377 1646 ·
1391 1619 1429 1654 in
1448 1620 1628 1656 montibus
1646 1626 1682 1657 et

182 1676 332 1711 vallibus
347 1695 355 1704 ·
375 1676 412 1711 in
430 1676 513 1711 feris
532 1681 567 1711 et
585 1676 708 1711 avibus
727 1694 736 1704 ·
756 1681 791 1711 et
809 1675 973 1711 omnibus
991 1675 1067 1711 aliis
1090 1675 1366 1711 re&itudinibus
1392 1681 1428 1712 et
1453 1677 1682 1725 pertinenciis

182 1733 249 1769 suis
268 1753 277 1761 ·
305 1734 409 1769 Salva
426 1742 555 1769 tenura
573 1733 812 1782 Gyllemahed
831 1733 1122 1781 fflacgyllepatric
1140 1733 1178 1768 in
1195 1734 1269 1769 vita
1286 1733 1346 1769 sua
1364 1753 1372 1762 ·
1391 1734 1555 1771 faciendo
1573 1735 1682 1772 forin-

183 1791 299 1827 secum
325 1791 511 1827 servicium
538 1791 575 1826 in
601 1791 760 1827 exercitu
787 1792 883 1839 quod
909 1791 1065 1840 pertinet
1087 1790 1133 1826 ad
1156 1791 1269 1827 dictas
1289 1796 1361 1827 tres
1385 1792 1561 1828 dauachas
1587 1812 1596 1822 ·
1626 1793 1683 1830 Ita

182 1854 303 1884 tamen
320 1849 417 1896 quod
435 1849 545 1896 quieti
563 1847 629 1884 fint
647 1849 691 1884 de
709 1849 842 1885 auxilio
861 1849 1024 1885 faciendo
1042 1848 1087 1884 de
1104 1848 1234 1884 eisdem
1248 1849 1361 1885 tribus
1379 1850 1546 1886 dauachis
1559 1856 1655 1888 terre
1671 1871 1679 1880 -

184 1911 220 1942 et
238 1906 276 1941 in
294 1907 419 1942 eadem
437 1912 534 1942 terra
551 1906 698 1942 liberam
717 1907 853 1942 curiam
870 1906 967 1942 suam
984 1906 1138 1942 habeant
1156 1907 1273 1943 dictus
1292 1907 1485 1957 Episcopus
1503 1914 1539 1944 et
1556 1909 1684 1946 succes-

183 1964 276 2000 sores
293 1964 344 1999 sui
362 1964 399 1999 in
417 1970 630 2012 perpetuum
661 1983 669 1992 ·
697 1964 876 2000 Volumus
895 1965 1001 2000 etiam
1020 1969 1055 2001 et
1072 1965 1300 2001 concedimus
1317 1970 1359 2001 ut
1375 1966 1471 2002 idem
1490 1966 1683 2016 Episcopus

184 2027 220 2057 et
236 2022 444 2058 successores
462 2022 512 2057 sui
530 2021 684 2057 habeant
702 2027 737 2058 et
754 2027 901 2058 teneant
925 2023 1058 2058 dictam
1081 2027 1214 2058 terram
1238 2023 1282 2059 de
1302 2023 1623 2072 Logynfythenach
1644 2025 1683 2060 in

184 2079 331 2115 liberam
354 2092 481 2128 puram
500 2084 536 2115 et
553 2085 762 2128 perpetuam
780 2078 1004 2116 elemofinam
1022 2079 1109 2116 ficut
1125 2081 1329 2129 predi6‘cum
1348 2081 1396 2117 est
1422 2100 1431 2110 ·
1458 2082 1508 2117 ita
1524 2082 1620 2129 quod
1639 2082 1683 2118 de

185 2137 308 2172 eadem
326 2142 423 2172 terra
439 2137 550 2172 nichil
568 2137 662 2185 exigi
680 2136 781 2185 poflit
798 2138 874 2173 ullo
891 2143 1052 2186 tempore
1069 2143 1190 2186 preter
1207 2139 1295 2174 solas
1313 2139 1493 2175 orationes
1529 2159 1537 2168 ·
1573 2139 1683 2175 Testi-

184 2193 250 2228 bus
281 2194 434 2230 Patricio
466 2195 595 2230 comite
627 2195 670 2230 de
700 2194 874 2230 Dunbarr
900 2214 909 2223 ·
938 2198 989 2232 m·
1017 2196 1147 2232 comite
1178 2197 1222 2232 de
1246 2196 1318 2244 Fyf
1343 2215 1352 2224 ·
1380 2196 1437 2231 W·
1469 2197 1543 2232 filio
1570 2196 1681 2232 Alani

185 2250 369 2287 senescallo
393 2251 589 2300 justiciario
618 2252 735 2289 Scotie
762 2272 771 2280 ·
799 2252 856 2288 W·
885 2252 1030 2302 Cumyn
1056 2254 1186 2290 comite
1208 2254 1252 2289 de
1271 2254 1457 2290 (Denethet
1483 2273 1492 2282 ·
1520 2253 1680 2290 Waltero
