2060 2660
333 167 379 197 84·
730 159 835 196 REG
843 159 1045 196 ISTRUM
1074 155 1439 195 MORAVIENSE.

332 273 410 296 rum
433 279 441 287 ·
466 259 563 307 quod
587 259 780 308 Episcopus
804 264 839 294 et
863 258 1071 294 successores
1095 257 1145 292 sui
1171 256 1352 291 habebunt
1376 266 1500 290 omnes
1524 253 1672 288 clericos
1691 259 1726 289 et
1744 254 1834 289 duos

332 319 451 366 laycos
474 337 482 345 ·
509 317 639 352 scilicet
658 315 973 365 Gyllemallouock
991 313 1295 360 macnakeeigelle
1325 332 1332 340 ·
1363 317 1398 347 et
1418 310 1573 359 Sythach
1591 311 1806 348 macmallon
1825 332 1834 340 ·

332 376 397 410 hos
420 381 540 410 autem
565 375 712 410 clericos
730 380 765 410 et
784 374 902 422 laycos
921 373 1060 408 nativos
1078 371 1220 406 habebit
1244 369 1426 417 episcopus
1445 367 1676 405 moravienfis
1702 375 1738 405 et
1763 369 1835 406 suc-

333 433 480 468 cessores
498 432 548 467 sui
568 445 649 467 cum
674 432 809 467 catallis
833 431 900 466 suis
922 436 958 465 et
979 427 1240 477 poffeffionibus
1264 426 1430 462 omnibus
1459 445 1467 454 ·
1498 431 1534 461 et
1557 426 1686 462 liberos
1710 440 1835 463 eorum

333 504 415 526 cum
434 490 532 525 omni
548 489 749 538 posteritate
768 489 827 524 sua
845 508 853 515 ·
873 494 908 523 et
926 487 1053 522 catalla
1066 485 1264 521 eorundem
1279 484 1475 519 liberorum
1491 503 1499 511 ·
1520 483 1702 520 Dominus
1715 491 1834 521 autem

335 548 515 584 walterus
544 548 687 595 Cumyn
716 546 857 582 habebit
884 557 1008 580 omnes
1038 543 1178 578 nativos
1208 542 1327 590 laycos
1359 542 1447 577 alios
1478 541 1633 590 ejusdem
1664 548 1760 579 terre
1792 544 1836 579 de

337 605 562 654 Logykenny
593 611 628 640 et
659 605 703 640 de
736 603 1001 650 Inverdrumyn
1030 606 1066 637 et
1096 601 1140 635 de
1169 599 1334 635 omnibus
1361 599 1438 635 aliis
1464 600 1568 636 terris
1596 601 1691 648 apud
1723 601 1837 638 Bade-

336 663 426 698 nach
453 676 521 710 que
548 662 622 697 ullo
648 668 808 710 tempore
834 661 879 695 ad
905 659 1106 708 episcopum
1129 657 1391 694 moraviensem
1412 657 1571 706 spefflfflre
1592 658 1806 695 videbantur
1826 679 1834 687 ·

335 734 415 756 cum
436 720 600 755 omnibus
619 719 764 766 sequelis
783 719 850 754 suis
868 724 903 753 et
921 717 1055 753 catallis
1070 715 1268 751 eorundem
1288 735 1296 743 ·
1323 715 1369 751 In
1387 716 1489 765 cujus
1507 722 1627 752 autem
1642 716 1786 752 firmum
1801 724 1836 753 et

335 777 566 813 indubitabile
584 777 820 813 testimonium
841 777 873 811 ei
891 775 982 823 parti
1009 774 1180 822 scripture
1203 774 1240 808 in
1265 774 1415 809 modum
1440 774 1654 823 cyrographi
1672 775 1836 811 consecte

335 850 403 884 que
432 849 539 883 penes
569 835 779 883 Episcopum
812 840 847 869 et
874 833 1081 868 successores
1106 832 1184 866 suos
1207 829 1369 867 residebit
1395 832 1587 880 appensum
1612 832 1659 868 est
1685 831 1835 880 sigillum

336 894 471 929 domini
491 893 601 940 Regis
619 906 690 927 una
708 905 787 927 cnm
808 890 918 939 sigillo
937 890 1091 939 predidffi
1110 889 1262 924 W'alteri
1285 909 1293 917 ·
1319 889 1370 924 illi
1392 895 1513 926 autem
1532 891 1624 938 parti
1642 904 1710 938 que
1728 904 1837 939 penes

337 952 490 987 eundem
511 950 709 985 Walterum
738 955 773 985 et
800 949 947 984 heredes
971 948 1050 984 suos
1067 947 1266 983 remanebit
1284 946 1440 996 apposita
1458 948 1538 983 sunt
1556 946 1666 996 sigilla
1684 949 1836 996 predic‘d

338 1009 498 1057 Episcopi
518 1014 553 1043 et
572 1008 715 1056 capituli
736 1007 784 1042 sui
807 1027 813 1035 ·

337 1179 553 1229 Compositio
573 1180 675 1227 super
694 1181 838 1217 decimis
857 1181 900 1215 de
921 1179 1129 1227 Strathylif·

336 1297 513 1332 Noverint
538 1310 661 1332 omnes
687 1297 755 1332 hoc
782 1296 949 1344 scriptum
974 1295 1081 1330 visuri
1104 1295 1162 1330 vel
1188 1295 1346 1330 audituri
1373 1295 1471 1343 quod
1497 1308 1579 1331 cum
1608 1302 1704 1332 mote
1732 1296 1840 1332 essent

335 1355 453 1403 plures
465 1353 702 1391 controversie
714 1355 808 1390 inter
821 1353 1129 1390 Archidiaconum
1142 1358 1177 1389 et
1184 1353 1439 1389 Preeentorem
1454 1352 1685 1390 moraviensis
1699 1353 1839 1390 ecclesie

335 1414 436 1461 super
454 1413 659 1460 quibusdam
679 1412 824 1448 decimis
842 1412 988 1447 nomine
1006 1411 1271 1459 prebendarum
1290 1411 1334 1447 de
1353 1411 1488 1459 Forays
1512 1411 1556 1447 de
1577 1411 1720 1448 Rathed
1742 1418 1777 1448 et
1797 1413 1840 1448 de

338 1471 473 1519 Alvays
492 1476 527 1507 et
546 1472 704 1507 rectores
722 1469 864 1506 ecclesie
884 1470 927 1505 de
950 1469 1047 1505 Keth
1065 1469 1211 1505 nomine
1230 1469 1387 1519 ejusdem
1405 1468 1547 1505 ecclesie
1569 1470 1671 1518 super
1696 1471 1841 1507 decimis

338 1529 382 1564 de
402 1529 601 1577 Strathylyf
613 1542 657 1564 ex
676 1535 775 1577 parte
794 1541 866 1564 una
884 1534 919 1564 et
937 1528 1100 1564 abbatem
1119 1533 1155 1563 et
1173 1533 1393 1563 conventum
1413 1527 1457 1563 de
1479 1527 1619 1576 Kynlos
1637 1542 1681 1564 ex
1699 1529 1812 1564 altera
1831 1548 1839 1556 ·

339 1587 383 1621 ‹lc
407 1585 549 1621 consilio
574 1586 768 1635 proborum
790 1586 951 1622 virorum
971 1591 1006 1622 et
1025 1586 1068 1622 de
1086 1586 1274 1622 voluntate
1299 1590 1334 1621 et
1358 1585 1491 1621 assensu
1514 1586 1670 1634 partium
1695 1588 1841 1623 nomine

339 1644 599 1692 prebendarum
620 1650 655 1680 et
673 1643 895 1680 ecclesiarum
914 1645 1159 1692 predi&arum
1178 1642 1222 1679 fic
1240 1643 1472 1679 amicabiliter
1490 1643 1539 1679 est
1557 1644 1651 1680 inter
1669 1658 1729 1680 eos
1748 1659 1842 1680 com-

341 1700 490 1749 positum
518 1708 553 1737 et
580 1702 784 1737 ordinatum
814 1722 823 1729 ·
854 1702 982 1738 scilicet
1010 1703 1107 1750 qnod
1132 1702 1286 1751 predicti
1310 1701 1580 1737 archidiaconus
1598 1707 1634 1738 et
1651 1709 1841 1750 precentor

341 1760 486 1794 nomine
511 1759 770 1806 prebendarum
790 1766 824 1795 et
844 1759 1066 1796 ecclesiarum
1085 1760 1226 1796 suarum
1246 1760 1289 1796 de
1309 1759 1443 1808 Forays
1462 1765 1497 1795 et
1516 1759 1560 1795 de
1580 1760 1724 1796 Rathed
1743 1766 1779 1796 et
1797 1762 1841 1796 de

344 1817 479 1864 Alvays
494 1837 502 1844 ·
523 1823 558 1852 et
576 1818 734 1853 re&ores
754 1817 894 1853 ecclesie
909 1819 951 1854 de
970 1819 1065 1853 Keth
1086 1818 1231 1854 nomine
1250 1817 1405 1866 ejusdem
1425 1816 1566 1853 ecclesie
1582 1837 1590 1845 ·
1610 1818 1654 1854 de
1673 1818 1841 1854 consensu

343 1881 377 1909 et
396 1874 526 1910 assensu
542 1876 650 1910 totius
665 1876 808 1923 capituli
824 1875 1053 1912 moraviensis
1066 1896 1073 1904 ·
1088 1882 1204 1912 totum
1217 1876 1278 1924 jus
1296 1876 1394 1923 quod
1412 1875 1577 1911 dicebant
1596 1880 1632 1911 et
1650 1876 1842 1912 credebant

344 1932 375 1967 se
398 1932 525 1968 habere
544 1933 599 1967 vel
628 1933 803 1968 habebant
821 1934 856 1968 in
876 1934 980 1969 rebus
1000 1935 1117 1982 petitis
1139 1934 1300 1982 quietum
1319 1933 1564 1969 clamaverunt
1582 1946 1648 1982 pro
1666 1934 1699 1970 se
1718 1939 1753 1970 et
1772 1934 1843 1970 suc-

344 1990 532 2025 cessoribus
552 2010 559 2017 ·
580 1991 831 2027 renunciantes
852 1992 905 2026 liti
932 1998 1028 2028 mote
1055 1998 1090 2028 et
1117 1992 1294 2028 movende
1315 2011 1322 2019 ·
1342 1991 1539 2039 impetratis
1558 1997 1593 2027 et
1611 1991 1843 2040 impetrandis

345 2047 446 2095 super
460 2046 629 2095 premissis
642 2068 650 2076 ·
667 2049 702 2083 in
717 2049 782 2084 hac
796 2049 910 2084 forma
925 2069 932 2077 ·
949 2050 1044 2097 quod
1059 2049 1147 2098 [de]
1163 2055 1260 2086 terra
1273 2050 1317 2086 de
1333 2049 1533 2098 Strathylyf
1542 2048 1603 2084 sita
1621 2050 1657 2085 in
1675 2050 1844 2098 parochia

345 2105 389 2141 de
411 2105 507 2140 Keth
531 2111 566 2140 et
590 2106 693 2141 terris
718 2106 785 2141 suis
809 2105 877 2142 sitis
898 2107 934 2142 in
952 2108 1126 2155 parochiis
1145 2109 1189 2144 de
1209 2108 1342 2156 Forays
1371 2127 1380 2135 ·
1414 2107 1557 2143 Rathed
1582 2112 1617 2143 et
1643 2108 1687 2143 de
1707 2108 1844 2156 Alvays

345 2175 426 2197 cum
451 2163 532 2198 date
556 2163 689 2199 fuerint
714 2164 759 2199 ad
782 2164 920 2200 firmam
943 2165 998 2200 vel
1021 2179 1065 2201 ex
1086 2166 1151 2201 asse
1170 2166 1227 2201 vel
1246 2179 1290 2201 ex
1309 2171 1408 2214 parte
1427 2185 1435 2193 ·
1456 2165 1500 2200 de
1520 2165 1622 2200 terris
1640 2165 1685 2200 ad
1704 2165 1842 2201 firmam

347 2220 436 2255 (latis
455 2219 596 2256 ecclesie
615 2222 833 2269 parochiales
852 2223 888 2257 in
907 2236 1056 2270 quarum
1070 2224 1245 2271 parochiis
1260 2224 1356 2259 dic'te
1370 2229 1465 2259 terre
1479 2223 1558 2258 sunt
1574 2221 1632 2258 site
1646 2236 1667 2258 a
1681 2223 1845 2259 firmariis

347 2291 469 2314 omnes
497 2278 651 2314 decimas
680 2285 714 2315 et
744 2280 977 2316 rectitudines
1005 2280 1244 2317 ecclesiasticas
1271 2281 1468 2330 percipient
1487 2300 1495 2308 ·
1525 2281 1584 2316 De
1603 2281 1706 2316 terris
1724 2287 1843 2317 autem
