2060 2660
588 145 904 181 REGISTRUM
932 145 1293 183 MORAVIENSE.
1642 156 1687 187 85

196 260 269 282 non
288 246 377 282 datis
394 245 439 280 ad
457 244 595 279 firmam
615 244 754 279 ratione
771 243 1040 291 privilegiorum
1055 243 1198 279 suorum
1213 257 1234 279 a
1246 244 1457 291 prestatione
1472 248 1686 285 decimarum

195 304 301 340 iidem
328 302 493 338 monachi
517 306 624 337 erunt
650 301 826 336 immunes
851 320 859 328 -
890 300 1085 348 Episcopus
1103 306 1223 336 autem
1241 301 1470 338 moraviensis
1488 318 1611 341 omnes
1629 307 1689 342 do-

194 361 356 396 nationes
380 359 484 395 di<ffis
508 359 691 394 monachis
712 358 971 393 rationabiliter
997 358 1108 393 factas
1133 363 1169 393 et
1193 371 1317 393 omnes
1343 359 1522 395 libertates
1550 368 1585 397 et
1607 364 1690 410 jura

193 431 347 465 quorum
374 417 599 453 confirmatio
624 417 669 451 ad
692 416 905 464 Episcopum
928 416 1084 463 pertinet
1101 415 1208 463 juxta
1225 415 1383 450 officium
1401 416 1459 451 sue
1477 418 1691 455 administra-

193 475 299 511 tionis
321 475 547 510 confirmavit
571 474 697 510 eisdem
719 493 727 501 ·
757 473 924 509 Preterea
942 473 1060 508 di&us
1079 472 1273 520 Episcopus
1291 473 1521 509 moraviensis
1546 477 1690 511 nomine

194 531 424 570 moraviensis
442 531 584 568 ecclesie
603 532 648 567 ob
667 536 780 567 certas
798 531 916 566 causas
935 536 970 566 et
988 530 1104 566 eidem
1123 528 1264 566 ecclesie
1283 530 1488 565 necessarias
1507 533 1604 567 omni
1617 533 1691 581 juri

197 596 232 626 et
259 590 439 626 exactioni
465 589 525 625 fibi
553 595 588 625 et
615 587 756 625 ecclesie
774 586 989 625 moraviensi
1006 587 1290 636 competentibus
1317 587 1361 622 de
1387 587 1448 622 illa
1472 594 1572 636 parte
1599 595 1692 625 terre

194 661 262 696 que
281 648 480 696 appellatur
497 647 737 695 Kyrkeburne
756 647 800 682 de
818 646 951 682 assensu
970 646 1094 681 decani
1113 650 1149 681 et
1167 645 1313 693 capituli
1331 644 1561 681 moraviensis
1579 659 1643 694 pro
1662 648 1694 683 se

194 711 229 742 et
247 706 494 741 successoribus
517 705 584 740 suis
606 705 749 753 penitus
772 710 808 740 et
830 704 867 739 in
890 708 1105 752 perpetuum
1131 702 1356 738 renunciavit
1381 722 1389 730 ·
1418 701 1552 738 Omnia
1574 710 1694 740 autem

194 763 425 799 instrumenta
442 763 545 811 super
562 761 732 811 premissis
750 762 916 798 confecta
933 759 996 796 nisi
1009 759 1075 796 sint
1093 760 1317 808 indulgentie
1331 760 1389 796 vel
1407 761 1593 808 privilegia
1611 776 1693 809 qua-

195 835 335 869 cunque
353 827 454 870 parte
480 821 614 856 fuerint
640 821 787 856 inventa
812 820 913 855 irrita
938 818 1004 854 sint
1035 824 1071 855 et
1096 819 1236 867 prolata
1260 818 1396 854 nullam
1418 818 1572 854 habeant
1589 819 1696 855 firmi-

194 885 305 915 tatem
326 886 367 915 ut
394 893 438 915 ex
465 879 515 914 eis
535 878 596 927 jus
617 878 762 926 aliquod
782 878 954 913 habeatur
972 877 1029 913 vel
1052 877 1261 924 adquiratur
1288 875 1351 911 nisi
1376 877 1422 912 ad
1448 876 1694 925 probationem

196 943 231 972 et
256 937 530 972 declarationem
555 937 592 971 in
618 936 687 972 hoc
711 935 945 972 instrumento
970 940 1224 971 contentorum
1244 954 1252 962 ·
1281 933 1404 970 Abbas
1421 939 1542 970 autem
1561 940 1597 970 et
1614 949 1696 971 con-

196 1000 324 1030 ventus
348 995 392 1030 de
413 994 553 1043 Kynlos
570 1007 642 1041 quo
661 994 705 1029 ad
723 999 836 1030 terras
854 992 932 1029 sitas
950 994 987 1028 in
1006 993 1181 1041 parochiis
1199 992 1461 1041 prebendarum
1484 998 1519 1028 et
1541 992 1697 1029 ecclesia-

196 1065 277 1087 rum
294 1053 538 1100 predictarum
557 1052 668 1099 quieti
686 1057 793 1088 erunt
811 1057 847 1087 et
860 1052 1037 1087 immunes
1055 1051 1093 1086 in
1110 1056 1323 1099 perpetuum
1338 1050 1381 1086 ab
1396 1051 1494 1086 omni
1509 1051 1696 1086 exactione

197 1116 232 1145 et
255 1109 467 1157 prestatione
495 1110 713 1145 decimarum
734 1109 841 1158 juxta
863 1115 1026 1145 tenorem
1047 1109 1319 1157 privilegiorum
1346 1109 1490 1144 suorum
1510 1128 1518 1136 ·
1547 1115 1696 1157 excepto

197 1168 292 1214 quod
311 1181 377 1216 pro
395 1168 492 1203 bono
514 1168 608 1216 pacis
631 1168 786 1203 utilitate
810 1173 845 1203 et
868 1168 1090 1203 incremento
1109 1167 1328 1215 episcopatus
1344 1186 1351 1194 -
1367 1167 1675 1202 archidiaconatus
1687 1187 1696 1194 ·

199 1226 421 1272 precentarie
435 1224 576 1261 ecclesie
591 1221 822 1262 moraviensis
837 1231 871 1261 et
883 1223 1024 1261 ecclesie
1039 1225 1083 1260 de
1097 1224 1194 1260 Keth
1207 1244 1215 1252 ·
1235 1224 1403 1272 episcopis
1417 1223 1696 1261 moraviensibus

197 1296 241 1317 ex
266 1283 385 1318 debito
413 1289 483 1319 tres
506 1283 634 1318 solidos
659 1288 694 1319 et
719 1283 791 1318 ·iiii·
815 1283 980 1318 denarios
998 1302 1006 1310 ·
1026 1282 1330 1318 archidiaconatui
1348 1288 1420 1318 tres
1437 1295 1573 1317 marcas
1592 1301 1600 1310 ·
1619 1295 1697 1330 pre-

198 1341 353 1376 centarie
383 1354 428 1376 ·x·
458 1341 587 1376 solidos
619 1361 627 1368 ·
657 1346 693 1376 et
717 1339 858 1376 ecclesie
885 1341 929 1376 de
958 1340 1055 1376 Keth
1083 1340 1141 1375 ·vi·
1168 1353 1304 1375 marcas
1327 1338 1471 1388 singulis
1493 1340 1595 1375 annis
1619 1353 1697 1388 per-

195 1398 333 1433 solvent
348 1418 355 1426 ·
371 1398 432 1434 sub
451 1398 515 1434 hac
533 1399 648 1434 forma
663 1418 671 1426 ·
686 1398 817 1434 scilicet
834 1398 931 1446 quod
949 1396 973 1432 fi
991 1398 1079 1434 diffi
1097 1398 1263 1433 monachi
1281 1403 1374 1433 totas
1391 1402 1504 1434 terras
1523 1397 1598 1433 suas
1616 1396 1694 1433 sitas

196 1456 233 1490 in
250 1456 426 1503 parochiis
445 1456 489 1491 de
507 1456 537 1491 F
538 1457 630 1491 orais
650 1476 658 1483 ·
678 1456 722 1491 de
738 1456 923 1491 Rathueth
943 1475 951 1483 ·
971 1456 1015 1491 de
1031 1456 1168 1504 Alvays
1187 1475 1195 1483 ·
1215 1461 1250 1491 et
1269 1455 1312 1491 de
1334 1455 1430 1491 Keth
1449 1455 1507 1490 vel
1525 1456 1563 1490 in
1580 1455 1698 1502 aliqua

195 1512 337 1548 istarum
360 1514 610 1561 parochiarum
632 1519 744 1549 totam
767 1519 900 1549 terram
924 1514 1020 1549 suam
1045 1514 1090 1549 ad
1112 1513 1250 1548 firmam
1270 1513 1434 1548 dederint
1461 1532 1469 1540 ·
1498 1511 1640 1548 ecclesia
1657 1513 1694 1547 in

196 1570 296 1618 cujus
314 1571 481 1618 parochia
503 1570 565 1607 fita
582 1571 630 1607 est
647 1576 744 1607 terra
761 1572 806 1607 ad
824 1571 963 1606 firmani
983 1571 1065 1606 data
1083 1584 1207 1606 omnes
1226 1571 1380 1606 decimas
1404 1575 1440 1605 et
1463 1570 1697 1605 rectitudines

195 1627 436 1663 ecclesiasticas
462 1642 483 1663 a
508 1629 672 1664 firmariis
695 1629 938 1677 predifitaruni
959 1635 1137 1664 terrarum
1158 1628 1263 1676 plene
1287 1628 1459 1676 percipiet
1477 1632 1513 1663 et
1529 1627 1669 1676 integre
1689 1648 1696 1655 ·

196 1690 231 1720 et
249 1685 336 1720 dififi
355 1686 519 1721 monachi
541 1686 652 1733 quieti
677 1692 784 1721 erunt
809 1700 830 1721 a
856 1686 1031 1722 solutione
1052 1686 1227 1734 portionis
1246 1685 1342 1721 dicte
1359 1685 1510 1733 pecunie
1529 1698 1597 1732 que
1616 1698 1698 1721 con-

195 1743 301 1790 tingit
318 1743 609 1779 archidiaconum
627 1744 685 1780 vel
703 1749 951 1792 precentorein
970 1742 995 1779 fi
1012 1744 1050 1778 in
1068 1757 1195 1779 eorum
1212 1743 1382 1791 parochia
1407 1762 1414 1770 ·
1442 1742 1500 1778 vel
1519 1742 1697 1778 ecclesiam

197 1800 239 1836 de
260 1800 358 1836 Keth
376 1799 400 1835 fi
418 1801 455 1836 in
473 1801 549 1850 ejus
566 1801 736 1849 parochia
752 1800 815 1837 fita
833 1801 881 1837 est
898 1807 995 1837 terra
1012 1801 1095 1837 data
1113 1801 1158 1836 ad
1176 1801 1316 1836 firmam
1335 1820 1343 1828 ·
1373 1800 1409 1836 Si
1426 1805 1547 1836 autem
1565 1800 1699 1848 aliquo-

195 1863 267 1893 tam
293 1863 430 1906 partem
459 1859 624 1894 dederint
650 1860 815 1895 monachi
841 1860 886 1895 ad
911 1859 1051 1895 firmam
1075 1864 1254 1895 terrarum
1276 1859 1313 1893 iii
1335 1858 1505 1906 predictis
1523 1858 1698 1907 parochiis

196 1914 338 1951 sitarum
365 1917 409 1952 de
435 1922 512 1952 tota
532 1917 698 1965 portione
725 1917 875 1965 pecunie
901 1917 1064 1965 predi6'te
1088 1917 1199 1965 quieti
1224 1922 1331 1953 erunt
1355 1922 1391 1952 et
1414 1916 1563 1952 absoluti
1589 1921 1698 1963 quota

195 1974 312 2021 portio
339 1979 434 2010 terre
461 1975 506 2010 ad
532 1974 671 2010 firmam
697 1975 780 2011 data
802 1975 910 2011 fuerit
929 1995 937 2003 ·
965 1975 1084 2023 quoad
1102 1988 1162 2011 eos
1180 1975 1218 2010 in
1236 1988 1391 2022 quorum
1409 1974 1585 2022 parochiis
1602 1979 1697 2010 terre

197 2030 256 2067 fite
285 2031 419 2068 suerint
447 2033 492 2068 ad
522 2033 662 2068 firmam
691 2033 773 2069 date
802 2053 810 2061 ·
841 2039 876 2069 et
904 2032 1083 2069 residuum
1111 2033 1335 2081 integraliter
1362 2032 1584 2081 persolvetur
1602 2051 1610 2059 ·
1641 2032 1696 2068 Ita

197 2094 316 2125 tamen
340 2090 437 2137 quod
460 2091 611 2138 predicti
631 2096 703 2127 tres
721 2091 822 2127 solidi
840 2097 876 2127 et
894 2097 1048 2139 quatuor
1066 2091 1203 2127 denarii
1221 2089 1365 2139 singulis
1389 2090 1491 2126 annis
1514 2090 1552 2124 in
1574 2102 1697 2138 perpe-

197 2152 299 2182 tuum
323 2147 505 2184 solventur
528 2149 695 2197 episcopis
714 2148 994 2186 moraviensibus
1011 2163 1077 2198 pro
1096 2149 1241 2185 decimis
1260 2148 1396 2185 domini
1415 2148 1526 2195 Regis
1545 2147 1588 2182 de
1607 2147 1696 2182 Bur-

197 2217 269 2252 gyn
296 2225 304 2232 ·
332 2211 368 2241 et
390 2206 454 2242 hec
472 2206 674 2255 supradi6m
691 2206 834 2255 singulis
852 2208 955 2243 annis
972 2207 1166 2244 seeundum
1185 2208 1337 2243 formam
1355 2205 1497 2253 singulis
1515 2204 1695 2239 solventur

198 2262 242 2296 ad
259 2262 380 2299 festum
401 2263 524 2300 Samffi
544 2265 692 2301 martini
710 2266 747 2300 in
766 2265 892 2313 hyeme
920 2285 928 2293 ·
957 2265 1073 2301 Terra
1098 2266 1243 2313 quidem
1265 2265 1309 2300 ad
1328 2263 1520 2299 monachos
1541 2261 1695 2297 termino
