2060 2660
83 1992 149 2024 125

570 165 887 202 REGISTRUM
913 165 1276 204 MORAVIENSE.
1509 169 1519 178 ”
1596 173 1667 211 137

173 265 328 302 fluminis
345 264 389 300 de
408 263 537 299 Thorn
562 264 607 299 ad
633 264 767 299 di&am
791 269 922 299 terram
946 264 1148 311 pertinente
1170 264 1229 299 seu
1250 265 1428 312 pertinere
1446 266 1586 302 valente
1605 267 1668 302 do-

172 323 270 358 mino
289 321 358 356 .W.
377 321 422 357 de
440 321 608 357 Fentoun
626 321 731 356 militi
753 327 788 356 et
807 321 961 356 Patricio
983 321 1028 356 de
1047 320 1208 356 Graham
1226 322 1408 357 antedicto
1427 328 1462 357 et
1480 323 1668 359 heredibus

171 380 238 415 suis
255 379 311 414 vel
329 377 531 426 affingnatis
548 379 586 414 in
604 384 817 427 perpetuum
830 397 838 406 ·
856 391 922 426 pro
941 378 999 414 ·vi·
1015 378 1141 412 marcis
1158 377 1407 425 sterlingorum
1425 379 1527 414 nobis
1544 386 1579 414 et
1596 380 1669 415 suc-

171 436 358 472 eefforibus
377 435 502 471 nostris
519 436 703 471 annuatim
728 436 864 483 semper
885 435 1061 470 solvendis
1079 435 1124 469 ad
1147 435 1237 469 duos
1255 435 1340 469 anni
1357 435 1529 470 terminos
1547 455 1555 463 ·
1574 437 1668 472 vide-

171 493 254 529 licet
273 506 342 528 ·xx·
363 493 479 528 solidis
496 506 560 541 per
578 493 715 528 dietum
735 493 921 528 dominum
934 492 1004 526 -W·
1020 497 1056 527 et
1073 492 1152 527 suos
1171 491 1319 527 heredes
1332 491 1390 526 vel
1404 489 1615 539 affingnatos
1634 499 1669 528 et

172 564 242 586 0xx·
268 550 384 586 solidis
405 563 469 598 per
491 551 629 586 dietum
649 551 842 586 Patricium
862 555 898 585 et
916 549 995 585 suos
1011 549 1160 585 heredes
1178 549 1235 584 vel
1253 547 1467 596 affingnatos
1484 549 1529 583 ad
1546 549 1669 584 festum

172 607 431 656 Affumptionis
448 608 550 644 beate
569 608 684 645 (Darie
697 607 857 655 Virginis
872 627 880 635 ·
893 612 929 643 et
942 607 1019 642 aliis
1034 620 1104 641 ·xx·
1120 606 1237 641 solidis
1251 619 1314 654 per
1328 606 1463 641 dietum
1485 606 1669 641 dominum

172 664 391 701 Willelmum
411 671 446 701 et
463 665 543 701 suos
561 666 708 701 heredes
726 665 784 700 vel
802 663 1015 712 affingnatos
1031 684 1039 692 ·
1058 664 1134 699 aliis
1148 669 1268 699 autem
1281 677 1351 698 ·xx·
1367 663 1483 698 solidis
1498 675 1560 710 per
1574 668 1669 698 ante-

171 723 307 758 difflnm
331 722 523 758 Patricium
551 728 588 758 et
613 723 691 758 suos
718 723 867 758 heredes
890 722 949 757 seu
971 720 1185 769 aflingnatos
1203 721 1247 756 ad
1266 720 1390 756 festum
1410 720 1670 755 Purificationis

171 779 325 828 ejusdem
353 799 361 807 ·
389 780 438 815 ita
463 786 583 816 tamen
609 780 706 827 quod
727 780 772 815 ad
799 780 1012 815 solutionem
1037 779 1214 814 dietarum
1235 778 1293 813 ·vi·
1312 790 1511 813 marcarum
1529 776 1671 824 fingulis

171 838 272 873 annis
290 837 392 872 nobis
410 843 446 873 et
463 838 712 873 succefl'oribus
730 837 855 872 nostris
873 835 935 885 ipfi
951 836 1010 872 vel
1028 836 1176 872 heredes
1190 835 1241 871 sui
1254 841 1316 870 aut
1330 833 1515 882 affingnati
1528 840 1671 870 tenean-

171 901 230 930 tur
251 893 319 930 five
344 895 441 930 dicta
462 901 558 930 terra
580 909 661 931 cum
682 895 907 943 pertinentiis
930 900 967 930 et
990 894 1136 942 piscaria
1160 899 1301 928 tantum
1329 892 1445 928 valeat
1473 891 1541 928 five
1569 905 1643 927 non
1663 911 1670 919 ·

173 957 209 988 et
236 952 332 999 quod
361 952 461 987 nullo
493 953 601 988 modo
628 953 780 1001 presenti
807 952 1011 987 contrae'mi
1038 951 1302 986 renunciabunt
1326 970 1334 978 -
1370 951 1561 987 memorati
1586 963 1673 986 vero

174 1009 340 1044 dominus
359 1009 429 1044 ·W·
454 1016 490 1045 et
509 1010 683 1046 Patricius
707 1023 774 1058 pro
799 1010 832 1045 se
851 1029 859 1037 ·
882 1009 1073 1045 heredibus
1091 1009 1158 1043 suis
1177 1014 1213 1044 et
1230 1006 1432 1056 affingnatis
1450 1007 1673 1056 stipulatione

174 1067 387 1115 precedente
405 1067 567 1103 fecerunt
585 1068 687 1103 nobis
701 1073 737 1103 et
755 1065 896 1103 ecclesie
915 1066 1032 1102 nostre
1050 1066 1256 1114 homagium
1276 1071 1311 1101 et
1328 1065 1536 1101 fidelitatem
1556 1085 1564 1093 ·
1577 1065 1675 1114 jura-

174 1130 296 1159 mento
324 1123 529 1173 interposito
549 1145 557 1153 ·
577 1130 613 1161 et
633 1126 671 1160 in
694 1125 761 1160 hiis
782 1125 916 1172 scriptis
942 1124 1159 1173 promittunt
1181 1137 1247 1172 pro
1269 1129 1366 1159 terra
1383 1129 1419 1158 et
1437 1123 1581 1171 piscaria
1598 1136 1675 1171 pre-

175 1182 280 1216 dietis
294 1208 303 1217 .
326 1182 371 1216 Et
384 1180 408 1217 fi
421 1195 490 1229 que
504 1182 674 1231 scripture
688 1188 808 1230 preter
822 1182 1000 1230 presentes
1019 1187 1055 1217 et
1071 1180 1132 1217 fibi
1150 1179 1345 1217 consimiles
1363 1186 1399 1216 et
1417 1181 1675 1216 concordantes

174 1238 277 1286 super
296 1239 401 1274 dietis
419 1245 515 1275 terra
532 1246 568 1275 et
585 1240 732 1288 piscaria
749 1240 913 1275 οοηΐθὸὶθ
931 1239 1156 1287 reperiantur
1176 1258 1184 1266 ·
1204 1238 1337 1273 viribus
1355 1238 1514 1274 totaliter
1532 1244 1676 1274 careant

175 1301 211 1331 et
235 1309 300 1343 pro
326 1296 433 1331 nullis
458 1302 493 1332 et
518 1297 742 1345 supervacuis
759 1297 957 1332 habeantur
976 1316 984 1324 ·
1012 1296 1091 1332 Nos
1113 1296 1255 1344 insuper
1279 1301 1314 1331 et
1337 1296 1544 1331 successores
1567 1296 1676 1331 nostri

175 1353 308 1388 dietam
337 1359 469 1389 terram
498 1367 579 1390 cum
608 1355 830 1403 pertinentiis
854 1360 890 1389 et
913 1354 1059 1402 piscaria
1084 1354 1267 1389 antedicta
1293 1352 1370 1402 ipfis
1397 1353 1585 1389 heredibus
1607 1353 1675 1389 suis

175 1411 232 1446 vel
250 1409 452 1458 affingnatis
470 1419 596 1447 contra
612 1425 736 1448 omnes
753 1412 915 1447 homines
933 1417 969 1447 et
986 1411 1134 1447 feminas
1153 1411 1197 1446 de
1211 1411 1295 1459 jure
1314 1411 1622 1447 warantizabimus
1638 1416 1674 1446 et

175 1474 349 1516 perpetuo
369 1469 599 1505 defendemus
619 1489 627 1498 ·
660 1470 704 1505 In
722 1469 823 1518 cujus
841 1470 892 1505 rei
910 1469 1149 1505 testimonium
1168 1469 1201 1504 ei
1218 1469 1310 1517 parti
1329 1468 1434 1517 hujus
1451 1469 1620 1516 scripture
1638 1469 1676 1503 in

177 1526 323 1561 modum
351 1527 564 1575 cyrographi
589 1527 752 1563 confeeoe
781 1540 849 1574 que
876 1539 984 1575 penes
1013 1527 1151 1562 dietum
1179 1526 1373 1562 Patricium
1400 1525 1448 1561 est
1472 1526 1677 1561 remansura

176 1581 326 1630 sigillum
351 1584 438 1619 ἀίἇὶί
462 1584 597 1620 domini
617 1585 779 1633 Episcopi
802 1597 874 1620 una
895 1597 976 1620 cum
996 1584 1178 1620 communi
1196 1582 1309 1631 figillo
1327 1583 1472 1631 capituli
1489 1583 1539 1618 sui
1557 1585 1676 1620 <Dora-

176 1639 299 1675 vienfis
319 1640 367 1676 est
384 1642 575 1689 appensum
595 1661 603 1670 ·
623 1642 726 1678 alteri
743 1655 829 1677 vero
847 1642 940 1690 parti
957 1655 1066 1690 penes
1081 1641 1293 1690 Episcopum
1308 1641 1507 1677 remanenti
1524 1639 1675 1688 figillum

176 1698 263 1733 dieti
283 1698 427 1734 Patricii
445 1698 493 1735 est
509 1698 706 1748 appositum
725 1719 733 1727 ·
764 1699 927 1735 Testibus
945 1705 1001 1735 etc
1020 1719 1028 1727 ·

178 1869 287 1906 Carta
305 1870 381 1907 Eve
399 1871 544 1908 domine
563 1872 607 1907 de
627 1872 765 1908 Rothes
784 1892 792 1900 ·
812 1872 857 1908 de
876 1872 1109 1920 Inuerlochty
1128 1891 1137 1900 ·

178 1983 355 2021 Omnibus
374 1985 502 2022 Christi
523 1987 687 2022 fidelibus
708 1987 776 2022 hoc
798 1987 966 2035 scriptum
989 1987 1113 2023 visuris
1135 1986 1194 2022 vel
1217 1986 1392 2022 audituris
1411 1986 1489 2022 Eva
1506 1986 1673 2023 murthac

178 2042 322 2078 domina
339 2044 384 2079 de
399 2044 537 2079 Rothes
555 2044 701 2080 salutem
719 2045 756 2079 in
771 2044 932 2080 Domino
950 2045 1198 2093 sempiternam
1213 2063 1223 2072 ·
1249 2044 1433 2080 Noveritis
1450 2043 1602 2080 universi
1615 2057 1671 2079 me

178 2099 296 2136 divine
314 2101 469 2136 caritatis
487 2101 620 2137 intuitu
636 2121 644 2129 ·
661 2115 727 2150 pro
740 2102 850 2138 salute
863 2103 981 2138 anime
994 2115 1073 2138 mee
1087 2108 1123 2138 et
1136 2115 1202 2151 pro
1220 2102 1329 2138 salute
1347 2102 1546 2137 animarum
1564 2101 1672 2149 patris

178 2157 247 2192 mei
265 2164 301 2193 et
318 2159 440 2194 matris
457 2172 536 2194 mee
555 2164 590 2195 et
605 2160 765 2194 omnium
783 2160 1039 2196 antecessorum
1057 2173 1221 2196 meorum
1240 2165 1276 2195 et
1292 2160 1465 2195 heredum
1484 2171 1646 2194 meorum
1661 2177 1668 2185 ·

178 2214 306 2251 dediffe
324 2234 333 2243 ·
352 2214 548 2252 conceffifl'e
572 2223 608 2252 et
630 2217 695 2252 hac
719 2217 872 2265 presenti
895 2223 993 2253 carta
1013 2231 1093 2253 mea
1116 2217 1336 2253 confirmasse
1355 2214 1571 2253 Sanetiffime
1591 2214 1670 2249 Tri-

177 2271 280 2307 nitati
305 2278 341 2308 et
366 2272 506 2309 ecclefie
530 2273 744 2311 moraviensi
767 2287 808 2310 ac
827 2274 1048 2311 Archibaldo
1071 2275 1232 2323 episcopo
1256 2280 1293 2310 et
1317 2273 1480 2309 omnibus
1502 2271 1668 2320 episcopis

177 2328 453 2366 moraviensibus
470 2329 531 2366 fibi
548 2331 749 2368 successuris
766 2336 879 2368 totam
897 2338 1029 2368 terram
1051 2346 1168 2368 meam
1190 2333 1234 2368 de
1253 2330 1454 2367 Inuerlothi
1472 2342 1535 2377 per
1552 2329 1667 2364 reetas

935 2401 952 2425 s
