1912 2660
207 477 263 503 43ss

200 1052 256 1078 4³7

198 1241 255 1265 43⁸

197 1479 255 1503 439

198 1954 257 1982 440

294 91 365 126 416
689 92 1005 129 REGISTRUM
1034 89 1398 127 MORAVIENSE.

295 189 400 217 tionem
415 189 511 218 datum
526 189 598 227 apud
614 190 769 224 Hadint0n‚
783 193 798 222 7
814 190 894 220 Junii
909 200 982 218 anno
993 188 1071 225 regni
1091 188 1158 216 16¹0.
1199 187 1343 216 Willelmo
1359 187 1483 216 Gaderar
1500 197 1558 215 uno
1577 188 1742 217 ballivorum
1762 191 1795 218 de

296 236 380 273 Elgin
400 237 512 270 ballivo,
534 237 647 265 Andr-ea
661 238 787 266 Gaderar
800 242 941 266 attornato
954 248 961 269 ;
983 236 1113 264 'restibus
1130 235 1294 263 Alexandro
1310 234 1478 263 Sutherland
1497 235 1601 263 decano
1617 236 1795 271 Cathanenfi,

293 285 404 312 Joanne
421 285 539 313 Scherer
552 285 656 313 vicario
670 285 703 314 de
721 285 845 319 Ardclut,
861 285 972 313 Thomu
987 284 1078 320 Fethy
1093 282 1203 317 clerico,
1226 282 1390 311 Alexandro
1404 282 1530 312 Gaderer
1537 282 1662 322 juniore,
1683 285 1796 314 Andrea

295 333 377 361 Conk
393 338 421 361 et
438 333 558 361 Patricio
571 333 675 361 Fraser.
721 334 755 361 12
769 333 850 362 ,Iunii
867 333 951 360 1529.

294 477 377 505 Carta
399 476 568 505 venditionis
588 486 603 503 a
618 475 762 503 Willelmo
783 474 951 503 Sutherland
966 474 1000 502 de
1016 473 1139 501 Duffous
1160 473 1282 501 concessiae
1300 473 1420 501 Gawino
1436 473 1572 512 Episcopo
1593 475 1794 509 Aberdonenli,

291 524 377 551 annui
398 524 522 552 redditus
543 525 582 551 50
601 532 756 551 mercurum
778 521 948 560 percipiendi
968 521 1001 549 de
1022 521 1105 549 terris
1120 521 1153 549 de
1174 521 1342 552 Quemlwod
1357 526 1386 549 et
1401 521 1512 559 Lidgat.
1555 522 1670 550 Proviso
1688 524 1761 560 quod
1777 523 1794 551 fi

292 571 437 608 contingat
448 576 591 599 monetam
604 570 682 607 regni
697 569 798 598 scotiae
811 569 854 597 vel
866 569 988 608 cujusvis
999 568 1114 597 alterius
1126 569 1206 606 regni
1221 569 1249 596 in
1267 569 1360 597 Scotia
1375 569 1485 597 cursum
1500 570 1651 598 habentem
1665 571 1698 598 ad
1713 571 1796 600 altius

291 619 413 657 pretium
434 618 519 646 levari
534 628 616 656 quam
631 622 663 646 ut
678 627 753 645 nunc
768 617 795 645 in
813 617 951 645 solutione
971 616 1095 655 capiunt,
1118 617 1192 644 unde
1215 616 1368 655 Episcopus
1388 617 1560 655 pauperioris
1581 623 1630 646 aut
1650 618 1796 647 deterioris

290 666 458 695 conditionis
481 666 625 698 efficietur,
648 665 676 693 in
700 675 733 693 eo
756 665 819 693 casu
841 664 967 693 solvetur
987 674 1038 703 pro
1060 664 1183 702 qualibet
1202 674 1296 692 merca
1316 669 1345 692 et
1366 665 1404 692 32
1425 665 1544 693 denariis
1563 675 1618 693 una
1636 666 1719 694 uncia
1732 667 1795 705 puri

289 714 398 752 urgenti
420 715 493 752 quod
515 714 568 742 erit
590 713 623 741 ad
646 713 740 741 minus
761 713 885 749 alewyne
901 722 999 751 penny
1013 712 1088 750 fyne
1108 712 1152 740 vel
1174 711 1234 751 ejus
1250 722 1332 740 verus
1347 712 1425 740 valor
1438 712 1468 740 in
1483 712 1571 741 usuali
1586 719 1699 743 moneta
1713 715 1793 752 regni

291 762 402 790 Scotiae.
444 762 581 794 Testibus,
604 761 735 798 magistro
762 761 875 788 Andrea
899 760 932 788 de
958 761 1062 789 Sancto
1088 759 1180 794 Claro,
1206 760 1340 788 canonico
1366 760 1499 793 Rossenfi,
1524 761 1655 799 magistro
1682 762 1793 790 Thomu

289 811 415 838 Gnderar
433 809 536 837 vicario
556 809 590 837 de
613 809 716 841 Nar-ne,
741 808 856 836 domino
870 808 981 836 Joanne
998 808 1116 836 Scherer
1132 808 1234 836 vicario
1248 808 1281 836 de
1298 808 1423 842 Ardclat,
1443 808 1581 837 Nicholao
1597 809 1745 838 Sudirland
1760 811 1793 838 de

289 857 433 895 (ii-eschil),
452 857 564 885 Andrea
580 856 727 884 Sudirland
749 855 809 894 ejus
830 855 916 884 fratre
937 861 965 884 et
989 856 1151 883 Alexandro
1167 855 1337 884 Winchistre
1355 856 1473 884 notario.
1516 857 1600 894 Apud
1615 857 1792 891 Queralwod,

288 907 305 931 5
324 904 442 942 Augusti
462 905 545 931 1529.

289 1048 455 1085 I’receptum
475 1047 507 1074 ad
526 1046 726 1074 infeoffandum
741 1046 847 1074 dictum
866 1046 1033 1084 Episcopum
1050 1046 1077 1074 in
1093 1046 1167 1074 dicto
1182 1056 1275 1074 annuo
1290 1046 1400 1074 redditu
1415 1056 1464 1084 per
1482 1047 1587 1075 denarii
1602 1047 1790 1081 traditionem,

270 1096 336 1128 ‘diuy
353 1095 413 1122 loco
428 1099 455 1123 ct
471 1094 586 1122 testibus
601 1094 713 1122 eisdem.

286 1238 505 1265 lnstrumentum
528 1237 621 1265 susmae
644 1236 726 1274 super
746 1236 818 1264 idem
842 1241 1015 1274 preceptum.
1059 1236 1188 1264 'restibus
1204 1236 1349 1265 Willelmo
1365 1236 1484 1264 Thomae
1503 1237 1630 1274 burgensi
1646 1238 1679 1265 de
1697 1237 1789 1275 Elgin,

286 1285 397 1312 Andron
413 1286 542 1317 Stewart,
562 1284 675 1312 domino
690 1284 795 1312 Jacobo
812 1284 870 1312 Kar
891 1284 1043 1322 capellano,
1066 1285 1172 1313 Jacobo
1187 1284 1263 1317 Wat‚
1286 1289 1314 1312 et
1329 1284 1390 1312 aliis
1404 1284 1451 1322 qui
1466 1284 1495 1312 in
1511 1290 1593 1313 carta.
1634 1286 1652 1311 9
1670 1285 1789 1322 Augusti

288 1334 369 1360 1529.

284 1476 468 1503 Confirmatio
490 1475 537 1503 sub
560 1485 661 1513 magno
683 1476 772 1513 sigillo
791 1475 869 1513 regio
888 1475 1032 1514 precitatae
1047 1480 1131 1504 curtae
1145 1475 1232 1503 annui
1248 1474 1381 1503 redditus.
1423 1474 1551 1503 'festibus
1567 1475 1686 1503 Gawino
1700 1476 1787 1503 archi-

283 1523 410 1561 episcopo
426 1523 602 1560 Ghssguenfi,
616 1523 781 1552 cancellario
797 1523 909 1558 Scotiae,
927 1523 1052 1560 Georgio
1067 1522 1195 1561 episcopo
1211 1523 1414 1557 Dunkeldenfi,
1431 1522 1557 1550 Henrico
1572 1523 1698 1561 episcopo
1715 1524 1787 1551 Can-

283 1571 353 1598 didm
370 1570 446 1603 cusan,
471 1571 572 1599 Colino
587 1571 689 1599 comite
704 1571 737 1599 de
753 1571 860 1608 Ergile,
882 1571 1013 1607 magistro
1030 1570 1163 1609 Hospitii,
1187 1571 1312 1608 Hugone
1327 1570 1430 1599 comite
1445 1571 1478 1598 de
1494 1570 1640 1608 Eglinton‚
1663 1571 1787 1607 Georgio

282 1618 384 1645 comite
407 1618 440 1646 de
464 1618 580 1651 Rothes,
606 1619 760 1646 Malcolmo
780 1619 895 1646 domino
918 1618 1065 1656 Flemyng,
1091 1628 1194 1656 magno
1216 1618 1376 1652 camerario,
1407 1618 1530 1647 Patricio
1551 1618 1642 1656 priore
1666 1618 1787 1646 ecclefiae

283 1666 505 1703 metropolitana!
522 1666 616 1694 Sancti
635 1667 764 1699 Andreae,
787 1666 880 1695 David
895 1667 992 1695 abbate
1008 1666 1166 1694 monasterii
1181 1666 1215 1694 de
1231 1666 1433 1699 Abirbrothok,
1455 1665 1553 1694 secreti
1571 1666 1651 1702 sigilli
1666 1666 1786 1699 custode,

287 1714 410 1741 Roberto
427 1713 532 1741 Berton
548 1714 581 1741 de
597 1714 789 1742 Ovirbertoun
804 1714 975 1742 thesaurario
990 1718 1018 1742 et
1032 1719 1230 1752 computorum
1245 1714 1408 1747 rotulatore,
1423 1714 1554 1751 magistro
1564 1713 1675 1742 Thoma
1687 1713 1785 1742 Erskin

282 1761 315 1788 «Ie
332 1761 456 1788 Haltone
478 1760 633 1794 secretario,
653 1767 680 1790 et
695 1762 800 1790 Jacobo
817 1762 926 1791 Colvile
941 1763 974 1791 de
990 1762 1120 1790 Uchiltre
1142 1762 1313 1790 cancellariae
1333 1762 1479 1790 directore.
1522 1761 1607 1799 Apud
1623 1761 1784 1798 Striveling,

283 1811 300 1835 (i
321 1808 439 1845 Augusti
459 1808 541 1836 1529.

285 1951 439 1989 Discharge
453 1952 506 1979 and
521 1951 682 1990 acquitunce
697 1952 730 1980 be
745 1952 887 1981 Williame
903 1953 1067 1981 Suthirland
1087 1953 1119 1981 of
1136 1953 1239 1982 Duffus
1253 1953 1287 1981 til
1303 1952 1404 1982 Gawin
1422 1951 1534 1990 bischop
1554 1951 1586 1980 of
1603 1951 1737 1984 Abirden,
1754 1951 1786 1978 of

283 2000 359 2029 sevin
375 1999 517 2028 hundreth
532 2000 642 2036 thretty
656 2000 719 2027 thre
734 2000 833 2037 pundis
851 2000 898 2028 sex
914 2001 1068 2038 schillingis
1085 2001 1138 2029 and
1152 2001 1237 2029 aucht
1252 2000 1376 2039 pennies,
1392 2000 1547 2037 extending
1560 2004 1591 2028 to
1604 1999 1695 2028 alevin
1710 1999 1782 2027 hun-

282 2048 364 2076 ‹lreth
380 2047 483 2075 merkis
498 2047 526 2074 in
540 2047 607 2084 guid
622 2047 686 2084 gold
708 2048 817 2075 havand
837 2057 899 2075 curs
921 2048 953 2076 of
970 2049 1018 2077 the
1034 2049 1137 2077 realme
1153 2049 1195 2077 for
1209 2049 1258 2077 the
1271 2053 1359 2086 tyme,
1374 2048 1475 2076 resavit
1494 2047 1536 2075 fra
1554 2047 1603 2075 the
1620 2046 1738 2084 Bischop
1752 2046 1779 2074 in

283 2100 415 2134 payment
430 2094 463 2123 of
473 2094 534 2132 fifty
550 2095 654 2123 merkis
668 2095 732 2122 land
747 2094 779 2122 of
790 2095 957 2126 Querelwod
972 2096 1024 2124 and
1039 2097 1140 2134 Lidget
1154 2097 1273 2125 alienate
1285 2101 1315 2124 to
1329 2096 1398 2123 him.
1426 2095 1527 2123 Vitnes
1540 2094 1648 2123 Martin
1661 2093 1780 2131 Bacafky

283 2145 384 2181 bur-ges
399 2143 431 2171 of
443 2143 616 2180 Edinburgh,
633 2143 679 2170 Sir
691 2143 786 2171 Jhone
802 2143 928 2176 Scherer,
948 2144 1070 2173 Androw
1087 2145 1216 2178 stewart‚
1231 2145 1329 2173 Andro
1341 2144 1436 2172 Vecbe
1450 2143 1504 2171 and
1521 2143 1636 2171 Maister
1652 2142 1779 2179 Vilyame

286 2192 349 2229 Hay
365 2197 454 2220 notar.
498 2191 536 2219 At
554 2190 729 2228 Edinburgb,
745 2191 783 2221 23
800 2190 909 2228 August
928 2191 1011 2219 1529.
