2066 2780
311 1230 359 1261 40

390 157 438 188 34
787 152 1102 190 REGISTRUM
1129 151 1492 189 MORAVIENSE.

392 250 555 286 omnibus
582 270 590 279 ·
615 252 778 299 predi&o
799 251 960 287 Roberto
985 257 1020 286 et
1043 250 1231 286 heredibus
1255 248 1469 297 responsuris
1492 248 1535 282 de
1559 252 1655 282 terra
1672 248 1716 283 de
1738 249 1882 298 Kelleys

391 321 454 355 per
472 309 591 343 omnia
609 315 645 344 et
664 309 700 343 in
719 308 883 344 omnibus
904 309 1063 357 prediGte
1088 307 1210 342 domui
1235 306 1360 341 debitis
1382 305 1480 340 dieto
1500 304 1674 352 Episcopo
1698 311 1733 341 et
1756 306 1883 343 succes-

391 365 524 401 soribus
542 366 609 401 suis
624 386 632 393 ·
652 372 687 401 et
704 366 911 401 fidelitatem
930 366 1057 401 eisdem
1077 364 1230 400 debitam
1250 363 1379 398 facient
1406 381 1414 389 ·
1442 362 1486 396 In
1504 362 1749 409 premissorum
1763 370 1883 400 autem

390 423 531 458 firmum
561 429 596 458 et
624 423 855 458 indubitabile
883 422 1119 458 testimonium
1148 421 1199 455 illi
1225 420 1317 468 parti
1344 420 1449 467 hujus
1475 419 1644 467 scripture
1671 420 1708 455 in
1735 422 1881 457 modum

390 481 599 528 cyrographi
629 480 791 515 confecto
817 493 922 526 quam
950 479 1082 514 habent
1108 478 1269 525 predffika
1297 477 1424 511 domus
1455 482 1491 512 et
1521 477 1647 512 fratres
1677 484 1712 513 et
1747 479 1882 515 sorores

390 537 543 585 ejusdem
563 536 716 585 apposita
734 537 811 572 sunt
829 535 938 584 sigilla
956 536 1042 571 dicti
1062 535 1211 570 Andree
1230 534 1381 582 episcopi
1400 539 1436 569 et
1454 534 1599 582 capituli
1617 548 1698 570 cum
1717 535 1882 585 subscrip-

389 594 545 630 tionibus
575 595 827 630 canonicorum
852 612 860 621 ·
892 593 950 628 Illi
969 598 1087 628 autem
1106 592 1198 640 parti
1216 604 1285 639 que
1304 590 1351 626 est
1369 591 1574 627 remansura
1590 593 1684 640 apud
1703 593 1882 642 episcopos

389 653 551 688 moravie
569 652 717 700 appensa
735 652 813 686 sunt
831 649 940 698 sigilla
957 650 1052 685 dicte
1071 649 1213 684 Domus
1232 649 1304 684 Dei
1323 668 1331 676 ·
1353 654 1388 684 et
1408 648 1560 684 Abbatis
1578 650 1622 685 de
1643 650 1782 698 Kynlos
1809 671 1817 679 ·
1846 659 1881 687 et

391 710 522 744 Prior-is
541 710 584 744 de
604 709 768 744 Urchard
795 728 803 736 ·
832 707 992 743 Testibus
1012 707 1159 742 domino
1180 706 1340 741 Waltero
1359 706 1403 742 de
1422 707 1586 743 moravia
1606 707 1680 742 filio
1699 710 1879 755 quondam

390 767 558 802 willelmi
580 767 624 801 de
645 766 807 802 moravia
834 785 841 793 ·
871 765 1027 800 Ricardo
1050 765 1093 799 de
1112 764 1275 800 moravia
1303 782 1311 791 ·
1342 763 1491 799 Andrea
1510 764 1676 812 Wysman
1704 785 1712 794 ·
1739 766 1880 803 Thoma

390 824 554 872 Wysman
570 844 578 851 ·
596 823 756 859 Roberto
775 823 922 870 Fyndoc
937 842 945 850 ·
962 821 1173 857 Alexandro
1189 840 1196 849 ·
1212 820 1375 868 magistro
1390 821 1538 857 Warino
1557 822 1675 858 Herot
1690 843 1698 851 ·
1713 824 1879 861 Johanne

388 882 432 917 de
453 881 641 917 Inverloch
669 900 676 908 ·
705 886 740 915 et
763 881 838 915 aliis
865 899 873 907 ·
900 879 1037 915 Affinm
1056 891 1151 914 anno
1170 879 1284 926 gratie
1304 879 1586 928 -m“·cc⁰·xxxvij·
1615 880 1693 928 Ego
1713 881 1879 918 Andreas

389 939 579 987 Episcopus
597 936 823 975 moraviensis
841 937 1013 972 subscribo
1027 956 1034 964 ·

388 1112 496 1147 Carta
514 1111 557 1145 de
578 1110 806 1157 Kildrummy
825 1129 833 1137 ·

387 1224 594 1260 Alexander
618 1223 688 1259 Dei
714 1222 828 1270 gratia
853 1223 933 1258 Rex
960 1221 1167 1257 Scottorum
1195 1222 1360 1257 omnibus
1388 1223 1507 1270 probis
1535 1223 1737 1260 hominibus
1764 1226 1878 1262 tocius

384 1288 478 1317 terre
496 1281 555 1316 sue
573 1280 719 1315 salutem
743 1299 751 1307 ·
780 1279 899 1315 Sciant
917 1278 1095 1327 presentes
1113 1284 1148 1315 et
1166 1280 1278 1315 futuri
1294 1293 1359 1314 nos
1378 1280 1506 1316 dedisse
1536 1299 1545 1308 ·
1574 1280 1770 1319 conceffiffe
1802 1302 1809 1311 ·
1842 1290 1877 1319 et

385 1340 448 1374 hac
467 1344 563 1374 carta
580 1337 697 1372 nostra
715 1336 933 1372 confirmasse
952 1335 1102 1372 Andree
1120 1337 1284 1385 episcopo
1303 1336 1516 1374 moraviensi
1541 1357 1549 1366 ·
1575 1344 1611 1373 et
1629 1338 1877 1377 successoribus

384 1396 450 1431 suis
468 1396 635 1443 episcopis
649 1392 926 1431 moraviensibus
943 1399 1077 1429 terram
1096 1394 1139 1430 de
1160 1394 1376 1430 Keldrumin
1395 1395 1432 1429 in
1450 1394 1556 1430 ballia
1574 1396 1617 1431 de
1637 1396 1851 1433 Inuernarin
1867 1418 1875 1426 ·

386 1455 422 1488 in
448 1454 594 1488 liberam
621 1458 656 1488 et
681 1457 889 1500 perpetuam
916 1450 1142 1487 elemosinam
1161 1472 1169 1480 ·
1189 1465 1271 1488 cum
1289 1452 1401 1487 libera
1418 1453 1517 1487 curia
1534 1453 1594 1488 sua
1619 1472 1627 1480 ·
1654 1459 1689 1488 et
1715 1460 1877 1502 preterea

386 1511 512 1558 viginti
529 1516 682 1557 quatuor
699 1522 834 1544 marcas
851 1508 995 1557 singulis
1017 1510 1119 1545 annis
1143 1510 1181 1545 in
1206 1514 1419 1558 perpetuum
1438 1510 1682 1558 percipiendas
1701 1511 1737 1546 in
1754 1524 1877 1560 perpe-

386 1573 489 1603 tuum
511 1580 573 1615 per
601 1579 726 1601 manus
752 1566 1087 1602 feodifirmariorum
1114 1567 1316 1603 nostrorum
1344 1568 1387 1603 de
1414 1567 1580 1615 moythas
1609 1568 1652 1603 de
1678 1568 1877 1605 feodifirma

388 1623 505 1659 nostra
522 1623 675 1672 ejusdem
693 1629 787 1659 terre
812 1643 820 1651 ·
850 1629 886 1658 et
911 1629 1073 1671 preterea
1095 1624 1269 1660 sexdecim
1288 1637 1423 1660 marcas
1441 1637 1504 1672 per
1522 1638 1647 1660 manus
1665 1626 1877 1662 feodifirma-

388 1682 522 1717 riorum
549 1680 747 1716 nostrorum
775 1681 819 1716 de
843 1680 940 1716 Dike
962 1686 997 1716 et
1021 1682 1064 1717 de
1084 1682 1248 1730 Brothyn
1274 1680 1417 1729 singulis
1443 1682 1544 1717 annis
1570 1682 1813 1730 percipiendas
1838 1684 1876 1718 in

388 1743 600 1787 perpetuum
618 1737 662 1773 de
679 1737 885 1773 feodifirmis
903 1738 1145 1786 predictarum
1163 1744 1339 1775 terrarum
1359 1738 1557 1774 nostrarum
1573 1758 1581 1767 ·
1598 1740 1635 1775 in
1653 1740 1875 1776 excambium

389 1795 606 1831 decimarum
634 1807 719 1842 quas
746 1800 907 1843 tempore
933 1795 1038 1844 hujus
1067 1796 1267 1833 collationis
1290 1796 1483 1844 Episcopus
1508 1795 1737 1833 moraviensis
1764 1798 1875 1845 perci-

389 1864 473 1900 pere
501 1852 682 1887 consuevit
709 1852 753 1887 de
780 1852 975 1888 redditibus
998 1853 1121 1889 nostris
1145 1855 1183 1889 in
1205 1854 1406 1902 episcopatu
1428 1852 1641 1890 moraviensi
1669 1873 1677 1882 ·
1709 1854 1875 1891 videlicet

390 1910 428 1944 in
444 1908 550 1944 ballia
567 1909 610 1944 de
630 1908 805 1957 Inuernys
824 1928 832 1937 ·
852 1909 895 1945 de
908 1910 1103 1959 Ferneway
1122 1931 1130 1940 ·
1150 1912 1194 1947 de
1209 1911 1354 1947 Drekec
1374 1930 1382 1938 ·
1402 1911 1446 1946 de
1463 1910 1591 1946 foresto
1609 1911 1654 1947 de
1674 1911 1850 1960 Inuernys
1864 1932 1873 1940 ·

393 1966 437 2002 de
449 1966 630 2013 Cullodyn
644 1971 679 2002 et
697 1966 740 2002 de
756 1966 835 2014 Ess'y
853 1985 861 1994 ·
883 1967 973 2003 Item
989 1968 1025 2003 in
1038 1968 1144 2004 ballia
1158 1969 1202 2005 de
1218 1969 1442 2004 Inuernaren
1458 1987 1466 1996 ·
1481 1968 1525 2004 de
1541 1968 1849 2005 Abbircaledouer
1863 1988 1872 1997 ·

393 2022 437 2058 de
457 2023 685 2071 Kyldrumyn
703 2042 712 2051 ·
732 2023 775 2059 de
794 2023 963 2072 Geddeys
982 2044 990 2053 ·
1011 2026 1054 2061 de
1073 2026 1245 2075 Urcheny
1259 2046 1268 2054 ·
1288 2026 1332 2062 de
1346 2026 1439 2062 Rate
1452 2045 1460 2054 ·
1473 2026 1517 2061 de
1536 2025 1790 2073 Lenedycothe
1805 2045 1813 2054 ·
1829 2026 1873 2062 de

392 2079 586 2116 Balnecath
600 2098 607 2107 ·
623 2080 666 2115 de
679 2079 865 2116 Aldheren
879 2087 914 2116 et
928 2082 971 2117 de
985 2083 1150 2130 moythas
1164 2103 1172 2111 ·
1190 2084 1282 2119 Item
1300 2084 1339 2119 in
1355 2083 1461 2119 ballia
1479 2083 1523 2119 de
1535 2082 1645 2119 Fores
1658 2101 1666 2110 ·
1679 2082 1724 2118 de
1741 2095 1874 2130 magna

394 2136 580 2185 Kyncorth
600 2155 608 2165 ·
627 2137 671 2173 de
688 2150 797 2185 parva
816 2137 1003 2186 Kyncorth
1025 2158 1034 2167 ·
1057 2140 1100 2175 de
1119 2140 1226 2188 Dyke
1245 2146 1280 2177 et
1298 2141 1343 2177 de
1361 2140 1524 2189 Brothyn
1548 2158 1556 2168 ·
1584 2140 1628 2176 de
1645 2152 1755 2188 parva
1774 2139 1873 2188 Kyn-

391 2193 521 2230 tess'och
539 2212 548 2221 ·
567 2194 611 2229 de
629 2195 782 2230 mundol
801 2214 810 2223 ·
830 2195 873 2231 de
893 2195 1001 2244 Altyr
1023 2216 1032 2224 ·
1057 2197 1100 2233 de
1119 2197 1308 2247 Balnefery
1327 2217 1336 2227 ·
1355 2198 1400 2234 de
1417 2195 1635 2246 prepositura
1652 2196 1780 2233 castelli
1800 2216 1808 2226 ·
1827 2197 1872 2233 de

392 2250 518 2286 Vlerin
534 2268 542 2278 ·
561 2250 606 2287 de
623 2250 703 2300 Byn
727 2270 736 2280 ·
760 2256 795 2289 et
818 2252 862 2288 de
880 2252 1080 2301 Balnageth
1105 2273 1114 2282 ·
1146 2254 1237 2291 Item
1256 2256 1293 2292 in
1310 2255 1416 2291 ballia
1433 2255 1477 2291 de
1496 2254 1614 2303 Elgyn
1643 2273 1651 2282 ·
1682 2254 1726 2290 de
1746 2254 1872 2291 Peten-
