1912 2660
299 146 372 182 346
697 147 1015 185 REGISTRUM
1043 147 1407 186 MORAVIENSE.

300 246 410 293 igitur
436 247 687 295 peregrinandi
714 248 814 284 causa
840 248 886 283 ad
912 248 1068 283 sanctam
1095 247 1275 283 civitatem
1299 246 1519 282 antedictam
1537 247 1706 283 accedere
1723 261 1803 296 pro-

300 303 456 351 posuerit
486 305 547 340 illa
579 305 636 341 die
667 318 737 353 qua
768 306 812 341 de
843 305 998 353 hospicio
1029 305 1090 340 suo
1123 305 1190 340 iter
1225 304 1382 352 arripere
1414 304 1637 352 proposuerit
1672 305 1802 353 eligere

300 361 531 398 confessorem
559 363 594 398 in
617 363 675 399 via
702 369 737 399 et
762 363 801 398 in
828 363 914 398 locis
942 362 1018 397 aliis
1042 362 1309 409 quibuscunque
1329 380 1337 388 ·
1363 361 1490 408 quibus
1508 362 1653 409 quidem
1672 363 1801 399 confes-

300 419 434 455 soribus
462 421 676 456 auctoritate
705 420 865 469 premissa
893 420 1121 455 concedimus
1150 419 1292 466 plenam
1323 418 1532 466 potestatem
1561 419 1715 455 nostram
1744 421 1801 456 ab·

299 476 456 513 solvendi
483 478 520 513 in
548 478 712 514 omnibus
740 476 870 513 casibus
898 477 992 524 Pape
1021 476 1206 511 reservatis
1235 488 1276 511 ac
1306 474 1331 510 fi
1361 476 1480 512 nostra
1506 477 1656 525 persona
1686 479 1800 526 perso-

299 535 429 571 naliter
447 536 494 571 ibi
512 536 604 571 soret
624 555 631 563 -
662 536 754 571 Item
782 534 1010 570 concedimus
1035 533 1132 580 quod
1158 531 1182 567 fi
1204 546 1288 569 vere
1315 533 1489 569 consess'us
1510 535 1544 569 vi
1571 536 1800 582 preveniatur

299 593 395 640 quod
417 593 461 628 ab
485 593 650 629 omnibus
676 592 828 641 peccatis
854 591 921 626 suis
948 591 1116 625 immunis
1143 589 1183 625 fit
1214 595 1250 626 et
1277 591 1419 639 penitus
1447 591 1627 627 absolutus
1647 612 1655 620 ·
1684 599 1719 628 et
1750 594 1801 628 ni-

299 650 512 686 chilominus
543 651 752 686 mandamus
782 649 917 696 angelis
945 647 1094 696 paradisi
1120 648 1217 695 quod
1243 649 1399 684 animam
1423 649 1518 685 illius
1544 663 1565 685 a
1590 652 1799 698 purgatorio

298 709 395 756 prius
413 709 605 744 absolutam
625 706 771 756 paradisi
789 706 928 755 gaudiis
946 706 1177 741 introducant
1197 725 1205 734 ·
1237 706 1329 742 Item
1347 707 1514 743 volumus
1539 712 1574 743 et
1593 708 1800 744 ordinamus

298 767 394 813 quod
422 779 545 802 omnes
570 765 819 814 archiepiscopi
840 783 848 792 ·
869 764 1021 812 episcopi
1045 769 1081 799 et
1107 763 1251 800 abbates
1278 764 1406 812 absque
1435 765 1502 800 hoc
1531 766 1628 813 quod
1653 779 1674 801 a
1697 766 1799 802 nobis

297 824 354 859 vel
382 824 448 859 suis
476 823 669 859 senioribus
695 822 879 858 licenciam
905 835 965 857 eos
986 826 1108 869 petere
1127 827 1270 870 oportet
1288 822 1363 858 suas
1380 822 1582 871 provincias
1601 824 1698 860 exire
1724 825 1799 872 pos-

296 882 376 917 sunt
403 895 482 917 cum
510 881 554 916 ad
581 881 779 929 predictam
799 879 982 915 voluerint
1010 880 1179 915 accedere
1208 880 1389 916 civitatem
1409 900 1416 908 ·
1450 880 1542 917 Item
1569 882 1798 918 concedimus

297 939 341 974 de
368 940 483 986 gratia
511 939 648 987 speciali
677 938 842 973 omnibus
868 937 1069 973 rectoribus
1088 957 1096 965 ·
1124 938 1256 973 curatis
1275 957 1283 966 ·
1313 938 1566 986 exequtoribus
1598 939 1796 975 animarum

296 997 429 1032 dststam
449 995 724 1032 desiderantibus
743 995 1007 1031 itinerationem
1027 996 1072 1031 ad
1093 996 1293 1044 predifi’ffim
1320 996 1498 1032 civitatem
1526 997 1797 1045 patriarchalem

295 1055 392 1102 quod
410 1055 550 1102 poss'unt
569 1052 728 1089 ecclesias
747 1053 823 1088 suas
841 1053 899 1089 vel
924 1053 1096 1089 beneficia
1122 1067 1186 1102 per
1212 1067 1347 1089 annum
1374 1054 1554 1102 integrum
1578 1055 1769 1091 arrendare
1789 1075 1796 1081 -

295 1119 331 1148 et
348 1111 371 1147 fi
390 1113 576 1159 contingat
594 1124 654 1147 eos
673 1112 710 1146 in
728 1111 786 1147 via
810 1111 854 1147 ab
879 1111 945 1147 hae
973 1111 1053 1147 luce
1077 1111 1231 1159 migrare
1257 1112 1425 1147 volumus
1451 1112 1547 1159 quod
1574 1112 1653 1148 talis
1679 1126 1797 1149 arren-

295 1171 391 1205 datio
411 1169 548 1205 roboris
566 1169 694 1205 habeat
711 1169 917 1208 firmitatem
937 1188 946 1197 ·
966 1174 1002 1205 et
1021 1170 1118 1217 quod
1136 1169 1257 1205 nullus
1275 1170 1470 1218 impetrans
1488 1169 1605 1206 nostre
1622 1171 1798 1218 generalis

293 1228 406 1276 gratie
425 1227 482 1263 vel
501 1226 656 1275 specialis
674 1227 972 1275 impedimentum
991 1227 1136 1275 aliquod
1159 1227 1292 1263 inferre
1314 1227 1445 1263 audeat
1463 1227 1524 1263 sub
1544 1227 1797 1276 impetracione

293 1285 555 1321 maledictionis
573 1290 695 1321 eterne
715 1304 723 1312 ·
743 1290 779 1321 et
796 1285 1051 1320 nichilominus
1070 1298 1115 1321 ex
1131 1298 1228 1321 nunc
1247 1290 1355 1333 prout
1369 1298 1413 1321 ex
1431 1290 1518 1321 tunc
1532 1285 1627 1321 suam
1645 1287 1795 1333 gratiam

292 1343 519 1379 annullamus
539 1362 547 1370 ·
577 1343 670 1379 Item
689 1343 811 1378 sancto
830 1343 949 1378 ordini
967 1343 1227 1379 monachorum
1248 1343 1436 1390 nigrorum
1464 1349 1500 1379 et
1525 1343 1688 1379 alborum
1714 1357 1797 1380 con-

293 1402 451 1437 cedimus
468 1400 696 1450 privilegium
715 1401 863 1449 speciale
877 1401 975 1448 quod
989 1401 1194 1437 devocionis
1208 1401 1340 1437 asseditu
1354 1401 1516 1436 volentes
1529 1400 1666 1437 visitare
1681 1402 1793 1437 sedem

293 1459 445 1495 nostram
476 1459 648 1507 prefatam
678 1459 943 1507 indulgenciam
972 1459 1234 1506 consequantur
1259 1478 1267 1487 ·
1295 1464 1331 1494 et
1356 1458 1381 1494 fi
1403 1471 1527 1495 eorum
1552 1459 1657 1495 abbas
1684 1459 1796 1495 nollet

294 1530 354 1553 eos
383 1517 428 1552 ad
454 1517 522 1552 lioc
549 1517 738 1552 licenciare
763 1517 959 1552 monachus
986 1516 1143 1565 ejusdem
1170 1530 1291 1552 coram
1315 1516 1429 1552 tribus
1446 1517 1705 1564 antiquioribus
1723 1530 1796 1553 mo-

293 1575 414 1610 nachis
435 1575 545 1623 pofl'et
569 1588 651 1610 eum
670 1575 852 1622 requirere
871 1580 907 1611 et
925 1580 1046 1623 petere
1065 1575 1108 1610 ab
1127 1575 1254 1611 eodem
1272 1579 1448 1622 quatenus
1465 1575 1511 1610 ad
1530 1575 1662 1611 dictam
1681 1575 1796 1611 indul-

292 1633 455 1680 genciam
474 1633 700 1680 sanctamque
714 1633 831 1668 sedem
846 1631 1052 1669 visitandam
1069 1633 1253 1669 licenciam
1269 1633 1429 1668 conferat
1442 1633 1610 1668 veniendi
1625 1652 1633 1661 ·
1654 1646 1795 1668 necnon

294 1697 330 1727 et
347 1691 501 1739 pretium
519 1691 569 1726 sui
587 1691 702 1727 victus
726 1697 762 1727 et
783 1691 927 1727 vestitus
949 1697 984 1727 et
1007 1691 1324 1727 calciamentorum
1350 1691 1489 1727 ratione
1513 1691 1663 1727 accessus
1690 1691 1740 1727 sui
1760 1700 1795 1727 et

293 1749 442 1784 recessus
461 1748 598 1784 ratione
616 1749 726 1784 totius
745 1749 829 1784 anni
847 1749 976 1785 habeat
997 1748 1058 1785 fibi
1080 1750 1165 1785 dare
1184 1769 1192 1777 ·
1221 1755 1257 1785 et
1282 1748 1306 1784 fi
1330 1748 1435 1797 hujus
1454 1754 1680 1797 contemptor
1698 1749 1795 1785 inve-

293 1807 413 1842 niatur
428 1825 436 1833 ·
455 1805 654 1853 predictum
674 1807 812 1843 ratione
831 1807 1035 1843 voluntaria
1052 1807 1307 1855 impedientem
1322 1806 1608 1842 maledictionem
1623 1806 1794 1855 apostolo-

293 1877 372 1899 ruin
387 1863 483 1898 Petri
499 1869 534 1898 et
548 1863 649 1898 Pauli
663 1864 887 1912 impertimur
902 1865 1018 1901 eidem
1038 1871 1073 1900 et
1091 1865 1245 1901 eundem
1265 1864 1308 1900 ab
1326 1864 1425 1900 omni
1440 1864 1556 1900 officio
1572 1870 1607 1900 et
1621 1864 1793 1901 beneficio

293 1921 504 1969 deponimus
522 1926 558 1956 et
574 1927 748 1969 perpetuo
772 1923 951 1970 privamus
964 1942 972 1951 ·
994 1923 1087 1959 Item
1112 1922 1286 1958 moniales
1303 1921 1328 1957 fi
1346 1927 1466 1958 tamen
1485 1922 1529 1958 de
1548 1922 1615 1957 hiis
1633 1936 1701 1970 que
1715 1936 1793 1971 pre·
1837 1935 1844 1951 ‘-

293 1979 427 2015 cedunt
446 1978 495 2013 eis
513 1979 692 2026 provisum
719 1980 826 2015 fuerit
850 1981 959 2016 eundi
986 1980 1166 2016 licentiam
1189 1980 1343 2016 habeant
1369 1980 1586 2016 antedictam
1601 1999 1608 2008 ·
1631 1979 1656 2015 fi
1673 1986 1791 2016 autem

292 2042 449 2073 rectores
468 2036 663 2071 earundem
691 2050 734 2072 ex
761 2038 810 2073 eis
836 2038 990 2085 aliquam
1011 2039 1254 2086 judicaverint
1274 2050 1460 2074 remanere
1487 2038 1626 2073 ratione
1647 2038 1763 2085 aliqua
1781 2058 1789 2065 ·

291 2107 404 2131 unum
429 2093 631 2142 psalterium
659 2094 815 2141 qualibet
838 2095 1031 2141 septimana
1049 2096 1169 2132 dicant
1188 2101 1229 2132 ut
1248 2095 1349 2132 Deus
1368 2108 1428 2131 eos
1446 2095 1506 2142 qui
1524 2095 1719 2143 predictam
1737 2109 1791 2131 ac-

290 2151 471 2201 quisierint
501 2151 657 2199 graciam
689 2151 857 2199 dignetur
889 2152 948 2188 sua
975 2154 1207 2201 providencia
1236 2153 1444 2189 conservare
1470 2172 1478 2181 ·
1506 2152 1667 2189 volentes
1696 2154 1791 2200 quod

290 2209 491 2259 hujusmodi
510 2209 682 2245 moniales
701 2209 965 2257 indulgenciam
990 2211 1142 2247 habeant
1164 2211 1380 2247 antedictam
1399 2230 1408 2238 ·
1437 2210 1530 2246 Item
1548 2210 1608 2258 qui
1636 2211 1792 2259 decrepi-

290 2269 354 2305 tati
372 2268 452 2303 sunt
470 2267 648 2302 senectute
669 2286 676 2295 ·
696 2267 753 2302 vel
779 2267 895 2314 aliqua
920 2268 1126 2305 infirmitate
1148 2268 1336 2305 incurabili
1362 2268 1400 2304 in
1426 2268 1591 2304 cubiculo
1615 2268 1695 2304 sunt
1715 2281 1792 2316 gra-
