1912 2660
612 173 930 212 REGISTRUM
958 175 1320 215 MORAVIENSE.
1633 189 1705 220 313

212 273 321 322 partis
339 291 347 301 ·
375 284 446 320 qua
462 271 569 308 etiam
595 285 689 320 pena
706 272 820 308 soluta
836 274 894 309 vel
918 286 994 309 non
1018 274 1131 310 soluta
1157 280 1234 310 rata
1259 282 1426 312 maneant
1447 280 1566 315 omnia
1589 287 1624 317 et
1641 282 1705 318 sm-

210 331 295 379 gula
311 329 542 378 suprascripta
559 349 568 358 ·
597 330 676 378 Ego
694 343 781 366 vero
800 330 1003 367 Willelmus
1028 332 1232 367 antedststus
1257 333 1404 369 heredes
1430 336 1500 371 mei
1522 342 1558 372 et
1579 338 1706 375 succes-

210 388 303 424 sores
319 387 481 436 premifl'a
499 387 620 423 omnia
642 388 780 436 prefato
805 388 908 424 altari
931 389 1034 425 beate
1052 389 1167 426 marie
1185 395 1311 426 contra
1328 392 1553 440 quoscunque
1570 406 1707 431 waran-

209 445 393 481 tizabimus
410 450 447 480 et
463 445 501 480 in
518 450 733 494 perpetuum
751 446 983 482 defendemus
1002 466 1010 475 ·
1038 452 1074 483 et
1091 447 1222 483 subicio
1246 461 1303 483 me
1327 453 1363 484 et
1388 449 1480 496 ipsos
1501 451 1704 488 cohercioni

209 503 345 539 domini
357 502 508 551 episcopi
523 502 753 540 moravienfis
771 509 807 540 et
817 504 1057 540 archidiaconi
1069 505 1128 552 qui
1143 518 1208 551 pro
1221 510 1384 554 tempore
1398 506 1558 543 fuernint
1571 514 1607 544 et
1619 509 1705 557 ipso-

209 573 289 596 rum
307 559 490 609 cujussibet
505 580 513 589 ·
528 566 569 596 ut
586 574 650 609 per
664 562 846 597 censuram
859 561 1121 598 ecclesiasticam
1133 567 1169 598 et
1183 563 1432 599 cohercionem
1444 564 1636 601 secularem
1648 580 1704 603 me

208 623 245 654 et
261 617 351 666 ipsos
368 616 497 667 poffint
515 619 729 667 compellere
753 620 798 656 ad
822 620 1041 656 observanda
1063 619 1125 655 ista
1142 620 1304 668 premiffa
1327 622 1448 656 omnia
1472 627 1507 657 et
1524 623 1707 670 quodlibet

207 674 426 723 singulorum
446 695 454 704 ·
475 676 523 712 Et
540 682 582 712 ut
599 676 804 725 hujusmodi
817 682 891 713 tam
905 677 999 713 faete
1017 690 1095 713 mee
1110 677 1314 713 donationis
1327 691 1432 726 quam
1445 680 1573 716 tradite
1587 681 1707 728 pofl'es-

208 732 310 769 sionis
328 740 581 782 argumentum
599 740 635 771 et
651 734 789 783 fignum
804 735 951 771 evidens
968 735 1141 771 habeatur
1158 735 1340 771 modicum
1358 740 1452 771 terre
1467 737 1511 772 de
1529 738 1706 785 perticatis

207 788 284 840 ipfis
302 792 472 840 assumpte
490 792 552 828 sub
570 792 770 828 testimonio
788 793 989 829 videntium
1009 797 1045 828 et
1066 792 1289 828 audientium
1310 793 1616 842 infrascriptorum
1643 796 1706 831 tes-

206 849 296 885 tium
311 849 474 885 manibus
487 850 640 899 proprijs
651 850 833 887 humiliter
847 851 958 886 offero
972 856 1008 887 et
1019 851 1161 898 depono
1172 850 1275 898 super
1289 850 1492 899 predffikum
1506 851 1617 888 altare
1625 852 1706 888 Vir-

206 907 299 954 ginis
324 907 476 954 gloriose
494 927 503 935 ·
533 908 578 943 In
604 908 850 957 premissorum
869 922 956 944 vero
980 907 1220 944 testimonium
1242 908 1387 943 firmum
1412 914 1447 944 et
1473 909 1705 946 indubitabile

207 963 357 1012 sigillum
384 978 504 1001 meum
530 979 603 1001 una
628 979 710 1001 cum
734 964 846 1013 figillo
873 966 1056 1001 communi
1084 965 1180 1001 dicte
1206 965 1290 1001 ville
1318 967 1362 1002 de
1387 966 1506 1015 Elgyn
1532 972 1568 1003 et
1593 966 1705 1015 figillo

206 1022 364 1058 officialis
391 1023 488 1058 curie
507 1022 737 1060 moravienfis
760 1023 979 1072 presentibus
998 1022 1046 1059 est
1063 1022 1254 1071 appensum
1274 1042 1282 1051 ·
1311 1023 1449 1059 Datum
1468 1029 1504 1060 et
1528 1025 1648 1060 actum
1668 1025 1705 1059 in

204 1078 347 1115 ecclefia
364 1080 459 1116 beati
482 1081 598 1129 Egidij
619 1082 664 1117 de
683 1081 802 1129 Elgyn
820 1094 941 1117 coram
968 1080 1072 1116 altari
1095 1080 1251 1129 ejusdem
1270 1080 1432 1128 Virginis
1457 1081 1698 1129 gloriose-xi?-

204 1138 261 1173 die
280 1137 495 1174 Novembris
513 1151 608 1174 anno
621 1139 771 1174 Domini
786 1138 976 1175 -m-0CCC·
989 1136 1198 1185 sexagesimo
1217 1138 1324 1173 tertio
1337 1157 1345 1166 ·
1364 1138 1584 1186 presentibus
1595 1152 1701 1175 vene-

203 1195 371 1231 rabilibus
389 1201 425 1231 et
443 1195 598 1232 discretis
616 1196 700 1232 viris
722 1197 875 1232 dominis
898 1202 934 1232 et
957 1195 1125 1243 magistris
1142 1195 1309 1231 Johanne
1327 1196 1371 1231 de
1390 1196 1546 1232 Dufhws
1563 1196 1702 1233 succen-

135 1280 139 1286 ,
202 1258 280 1288 tore
300 1272 308 1281 ·
328 1253 522 1289 malcolmo
541 1254 585 1290 de
597 1254 768 1303 mcaswyn
785 1259 822 1290 et
833 1253 1016 1290 Willelmo
1035 1253 1079 1288 de
1099 1252 1219 1300 Spyny
1233 1253 1413 1288 canonicis
1431 1252 1571 1289 ecclesie
1583 1256 1702 1290 (Dora-

39 1778 40 1785 ’
98 1772 169 1805 242

201 1309 313 1346 venfis
338 1330 347 1338 ·
372 1311 565 1348 malcolmo
584 1311 628 1347 de
648 1311 762 1347 Alues
783 1312 920 1347 decano
939 1308 1152 1347 Cathanenfi
1170 1328 1179 1337 ·
1209 1309 1366 1346 Ricardo
1393 1315 1478 1346 nato
1496 1310 1671 1348 ,Iohannis
1692 1333 1700 1342 ·

201 1367 383 1404 willelmo
401 1368 497 1416 Ydyl
516 1388 524 1397 ·
544 1374 580 1405 et
598 1369 740 1405 Thoma
757 1369 931 1418 Vitruarij
951 1366 1181 1417 burgensibus
1199 1367 1243 1403 de
1263 1368 1381 1416 Elgyn
1398 1368 1541 1404 testibus
1558 1369 1603 1404 ad
1620 1382 1698 1418 pre-

199 1425 297 1462 missa
316 1425 512 1474 specialiter
529 1424 700 1475 requisitis
720 1446 730 1455 ·

198 1599 377 1635 Fundatio
406 1599 578 1647 capellani
606 1600 651 1635 ad
680 1599 791 1635 altare
821 1598 953 1635 San&e
981 1598 1095 1634 marie
1120 1597 1157 1632 in
1182 1596 1325 1634 ecclefia
1353 1597 1475 1632 Sanfifi
1505 1597 1621 1645 Egidij
1652 1598 1696 1633 de

197 1656 315 1704 Elgyn
337 1676 345 1684 ·

196 1769 373 1807 Omnibus
399 1772 467 1807 hoc
490 1771 658 1820 scriptum
677 1771 801 1807 visuris
818 1771 876 1807 vel
902 1769 1076 1806 audituris
1102 1768 1279 1805 Ricardus
1300 1768 1393 1803 filius
1413 1768 1591 1805 ,Iohannis
1615 1769 1699 1805 bur-

175 1827 306 1877 ·genfis
330 1829 375 1864 de
402 1829 522 1878 Elgyn
556 1829 704 1865 salutem
734 1829 771 1864 in
803 1829 949 1864 domino
976 1827 1225 1875 sempiternam
1253 1845 1261 1854 ·
1297 1826 1452 1861 Noverit
1484 1826 1693 1862 universitas

195 1887 306 1923 vestra
322 1900 380 1923 me
398 1887 457 1935 pia
479 1887 629 1922 du&um
649 1887 840 1923 devotione
860 1905 868 1914 ·
896 1899 977 1921 cum
996 1884 1164 1921 consensu
1182 1883 1315 1919 affensu
1334 1888 1370 1918 et
1394 1896 1493 1919 mera
1509 1884 1693 1920 voluntate

194 1945 381 1981 reverendi
399 1945 437 1980 in
456 1944 595 1980 Christo
620 1944 729 1993 patris
752 1957 792 1979 ac
812 1943 948 1979 domini
966 1942 1105 1978 domini
1125 1941 1326 1978 Alexandri
1349 1940 1420 1976 Dei
1446 1941 1560 1989 gratia
1577 1943 1694 1978 mora-

195 2002 318 2039 vienfis
332 2002 484 2051 episcopi
501 2008 537 2038 et
554 2002 700 2050 capituli
714 2021 723 2030 ·
742 2001 900 2037 sundafl'e
913 2013 1026 2036 unum
1041 1999 1264 2048 capellanum
1279 1998 1324 2034 ad
1340 1998 1451 2034 altare
1465 1998 1566 2034 beate
1580 2000 1693 2036 marie

195 2060 354 2109 Virginis
367 2061 405 2095 in
419 2058 561 2096 ecclesia
575 2059 697 2095 Sancti
712 2059 829 2107 Egidij
844 2059 888 2094 de
903 2058 1022 2106 Elgyn
1033 2062 1207 2106 perpetuo
1222 2055 1483 2092 celebraturum
1498 2069 1564 2104 pro
1576 2056 1692 2091 anima

195 2131 273 2155 mea
291 2138 299 2147 ·
327 2118 466 2155 Elizote
484 2117 604 2166 sponse
622 2130 700 2153 mee
720 2137 728 2145 ·
756 2130 822 2165 pro
840 2115 1023 2152 animabus
1040 2114 1215 2152 Johannis
1234 2119 1270 2150 et
1289 2114 1416 2149 Emme
1434 2113 1544 2162 patris
1562 2119 1597 2149 et
1619 2127 1689 2149 ma-

194 2176 257 2212 tris
274 2189 351 2212 mee
369 2195 379 2205 ν
407 2181 443 2212 et
460 2175 644 2211 animabus
663 2175 822 2211 omnium
841 2173 1000 2209 fidelium
1020 2173 1274 2209 defunctorum
1294 2190 1303 2200 ·
1323 2171 1397 2214 Qui
1415 2171 1560 2219 quidem
1576 2172 1691 2220 capel-

917 2234 940 2266 *2
959 2243 983 2266 R
