2060 2660
324 162 372 192 842
720 154 825 190 REG
833 155 1035 191 ISTRUM
1063 154 1426 191 MORAVIENSE.

326 254 617 290 confraternitate
644 259 680 290 et
706 254 926 290 orationibus
949 259 984 290 et
1005 254 1082 289 aliis
1101 253 1278 288 beneficiis
1296 252 1427 287 ibidem
1446 251 1615 287 faciendis
1633 252 1795 288 habenda
1817 272 1826 281 ·

327 325 432 359 quam
460 312 644 349 Johannes
673 313 802 361 Byseth
827 318 862 347 et
885 312 1033 347 heredes
1055 311 1104 345 sui
1130 310 1266 345 dabunt
1292 307 1432 344 ecclefie
1460 308 1653 344 cathedrali
1680 310 1723 345 de
1750 310 1826 346 Ros

328 368 414 405 licut
431 368 534 418 ipsius
552 376 650 405 carta
667 370 751 406 inde
769 370 934 405 confe&a
951 368 1097 404 testatur
1116 387 1124 395 ·
1154 366 1334 402 Convenit
1349 366 1454 401 etiam
1470 367 1566 413 quod
1581 365 1605 401 fi
1618 367 1736 415 aliqua
1749 381 1827 416 pre-

329 428 506 463 dictarum
534 426 754 464 ecelefiarum
783 432 908 462 contra
931 425 1161 474 suprascripta
1184 424 1221 459 in
1245 424 1364 470 aliquo
1388 424 1512 459 venire
1538 426 1826 473 attemptaverit·

329 498 455 533 penam
475 491 617 521 centum
638 485 807 520 librarum
826 484 1073 530 sterlingorum
1092 481 1260 529 legalium
1276 481 1427 516 servanti
1442 481 1732 530 compositionem
1749 497 1828 531 per-

330 543 439 578 solvet
471 563 479 570 ·
511 543 762 579 nichilominus
780 541 889 576 stante
908 538 1160 588 compositione
1186 558 1194 566 ·
1224 539 1271 574 Et
1294 544 1335 573 ut
1359 539 1424 574 hec
1442 538 1649 588 compositio
1667 541 1771 576 realis
1789 540 1829 576 fit

330 607 365 636 et
390 614 463 636 non
490 601 681 649 personalis
707 599 832 648 prefati
853 598 992 646 judices
1020 596 1173 643 delegati
1196 609 1275 631 cum
1300 596 1517 633 autstwitate
1543 598 1622 646 sepe
1648 598 1828 634 ἀίὁὶοτυῐη

334 658 587 706 Episcoporum
611 657 860 693 auctoritatem
890 656 985 690 suam
1012 654 1301 702 interposuerunt
1328 673 1336 681 ·
1371 654 1415 689 In
1439 655 1685 703 premissorum
1709 662 1829 692 autem

331 717 473 751 firmum
493 721 528 751 et
547 714 777 750 indubitabile
791 713 1029 749 testimonium
1048 712 1078 746 ei
1097 711 1189 759 parti
1208 711 1313 759 hujus
1331 712 1502 760 scripture
1516 713 1554 748 in
1568 714 1715 749 modum
1730 727 1830 762 cyro-

331 773 456 821 graphi
488 773 651 808 consthe
677 785 745 819 que
774 784 881 820 penes
909 770 1087 818 episcopos
1115 769 1355 805 moravienses
1382 777 1544 806 remanet
1572 772 1723 820 appensa
1751 772 1831 807 sunt

333 829 442 878 sigilla
460 830 538 878 sepe
557 830 643 865 diffi
664 830 824 878 Episcopi
842 826 1014 863 Roffenfis
1033 832 1068 862 et
1087 827 1231 875 capituli
1250 840 1323 862 una
1340 841 1420 863 cum
1441 827 1559 876 figillis
1584 830 1828 877 predi&orum

328 888 490 936 judicum
516 888 759 935 delegatorum
783 899 862 921 cum
888 885 1196 933 subscriptionibus
1220 886 1477 921 canonicorum
1498 886 1672 922 Ross'enfis
1690 886 1831 923 ecclesie

334 952 369 981 et
387 946 597 981 clericorum
617 964 625 973 ·
645 944 695 979 illi
710 958 795 979 vero
814 944 905 991 parti
923 956 991 990 que
1010 956 1118 991 penes
1137 943 1317 992 episcopos
1337 943 1521 979 Ross'enses
1540 944 1587 979 est
1605 945 1810 980 remansura
1825 965 1832 972 -

335 1002 488 1051 apposita
505 1003 584 1038 sunt
602 1001 712 1049 sigilla
730 1002 974 1050 prediGtorum
994 1000 1157 1049 Episcopi
1177 1007 1212 1036 et
1230 1001 1376 1050 capituli
1395 1000 1627 1038 moraviensis
1645 1008 1680 1038 et
1699 1003 1835 1051 predic-

336 1067 453 1096 torum
473 1060 635 1108 judicum
659 1074 738 1095 cum
757 1058 1065 1107 subscriptionibus
1083 1059 1339 1094 canonicorum
1359 1060 1522 1096 moravie
1541 1065 1576 1095 et
1594 1060 1806 1096 clericorum
1827 1081 1834 1088 ·

337 1118 474 1153 Αὸὶιιῐῃ
490 1131 584 1153 anno
598 1118 711 1165 gratie
724 1117 956 1154 ·‹o⁰·cc⁰·xxvi·
969 1117 1006 1151 in
1021 1116 1142 1164 vigilia
1159 1117 1417 1165 purificationis
1435 1117 1537 1154 beate
1550 1118 1664 1155 marie
1676 1118 1837 1166 Virginis

336 1176 429 1223 apud
452 1175 622 1211 Kenedor
642 1196 649 1203 ·
679 1176 758 1223 Ego
779 1175 959 1210 Robertus
980 1173 1154 1210 Roffenfis
1172 1175 1354 1223 episcopus
1372 1181 1408 1211 et
1426 1176 1619 1211 canonicus
1638 1176 1812 1212 subscribo
1828 1196 1836 1203 ·

338 1233 416 1280 Ego
440 1232 617 1268 Henricus
637 1233 790 1268 decanus
809 1233 853 1268 de
874 1232 1099 1280 Rosmarkyn
1124 1233 1299 1269 subscribo
1328 1252 1335 1261 ·
1375 1234 1455 1281 Ego
1474 1234 1677 1270 Willelmus
1703 1234 1839 1270 thesau-

339 1291 450 1325 rarius
469 1291 512 1325 de
529 1290 752 1339 Rosmarkyn
771 1290 944 1325 subscribo
965 1310 972 1318 ·
1002 1290 1081 1338 Ego
1102 1290 1286 1327 Robertus
1303 1291 1575 1327 archidiaconus
1593 1297 1629 1327 et
1647 1292 1839 1328 canonicus

341 1346 512 1382 Roffenfis
544 1347 684 1383 ecclesie
716 1348 889 1383 subscribo
922 1367 930 1375 ·
960 1348 1039 1395 Ego
1065 1348 1267 1384 Edwardus
1295 1348 1410 1384 Beket
1440 1349 1633 1385 canonicus
1665 1349 1840 1385 Ross'enfis

338 1405 510 1440 subscribo
528 1425 535 1433 ·
557 1406 635 1453 Ego
656 1405 905 1441 Archebaldus
924 1406 1116 1441 canonicus
1137 1405 1311 1442 Ross'enfis
1329 1407 1503 1443 subscribo
1517 1426 1525 1435 ·
1546 1407 1625 1455 Ego
1645 1408 1840 1444 mauricius

340 1462 487 1511 persona
514 1463 557 1499 de
584 1463 804 1511 Kyncardyn
836 1483 844 1491 ·
873 1464 952 1511 Ego
982 1463 1139 1500 Jacobus
1165 1464 1318 1500 vicarius
1345 1465 1389 1500 de
1420 1465 1556 1501 Alenes
1575 1485 1583 1493 ·
1613 1465 1692 1513 Ego
1721 1465 1841 1501 Adam

344 1521 426 1555 Bur'
459 1521 606 1568 persona
636 1521 680 1556 de
708 1521 844 1557 Alenes
864 1541 871 1549 ·
901 1522 980 1569 Ego
1008 1521 1187 1570 Brydinus
1213 1522 1366 1558 vicarius
1393 1522 1520 1559 Tene·
1550 1523 1629 1571 Ego
1658 1523 1842 1560 Johannes

343 1578 493 1613 vicarius
512 1579 555 1614 de
574 1578 717 1614 Conten
745 1598 753 1606 ·
782 1579 861 1627 Ego
880 1580 1046 1616 matheus
1072 1580 1222 1628 persona
1249 1581 1292 1616 de
1318 1580 1502 1616 Lochbon'
1523 1601 1531 1609 ·
1560 1581 1640 1629 Ego
1659 1581 1844 1617 Douenal-

345 1636 410 1670 dus
428 1636 578 1671 vicarius
597 1636 640 1671 de
660 1636 962 1672 Locuinethereth
982 1657 990 1665 ·
1019 1638 1098 1685 Ego
1118 1637 1320 1674 Willelmus
1341 1639 1433 1674 Poer
1454 1639 1604 1686 persona
1628 1639 1672 1674 de
1692 1639 1844 1674 Lemne-

346 1693 398 1728 lar
427 1712 435 1720 ·
465 1693 543 1740 Ego
574 1693 779 1730 Jeronimus
807 1695 956 1742 persona
980 1695 1023 1731 de
1054 1695 1256 1732 Culicuden
1286 1716 1293 1724 ·
1323 1696 1402 1744 Ego
1433 1696 1592 1732 Thomas
1621 1696 1770 1745 persona
1801 1697 1844 1731 de

348 1750 444 1798 Sudy
469 1770 477 1777 ·
507 1751 585 1798 Ego
615 1751 780 1787 Andreas
812 1752 960 1800 persona
990 1753 1034 1788 (le
1064 1753 1252 1803 Keltierny
1280 1773 1288 1782 ·
1317 1753 1396 1802 Ego
1427 1753 1594 1790 Andreas
1621 1754 1774 1790 vicarius
1801 1754 1845 1789 de

349 1808 540 1844 Arterbert
555 1828 563 1836 ·
593 1808 671 1856 Ego
690 1810 883 1845 mauricius
901 1811 1093 1846 canonicus
1116 1812 1159 1847 de
1180 1812 1405 1861 Rosmarkyn
1423 1812 1573 1861 persona
1591 1812 1634 1847 de
1655 1811 1846 1847 Ardroffer

350 1865 522 1901 subscribo
541 1879 603 1914 per
621 1873 887 1914 procuratorem
904 1868 985 1915 quia
998 1882 1101 1904 cecus
1121 1889 1128 1897 ·
1159 1870 1237 1918 Ego
1258 1870 1385 1906 Petrus
1403 1871 1597 1906 canonicus
1615 1868 1847 1906 moraviensis

352 1921 450 1958 simul
470 1929 505 1959 et
525 1923 697 1959 Roffenfis
716 1924 887 1960 subscribo
908 1945 915 1953 ·

353 2094 570 2143 Compositio
590 2097 681 2132 inter
701 2097 911 2146 Episcopum
931 2104 966 2134 et
985 2099 1184 2136 Walterum
1204 2101 1348 2149 Cumyn
1363 2121 1372 2128 ·

278 2208 325 2249 7ss
354 2211 533 2246 Noverint
551 2224 675 2246 omnes
693 2211 759 2247 hoc
779 2212 943 2261 seriptum
962 2213 1067 2249 visuri
1086 2215 1142 2250 vel
1161 2216 1318 2251 audituri
1336 2216 1432 2264 quod
1452 2215 1516 2251 hee
1535 2214 1582 2251 est
1600 2228 1668 2264 pax
1686 2215 1800 2250 finalis
1815 2221 1851 2251 et

354 2268 545 2304 concordia
572 2269 666 2304 facta
695 2269 788 2305 inter
808 2270 992 2307 Andream
1012 2273 1270 2309 moraviensem
1298 2274 1498 2322 episcopum
1523 2286 1567 2309 ex
1593 2278 1693 2321 parte
1717 2286 1790 2309 una
1816 2279 1852 2308 et
