<?xml version="1.0" encoding="UTF-8"?>
<!DOCTYPE html PUBLIC "-//W3C//DTD XHTML 1.0 Transitional//EN"
    "http://www.w3.org/TR/xhtml1/DTD/xhtml1-transitional.dtd">
<html xmlns="http://www.w3.org/1999/xhtml" xml:lang="en" lang="en">
 <head>
  <title>
</title>
<meta http-equiv="Content-Type" content="text/html;charset=utf-8" />
  <meta name='ocr-system' content='tesseract 3.04.00' />
  <meta name='ocr-capabilities' content='ocr_page ocr_carea ocr_par ocr_line ocrx_word'/>
</head>
<body>
  <div class='ocr_page' id='page_1' title='image "./registrumepisc5800morauoft_0401.png"; bbox 0 0 1912 2660; ppageno 0'>
   <div class='ocr_carea' id='block_1_1' title="bbox 620 155 1716 206">
    <p class='ocr_par' dir='ltr' id='par_1_1' title="bbox 620 155 1716 206">
     <span class='ocr_line' id='line_1_1' title="bbox 620 155 1716 206; baseline 0.011 -16"><span class='ocrx_word' id='word_1_1' title='bbox 620 155 936 192; x_wconf 89' lang='lat' dir='ltr'>REGISTRUM</span> <span class='ocrx_word' id='word_1_2' title='bbox 966 157 1326 197; x_wconf 86' lang='lat' dir='ltr'>MORAVIENSE.</span> <span class='ocrx_word' id='word_1_3' title='bbox 1645 170 1716 206; x_wconf 68' lang='lat'>293</span> 
     </span>
    </p>
   </div>
   <div class='ocr_carea' id='block_1_2' title="bbox 170 254 1722 2265">
    <p class='ocr_par' dir='ltr' id='par_1_2' title="bbox 170 254 1722 1975">
     <span class='ocr_line' id='line_1_2' title="bbox 223 254 1719 303; baseline 0.006 -12"><span class='ocrx_word' id='word_1_4' title='bbox 223 256 429 303; x_wconf 88' lang='lat' dir='ltr'>pliationem</span> <span class='ocrx_word' id='word_1_5' title='bbox 457 254 582 289; x_wconf 89' lang='lat' dir='ltr'>damus</span> <span class='ocrx_word' id='word_1_6' title='bbox 609 260 645 290; x_wconf 85' lang='lat' dir='ltr'>et</span> <span class='ocrx_word' id='word_1_7' title='bbox 672 254 902 290; x_wconf 82' lang='lat' dir='ltr'><strong>concedimus</strong></span> <span class='ocrx_word' id='word_1_8' title='bbox 928 260 964 290; x_wconf 86' lang='lat' dir='ltr'>et</span> <span class='ocrx_word' id='word_1_9' title='bbox 989 256 1184 303; x_wconf 89' lang='lat' dir='ltr'>pontificali</span> <span class='ocrx_word' id='word_1_10' title='bbox 1219 259 1433 295; x_wconf 70' lang='lat' dir='ltr'>auctoritate</span> <span class='ocrx_word' id='word_1_11' title='bbox 1469 262 1719 299; x_wconf 88' lang='lat' dir='ltr'>confirmamus</span> 
     </span>
     <span class='ocr_line' id='line_1_3' title="bbox 222 311 1717 361; baseline 0.005 -13"><span class='ocrx_word' id='word_1_12' title='bbox 222 314 260 348; x_wconf 91' lang='lat' dir='ltr'>in</span> <span class='ocrx_word' id='word_1_13' title='bbox 298 312 378 348; x_wconf 89' lang='lat' dir='ltr'>usus</span> <span class='ocrx_word' id='word_1_14' title='bbox 411 312 575 360; x_wconf 91' lang='lat' dir='ltr'>proprios</span> <span class='ocrx_word' id='word_1_15' title='bbox 605 317 642 347; x_wconf 84' lang='lat' dir='ltr'>et</span> <span class='ocrx_word' id='word_1_16' title='bbox 670 311 779 360; x_wconf 88' lang='lat' dir='ltr'>pleno</span> <span class='ocrx_word' id='word_1_17' title='bbox 806 311 890 360; x_wconf 91' lang='lat' dir='ltr'>jure</span> <span class='ocrx_word' id='word_1_18' title='bbox 925 312 1116 360; x_wconf 87' lang='lat' dir='ltr'>capellanis</span> <span class='ocrx_word' id='word_1_19' title='bbox 1150 314 1426 361; x_wconf 82' lang='lat' dir='ltr'>capellaniarum</span> <span class='ocrx_word' id='word_1_20' title='bbox 1457 319 1645 355; x_wconf 68' lang='lat' dir='ltr'>antedictis</span> <span class='ocrx_word' id='word_1_21' title='bbox 1680 322 1717 356; x_wconf 88' lang='lat' dir='ltr'>in</span> 
     </span>
     <span class='ocr_line' id='line_1_4' title="bbox 222 369 1718 422; baseline 0.005 -16"><span class='ocrx_word' id='word_1_22' title='bbox 222 375 453 418; x_wconf 82' lang='lat' dir='ltr'>augmentum</span> <span class='ocrx_word' id='word_1_23' title='bbox 472 369 679 417; x_wconf 88' lang='lat' dir='ltr'>portionum</span> <span class='ocrx_word' id='word_1_24' title='bbox 703 374 739 405; x_wconf 90' lang='lat' dir='ltr'>et</span> <span class='ocrx_word' id='word_1_25' title='bbox 756 369 962 404; x_wconf 86' lang='lat' dir='ltr'>salariorum</span> <span class='ocrx_word' id='word_1_26' title='bbox 981 369 1125 405; x_wconf 92' lang='lat' dir='ltr'>suorum</span> <span class='ocrx_word' id='word_1_27' title='bbox 1146 390 1154 398; x_wconf 89' lang='lat'><strong>·</strong></span> <span class='ocrx_word' id='word_1_28' title='bbox 1173 371 1349 406; x_wconf 66' lang='lat' dir='ltr'>fructibus</span> <span class='ocrx_word' id='word_1_29' title='bbox 1373 372 1524 420; x_wconf 90' lang='lat' dir='ltr'>ipsarum</span> <span class='ocrx_word' id='word_1_30' title='bbox 1549 377 1718 422; x_wconf 84' lang='lat' dir='ltr'>equaliter</span> 
     </span>
     <span class='ocr_line' id='line_1_5' title="bbox 221 426 1720 481; baseline 0.003 -18"><span class='ocrx_word' id='word_1_31' title='bbox 221 427 404 463; x_wconf 86' lang='lat' dir='ltr'>annuatim</span> <span class='ocrx_word' id='word_1_32' title='bbox 431 427 525 463; x_wconf 91' lang='lat' dir='ltr'>inter</span> <span class='ocrx_word' id='word_1_33' title='bbox 551 427 693 463; x_wconf 87' lang='lat' dir='ltr'>eosdem</span> <span class='ocrx_word' id='word_1_34' title='bbox 719 427 920 462; x_wconf 89' lang='lat' dir='ltr'>dividendis</span> <span class='ocrx_word' id='word_1_35' title='bbox 939 446 947 455; x_wconf 91' lang='lat'><strong>·</strong></span> <span class='ocrx_word' id='word_1_36' title='bbox 966 426 1068 463; x_wconf 89' lang='lat' dir='ltr'>salvis</span> <span class='ocrx_word' id='word_1_37' title='bbox 1094 428 1319 475; x_wconf 85' lang='lat' dir='ltr'>portionibus</span> <span class='ocrx_word' id='word_1_38' title='bbox 1336 429 1551 466; x_wconf 91' lang='lat' dir='ltr'>vicariorum</span> <span class='ocrx_word' id='word_1_39' title='bbox 1580 433 1617 467; x_wconf 90' lang='lat' dir='ltr'>in</span> <span class='ocrx_word' id='word_1_40' title='bbox 1644 447 1720 481; x_wconf 89' lang='lat' dir='ltr'>pre-</span> 
     </span>
     <span class='ocr_line' id='line_1_6' title="bbox 220 483 1717 534; baseline 0.003 -14"><span class='ocrx_word' id='word_1_41' title='bbox 220 485 324 520; x_wconf 62' lang='lat' dir='ltr'>dictis</span> <span class='ocrx_word' id='word_1_42' title='bbox 342 483 493 520; x_wconf 83' lang='lat' dir='ltr'>ecclesiis</span> <span class='ocrx_word' id='word_1_43' title='bbox 507 485 781 521; x_wconf 83' lang='lat' dir='ltr'>deservientium</span> <span class='ocrx_word' id='word_1_44' title='bbox 797 504 806 512; x_wconf 92' lang='lat'><strong>·</strong></span> <span class='ocrx_word' id='word_1_45' title='bbox 825 492 862 520; x_wconf 91' lang='lat' dir='ltr'>et</span> <span class='ocrx_word' id='word_1_46' title='bbox 874 484 977 520; x_wconf 91' lang='lat' dir='ltr'>nobis</span> <span class='ocrx_word' id='word_1_47' title='bbox 991 490 1027 521; x_wconf 89' lang='lat' dir='ltr'>et</span> <span class='ocrx_word' id='word_1_48' title='bbox 1040 485 1290 521; x_wconf 82' lang='lat' dir='ltr'>successoribus</span> <span class='ocrx_word' id='word_1_49' title='bbox 1303 486 1429 521; x_wconf 85' lang='lat' dir='ltr'>nostris</span> <span class='ocrx_word' id='word_1_50' title='bbox 1443 488 1695 534; x_wconf 85' lang='lat' dir='ltr'>episcopalibus</span> <span class='ocrx_word' id='word_1_51' title='bbox 1710 510 1717 518; x_wconf 91' lang='lat'><strong>·</strong></span> 
     </span>
     <span class='ocr_line' id='line_1_7' title="bbox 219 542 1720 583; baseline 0.003 -5"><span class='ocrx_word' id='word_1_52' title='bbox 219 548 256 578; x_wconf 90' lang='lat' dir='ltr'>et</span> <span class='ocrx_word' id='word_1_53' title='bbox 282 542 540 578; x_wconf 90' lang='lat' dir='ltr'>archidiaconis</span> <span class='ocrx_word' id='word_1_54' title='bbox 565 542 908 578; x_wconf 82' lang='lat' dir='ltr'>archidiaconalibus</span> <span class='ocrx_word' id='word_1_55' title='bbox 934 543 1111 578; x_wconf 87' lang='lat' dir='ltr'>consuetis</span> <span class='ocrx_word' id='word_1_56' title='bbox 1130 562 1138 571; x_wconf 93' lang='lat'><strong>·</strong></span> <span class='ocrx_word' id='word_1_57' title='bbox 1175 543 1253 579; x_wconf 89' lang='lat' dir='ltr'>Nos</span> <span class='ocrx_word' id='word_1_58' title='bbox 1272 545 1379 579; x_wconf 89' lang='lat' dir='ltr'>etiam</span> <span class='ocrx_word' id='word_1_59' title='bbox 1398 563 1406 571; x_wconf 88' lang='lat'><strong>·</strong></span> <span class='ocrx_word' id='word_1_60' title='bbox 1426 545 1552 580; x_wconf 92' lang='lat' dir='ltr'>eodem</span> <span class='ocrx_word' id='word_1_61' title='bbox 1569 546 1720 583; x_wconf 90' lang='lat' dir='ltr'>interve-</span> 
     </span>
     <span class='ocr_line' id='line_1_8' title="bbox 219 600 1721 649; baseline 0.002 -13"><span class='ocrx_word' id='word_1_62' title='bbox 219 601 340 636; x_wconf 88' lang='lat' dir='ltr'>niente</span> <span class='ocrx_word' id='word_1_63' title='bbox 358 600 527 636; x_wconf 90' lang='lat' dir='ltr'>consensu</span> <span class='ocrx_word' id='word_1_64' title='bbox 544 600 686 636; x_wconf 89' lang='lat' dir='ltr'>Decani</span> <span class='ocrx_word' id='word_1_65' title='bbox 704 605 740 636; x_wconf 87' lang='lat' dir='ltr'>et</span> <span class='ocrx_word' id='word_1_66' title='bbox 758 600 904 648; x_wconf 85' lang='lat' dir='ltr'>capituli</span> <span class='ocrx_word' id='word_1_67' title='bbox 922 600 1030 636; x_wconf 88' lang='lat' dir='ltr'>nostri</span> <span class='ocrx_word' id='word_1_68' title='bbox 1043 620 1051 628; x_wconf 88' lang='lat'><strong>·</strong></span> <span class='ocrx_word' id='word_1_69' title='bbox 1071 601 1372 637; x_wconf 85' lang='lat' dir='ltr'>consentientibus</span> <span class='ocrx_word' id='word_1_70' title='bbox 1390 602 1497 637; x_wconf 90' lang='lat' dir='ltr'>etiam</span> <span class='ocrx_word' id='word_1_71' title='bbox 1515 603 1721 649; x_wconf 88' lang='lat' dir='ltr'>capellania-</span> 
     </span>
     <span class='ocr_line' id='line_1_9' title="bbox 219 657 1721 708; baseline 0.002 -15"><span class='ocrx_word' id='word_1_72' title='bbox 219 671 299 693; x_wconf 90' lang='lat' dir='ltr'>rum</span> <span class='ocrx_word' id='word_1_73' title='bbox 311 658 501 706; x_wconf 88' lang='lat' dir='ltr'>capellanis</span> <span class='ocrx_word' id='word_1_74' title='bbox 515 658 706 694; x_wconf 66' lang='lat' dir='ltr'>antedidi‘ds</span> <span class='ocrx_word' id='word_1_75' title='bbox 718 678 726 686; x_wconf 94' lang='lat'><strong>·</strong></span> <span class='ocrx_word' id='word_1_76' title='bbox 745 658 913 694; x_wconf 90' lang='lat' dir='ltr'>volumus</span> <span class='ocrx_word' id='word_1_77' title='bbox 926 657 1110 694; x_wconf 87' lang='lat' dir='ltr'>statuimus</span> <span class='ocrx_word' id='word_1_78' title='bbox 1124 666 1160 694; x_wconf 89' lang='lat' dir='ltr'>et</span> <span class='ocrx_word' id='word_1_79' title='bbox 1174 659 1380 696; x_wconf 83' lang='lat' dir='ltr'>ordinamus</span> <span class='ocrx_word' id='word_1_80' title='bbox 1394 660 1491 707; x_wconf 92' lang='lat' dir='ltr'>quod</span> <span class='ocrx_word' id='word_1_81' title='bbox 1504 658 1629 708; x_wconf 80' lang='lat' dir='ltr'>singuli</span> <span class='ocrx_word' id='word_1_82' title='bbox 1640 661 1721 696; x_wconf 89' lang='lat' dir='ltr'>alia-</span> 
     </span>
     <span class='ocr_line' id='line_1_10' title="bbox 218 714 1720 764; baseline 0.001 -13"><span class='ocrx_word' id='word_1_83' title='bbox 218 729 299 751; x_wconf 89' lang='lat' dir='ltr'>rum</span> <span class='ocrx_word' id='word_1_84' title='bbox 317 716 595 764; x_wconf 87' lang='lat' dir='ltr'>capellaniarum</span> <span class='ocrx_word' id='word_1_85' title='bbox 613 716 786 764; x_wconf 87' lang='lat' dir='ltr'>capellani</span> <span class='ocrx_word' id='word_1_86' title='bbox 798 715 875 764; x_wconf 90' lang='lat' dir='ltr'>jam</span> <span class='ocrx_word' id='word_1_87' title='bbox 889 715 1029 751; x_wconf 90' lang='lat' dir='ltr'>fundati</span> <span class='ocrx_word' id='word_1_88' title='bbox 1040 714 1109 751; x_wconf 90' lang='lat' dir='ltr'>five</span> <span class='ocrx_word' id='word_1_89' title='bbox 1123 716 1161 751; x_wconf 91' lang='lat' dir='ltr'>in</span> <span class='ocrx_word' id='word_1_90' title='bbox 1172 715 1351 764; x_wconf 87' lang='lat' dir='ltr'>posterum</span> <span class='ocrx_word' id='word_1_91' title='bbox 1369 717 1544 752; x_wconf 88' lang='lat' dir='ltr'>fundandi</span> <span class='ocrx_word' id='word_1_92' title='bbox 1561 718 1665 754; x_wconf 91' lang='lat' dir='ltr'>semel</span> <span class='ocrx_word' id='word_1_93' title='bbox 1685 719 1720 753; x_wconf 89' lang='lat' dir='ltr'>in</span> 
     </span>
     <span class='ocr_line' id='line_1_11' title="bbox 218 773 1718 822; baseline 0.001 -13"><span class='ocrx_word' id='word_1_94' title='bbox 218 774 411 821; x_wconf 86' lang='lat' dir='ltr'>septimana</span> <span class='ocrx_word' id='word_1_95' title='bbox 422 774 570 821; x_wconf 88' lang='lat' dir='ltr'>quilibet</span> <span class='ocrx_word' id='word_1_96' title='bbox 581 774 748 810; x_wconf 84' lang='lat' dir='ltr'>videlicet</span> <span class='ocrx_word' id='word_1_97' title='bbox 758 786 869 809; x_wconf 91' lang='lat' dir='ltr'>unam</span> <span class='ocrx_word' id='word_1_98' title='bbox 882 774 1015 809; x_wconf 84' lang='lat' dir='ltr'>miffam</span> <span class='ocrx_word' id='word_1_99' title='bbox 1030 787 1096 821; x_wconf 89' lang='lat' dir='ltr'>pro</span> <span class='ocrx_word' id='word_1_100' title='bbox 1112 773 1293 809; x_wconf 61' lang='lat' dir='ltr'>defunfifis</span> <span class='ocrx_word' id='word_1_101' title='bbox 1306 793 1314 802; x_wconf 88' lang='lat'><strong>·</strong></span> <span class='ocrx_word' id='word_1_102' title='bbox 1327 787 1396 822; x_wconf 92' lang='lat' dir='ltr'>que</span> <span class='ocrx_word' id='word_1_103' title='bbox 1403 775 1534 810; x_wconf 84' lang='lat' dir='ltr'>dicitur</span> <span class='ocrx_word' id='word_1_104' title='bbox 1546 776 1718 822; x_wconf 91' lang='lat' dir='ltr'>requiem·</span> 
     </span>
     <span class='ocr_line' id='line_1_12' title="bbox 218 829 1720 880; baseline 0.001 -13"><span class='ocrx_word' id='word_1_105' title='bbox 218 844 360 867; x_wconf 87' lang='lat' dir='ltr'>exnunc</span> <span class='ocrx_word' id='word_1_106' title='bbox 378 832 560 867; x_wconf 89' lang='lat' dir='ltr'>celebrent</span> <span class='ocrx_word' id='word_1_107' title='bbox 579 837 615 867; x_wconf 88' lang='lat' dir='ltr'>et</span> <span class='ocrx_word' id='word_1_108' title='bbox 633 831 789 867; x_wconf 89' lang='lat' dir='ltr'>celebret</span> <span class='ocrx_word' id='word_1_109' title='bbox 806 844 872 879; x_wconf 91' lang='lat' dir='ltr'>pro</span> <span class='ocrx_word' id='word_1_110' title='bbox 891 832 1011 866; x_wconf 89' lang='lat' dir='ltr'>anima</span> <span class='ocrx_word' id='word_1_111' title='bbox 1028 829 1231 867; x_wconf 86' lang='lat' dir='ltr'>nobiliffimi</span> <span class='ocrx_word' id='word_1_112' title='bbox 1249 832 1418 880; x_wconf 87' lang='lat' dir='ltr'>principis</span> <span class='ocrx_word' id='word_1_113' title='bbox 1436 832 1529 868; x_wconf 92' lang='lat' dir='ltr'>bone</span> <span class='ocrx_word' id='word_1_114' title='bbox 1550 834 1720 868; x_wconf 88' lang='lat' dir='ltr'>memorie</span> 
     </span>
     <span class='ocr_line' id='line_1_13' title="bbox 218 889 1720 937; baseline 0.001 -13"><span class='ocrx_word' id='word_1_115' title='bbox 218 890 354 924; x_wconf 88' lang='lat' dir='ltr'>domini</span> <span class='ocrx_word' id='word_1_116' title='bbox 375 889 528 925; x_wconf 88' lang='lat' dir='ltr'>Roberti</span> <span class='ocrx_word' id='word_1_117' title='bbox 544 890 654 937; x_wconf 85' lang='lat' dir='ltr'>Regis</span> <span class='ocrx_word' id='word_1_118' title='bbox 672 889 791 925; x_wconf 82' lang='lat' dir='ltr'>Scotie</span> <span class='ocrx_word' id='word_1_119' title='bbox 807 909 815 917; x_wconf 91' lang='lat'><em>-</em></span> <span class='ocrx_word' id='word_1_120' title='bbox 835 895 871 925; x_wconf 90' lang='lat' dir='ltr'>et</span> <span class='ocrx_word' id='word_1_121' title='bbox 889 902 954 937; x_wconf 90' lang='lat' dir='ltr'>pro</span> <span class='ocrx_word' id='word_1_122' title='bbox 973 889 1084 925; x_wconf 89' lang='lat' dir='ltr'>salute</span> <span class='ocrx_word' id='word_1_123' title='bbox 1103 889 1191 925; x_wconf 68' lang='lat' dir='ltr'>diffi</span> <span class='ocrx_word' id='word_1_124' title='bbox 1210 889 1346 925; x_wconf 90' lang='lat' dir='ltr'>domini</span> <span class='ocrx_word' id='word_1_125' title='bbox 1363 890 1514 926; x_wconf 88' lang='lat' dir='ltr'>Comitis</span> <span class='ocrx_word' id='word_1_126' title='bbox 1530 910 1538 917; x_wconf 91' lang='lat'><strong>·</strong></span> <span class='ocrx_word' id='word_1_127' title='bbox 1557 904 1598 925; x_wconf 88' lang='lat' dir='ltr'>ac</span> <span class='ocrx_word' id='word_1_128' title='bbox 1616 892 1720 926; x_wconf 87' lang='lat' dir='ltr'>etiam</span> 
     </span>
     <span class='ocr_line' id='line_1_14' title="bbox 218 947 1722 995; baseline 0.001 -13"><span class='ocrx_word' id='word_1_129' title='bbox 218 960 283 994; x_wconf 92' lang='lat' dir='ltr'>pro</span> <span class='ocrx_word' id='word_1_130' title='bbox 302 948 420 982; x_wconf 84' lang='lat' dir='ltr'>anima</span> <span class='ocrx_word' id='word_1_131' title='bbox 442 947 503 982; x_wconf 91' lang='lat' dir='ltr'>sua</span> <span class='ocrx_word' id='word_1_132' title='bbox 525 961 606 982; x_wconf 91' lang='lat' dir='ltr'>cum</span> <span class='ocrx_word' id='word_1_133' title='bbox 630 947 674 982; x_wconf 89' lang='lat' dir='ltr'>ab</span> <span class='ocrx_word' id='word_1_134' title='bbox 696 948 762 983; x_wconf 89' lang='lat' dir='ltr'>hac</span> <span class='ocrx_word' id='word_1_135' title='bbox 784 947 864 982; x_wconf 89' lang='lat' dir='ltr'>luce</span> <span class='ocrx_word' id='word_1_136' title='bbox 887 947 1095 994; x_wconf 83' lang='lat' dir='ltr'>migraverit</span> <span class='ocrx_word' id='word_1_137' title='bbox 1114 967 1122 974; x_wconf 91' lang='lat'><em>·</em></span> <span class='ocrx_word' id='word_1_138' title='bbox 1149 960 1216 983; x_wconf 92' lang='lat' dir='ltr'>nec</span> <span class='ocrx_word' id='word_1_139' title='bbox 1235 960 1310 982; x_wconf 90' lang='lat' dir='ltr'>non</span> <span class='ocrx_word' id='word_1_140' title='bbox 1333 961 1399 995; x_wconf 87' lang='lat' dir='ltr'>pro</span> <span class='ocrx_word' id='word_1_141' title='bbox 1425 948 1608 983; x_wconf 82' lang='lat' dir='ltr'>animabus</span> <span class='ocrx_word' id='word_1_142' title='bbox 1626 954 1722 983; x_wconf 90' lang='lat' dir='ltr'>ante-</span> 
     </span>
     <span class='ocr_line' id='line_1_15' title="bbox 219 1004 1722 1041; baseline 0.001 -2"><span class='ocrx_word' id='word_1_143' title='bbox 219 1005 390 1040; x_wconf 84' lang='lat' dir='ltr'>cefforum</span> <span class='ocrx_word' id='word_1_144' title='bbox 418 1010 454 1040; x_wconf 92' lang='lat' dir='ltr'>et</span> <span class='ocrx_word' id='word_1_145' title='bbox 479 1005 713 1041; x_wconf 85' lang='lat' dir='ltr'>succefl&#39;orum</span> <span class='ocrx_word' id='word_1_146' title='bbox 739 1005 884 1040; x_wconf 91' lang='lat' dir='ltr'>suorum</span> <span class='ocrx_word' id='word_1_147' title='bbox 909 1010 945 1040; x_wconf 87' lang='lat' dir='ltr'>et</span> <span class='ocrx_word' id='word_1_148' title='bbox 972 1005 1134 1040; x_wconf 90' lang='lat' dir='ltr'>omnium</span> <span class='ocrx_word' id='word_1_149' title='bbox 1156 1004 1316 1040; x_wconf 89' lang='lat' dir='ltr'>fidelium</span> <span class='ocrx_word' id='word_1_150' title='bbox 1339 1005 1592 1041; x_wconf 65' lang='lat' dir='ltr'>defunfflmrum</span> <span class='ocrx_word' id='word_1_151' title='bbox 1609 1025 1616 1033; x_wconf 94' lang='lat'><strong>·</strong></span> <span class='ocrx_word' id='word_1_152' title='bbox 1644 1006 1722 1041; x_wconf 86' lang='lat' dir='ltr'>Nos</span> 
     </span>
     <span class='ocr_line' id='line_1_16' title="bbox 218 1062 1722 1112; baseline 0.001 -15"><span class='ocrx_word' id='word_1_153' title='bbox 218 1062 323 1097; x_wconf 87' lang='lat' dir='ltr'>etiam</span> <span class='ocrx_word' id='word_1_154' title='bbox 344 1063 512 1098; x_wconf 90' lang='lat' dir='ltr'>volumus</span> <span class='ocrx_word' id='word_1_155' title='bbox 529 1062 712 1098; x_wconf 87' lang='lat' dir='ltr'>statuimus</span> <span class='ocrx_word' id='word_1_156' title='bbox 730 1068 766 1098; x_wconf 89' lang='lat' dir='ltr'>et</span> <span class='ocrx_word' id='word_1_157' title='bbox 784 1063 991 1098; x_wconf 84' lang='lat' dir='ltr'>ordinamus</span> <span class='ocrx_word' id='word_1_158' title='bbox 1013 1063 1111 1110; x_wconf 89' lang='lat' dir='ltr'>quod</span> <span class='ocrx_word' id='word_1_159' title='bbox 1133 1062 1282 1110; x_wconf 88' lang='lat' dir='ltr'>quilibet</span> <span class='ocrx_word' id='word_1_160' title='bbox 1308 1063 1585 1111; x_wconf 87' lang='lat' dir='ltr'>capellaniarum</span> <span class='ocrx_word' id='word_1_161' title='bbox 1610 1064 1722 1112; x_wconf 87' lang='lat' dir='ltr'>capel-</span> 
     </span>
     <span class='ocr_line' id='line_1_17' title="bbox 219 1120 1722 1168; baseline 0.001 -13"><span class='ocrx_word' id='word_1_162' title='bbox 219 1120 321 1155; x_wconf 83' lang='lat' dir='ltr'>lanus</span> <span class='ocrx_word' id='word_1_163' title='bbox 340 1126 411 1155; x_wconf 89' lang='lat' dir='ltr'>tam</span> <span class='ocrx_word' id='word_1_164' title='bbox 427 1120 515 1156; x_wconf 61' lang='lat' dir='ltr'>dieti</span> <span class='ocrx_word' id='word_1_165' title='bbox 534 1121 670 1155; x_wconf 90' lang='lat' dir='ltr'>domini</span> <span class='ocrx_word' id='word_1_166' title='bbox 683 1120 835 1156; x_wconf 88' lang='lat' dir='ltr'>Comitis</span> <span class='ocrx_word' id='word_1_167' title='bbox 852 1133 959 1168; x_wconf 91' lang='lat' dir='ltr'>quam</span> <span class='ocrx_word' id='word_1_168' title='bbox 977 1120 1127 1155; x_wconf 88' lang='lat' dir='ltr'>aliarum</span> <span class='ocrx_word' id='word_1_169' title='bbox 1145 1120 1329 1168; x_wconf 89' lang='lat' dir='ltr'>specialem</span> <span class='ocrx_word' id='word_1_170' title='bbox 1344 1121 1449 1156; x_wconf 89' lang='lat' dir='ltr'>faciat</span> <span class='ocrx_word' id='word_1_171' title='bbox 1467 1134 1722 1157; x_wconf 89' lang='lat' dir='ltr'>commemora-</span> 
     </span>
     <span class='ocr_line' id='line_1_18' title="bbox 218 1176 1722 1226; baseline 0.001 -14"><span class='ocrx_word' id='word_1_172' title='bbox 218 1178 353 1213; x_wconf 85' lang='lat' dir='ltr'>tionem</span> <span class='ocrx_word' id='word_1_173' title='bbox 373 1183 409 1214; x_wconf 88' lang='lat' dir='ltr'>et</span> <span class='ocrx_word' id='word_1_174' title='bbox 427 1178 635 1214; x_wconf 90' lang='lat' dir='ltr'>memoriam</span> <span class='ocrx_word' id='word_1_175' title='bbox 651 1177 798 1226; x_wconf 73' lang='lat' dir='ltr'>singulis</span> <span class='ocrx_word' id='word_1_176' title='bbox 820 1178 944 1213; x_wconf 88' lang='lat' dir='ltr'>diebus</span> <span class='ocrx_word' id='word_1_177' title='bbox 969 1178 1007 1213; x_wconf 88' lang='lat' dir='ltr'>in</span> <span class='ocrx_word' id='word_1_178' title='bbox 1033 1176 1139 1213; x_wconf 84' lang='lat' dir='ltr'>miffis</span> <span class='ocrx_word' id='word_1_179' title='bbox 1164 1178 1232 1213; x_wconf 85' lang='lat' dir='ltr'>suis</span> <span class='ocrx_word' id='word_1_180' title='bbox 1259 1184 1295 1214; x_wconf 87' lang='lat' dir='ltr'>et</span> <span class='ocrx_word' id='word_1_181' title='bbox 1319 1178 1490 1226; x_wconf 82' lang='lat' dir='ltr'>suffragiis</span> <span class='ocrx_word' id='word_1_182' title='bbox 1516 1191 1581 1226; x_wconf 92' lang='lat' dir='ltr'>pro</span> <span class='ocrx_word' id='word_1_183' title='bbox 1604 1180 1722 1214; x_wconf 87' lang='lat' dir='ltr'>anima</span> 
     </span>
     <span class='ocr_line' id='line_1_19' title="bbox 218 1235 1722 1283; baseline 0.001 -13"><span class='ocrx_word' id='word_1_184' title='bbox 218 1235 312 1271; x_wconf 92' lang='lat' dir='ltr'>bone</span> <span class='ocrx_word' id='word_1_185' title='bbox 338 1236 510 1271; x_wconf 90' lang='lat' dir='ltr'>memorie</span> <span class='ocrx_word' id='word_1_186' title='bbox 538 1236 625 1271; x_wconf 75' lang='grc' dir='ltr'><strong>(116ὶί</strong></span> <span class='ocrx_word' id='word_1_187' title='bbox 650 1235 802 1271; x_wconf 88' lang='lat' dir='ltr'>Roberti</span> <span class='ocrx_word' id='word_1_188' title='bbox 828 1235 939 1283; x_wconf 87' lang='lat' dir='ltr'>Regis</span> <span class='ocrx_word' id='word_1_189' title='bbox 962 1235 1079 1271; x_wconf 84' lang='lat' dir='ltr'>Scotie</span> <span class='ocrx_word' id='word_1_190' title='bbox 1099 1255 1107 1263; x_wconf 93' lang='lat'><strong>·</strong></span> <span class='ocrx_word' id='word_1_191' title='bbox 1137 1241 1172 1271; x_wconf 91' lang='lat' dir='ltr'>et</span> <span class='ocrx_word' id='word_1_192' title='bbox 1199 1249 1264 1283; x_wconf 93' lang='lat' dir='ltr'>pro</span> <span class='ocrx_word' id='word_1_193' title='bbox 1291 1236 1401 1272; x_wconf 86' lang='lat' dir='ltr'>salute</span> <span class='ocrx_word' id='word_1_194' title='bbox 1428 1242 1464 1272; x_wconf 94' lang='lat' dir='ltr'>et</span> <span class='ocrx_word' id='word_1_195' title='bbox 1489 1237 1608 1272; x_wconf 90' lang='lat' dir='ltr'>anima</span> <span class='ocrx_word' id='word_1_196' title='bbox 1634 1237 1722 1272; x_wconf 71' lang='grc' dir='ltr'><strong>(116ὶί</strong></span> 
     </span>
     <span class='ocr_line' id='line_1_20' title="bbox 218 1292 1721 1342; baseline 0.001 -14"><span class='ocrx_word' id='word_1_197' title='bbox 218 1294 354 1328; x_wconf 89' lang='lat' dir='ltr'>domini</span> <span class='ocrx_word' id='word_1_198' title='bbox 367 1293 519 1329; x_wconf 88' lang='lat' dir='ltr'>Comitis</span> <span class='ocrx_word' id='word_1_199' title='bbox 534 1313 541 1321; x_wconf 94' lang='lat'><strong>·</strong></span> <span class='ocrx_word' id='word_1_200' title='bbox 561 1307 602 1329; x_wconf 86' lang='lat' dir='ltr'>ac</span> <span class='ocrx_word' id='word_1_201' title='bbox 621 1294 727 1329; x_wconf 88' lang='lat' dir='ltr'>etiam</span> <span class='ocrx_word' id='word_1_202' title='bbox 742 1307 808 1341; x_wconf 92' lang='lat' dir='ltr'>pro</span> <span class='ocrx_word' id='word_1_203' title='bbox 822 1293 942 1329; x_wconf 90' lang='lat' dir='ltr'>anima</span> <span class='ocrx_word' id='word_1_204' title='bbox 959 1292 1078 1328; x_wconf 89' lang='lat' dir='ltr'>nostra</span> <span class='ocrx_word' id='word_1_205' title='bbox 1091 1298 1127 1329; x_wconf 89' lang='lat' dir='ltr'>et</span> <span class='ocrx_word' id='word_1_206' title='bbox 1141 1306 1206 1341; x_wconf 89' lang='lat' dir='ltr'>pro</span> <span class='ocrx_word' id='word_1_207' title='bbox 1221 1293 1405 1329; x_wconf 87' lang='lat' dir='ltr'>animabus</span> <span class='ocrx_word' id='word_1_208' title='bbox 1419 1295 1528 1342; x_wconf 89' lang='lat' dir='ltr'>patris</span> <span class='ocrx_word' id='word_1_209' title='bbox 1546 1300 1581 1330; x_wconf 87' lang='lat' dir='ltr'>et</span> <span class='ocrx_word' id='word_1_210' title='bbox 1599 1295 1721 1330; x_wconf 89' lang='lat' dir='ltr'>matris</span> 
     </span>
     <span class='ocr_line' id='line_1_21' title="bbox 218 1351 1720 1399; baseline 0.001 -13"><span class='ocrx_word' id='word_1_211' title='bbox 218 1364 299 1386; x_wconf 85' lang='lat' dir='ltr'>cum</span> <span class='ocrx_word' id='word_1_212' title='bbox 319 1351 362 1386; x_wconf 91' lang='lat' dir='ltr'>ab</span> <span class='ocrx_word' id='word_1_213' title='bbox 381 1352 446 1386; x_wconf 86' lang='lat' dir='ltr'>hac</span> <span class='ocrx_word' id='word_1_214' title='bbox 464 1351 544 1387; x_wconf 87' lang='lat' dir='ltr'>luce</span> <span class='ocrx_word' id='word_1_215' title='bbox 563 1351 834 1399; x_wconf 83' lang='lat' dir='ltr'>migraverimus</span> <span class='ocrx_word' id='word_1_216' title='bbox 854 1371 862 1378; x_wconf 93' lang='lat'><strong>·</strong></span> <span class='ocrx_word' id='word_1_217' title='bbox 890 1364 957 1386; x_wconf 89' lang='lat' dir='ltr'>nec</span> <span class='ocrx_word' id='word_1_218' title='bbox 975 1363 1050 1386; x_wconf 91' lang='lat' dir='ltr'>non</span> <span class='ocrx_word' id='word_1_219' title='bbox 1068 1364 1134 1399; x_wconf 90' lang='lat' dir='ltr'>pro</span> <span class='ocrx_word' id='word_1_220' title='bbox 1161 1351 1346 1386; x_wconf 81' lang='lat' dir='ltr'>animabus</span> <span class='ocrx_word' id='word_1_221' title='bbox 1372 1352 1658 1399; x_wconf 80' lang='lat' dir='ltr'>predecessorum</span> <span class='ocrx_word' id='word_1_222' title='bbox 1685 1359 1720 1388; x_wconf 89' lang='lat' dir='ltr'>et</span> 
     </span>
     <span class='ocr_line' id='line_1_22' title="bbox 217 1407 1721 1457; baseline 0.001 -13"><span class='ocrx_word' id='word_1_223' title='bbox 217 1409 448 1444; x_wconf 77' lang='lat' dir='ltr'>successorum</span> <span class='ocrx_word' id='word_1_224' title='bbox 468 1408 671 1444; x_wconf 89' lang='lat' dir='ltr'>nostrorum</span> <span class='ocrx_word' id='word_1_225' title='bbox 690 1409 936 1457; x_wconf 86' lang='lat' dir='ltr'>episcoporum</span> <span class='ocrx_word' id='word_1_226' title='bbox 955 1407 1232 1445; x_wconf 69' lang='lat' dir='ltr'>moraviensium</span> <span class='ocrx_word' id='word_1_227' title='bbox 1251 1414 1287 1444; x_wconf 93' lang='lat' dir='ltr'>et</span> <span class='ocrx_word' id='word_1_228' title='bbox 1305 1409 1466 1444; x_wconf 90' lang='lat' dir='ltr'>omnium</span> <span class='ocrx_word' id='word_1_229' title='bbox 1482 1409 1641 1445; x_wconf 89' lang='lat' dir='ltr'>fidelium</span> <span class='ocrx_word' id='word_1_230' title='bbox 1661 1410 1721 1445; x_wconf 89' lang='lat' dir='ltr'>de-</span> 
     </span>
     <span class='ocr_line' id='line_1_23' title="bbox 217 1465 1720 1514; baseline 0 -12"><span class='ocrx_word' id='word_1_231' title='bbox 217 1467 426 1502; x_wconf 65' lang='lat' dir='ltr'>functorum</span> <span class='ocrx_word' id='word_1_232' title='bbox 446 1486 454 1494; x_wconf 88' lang='lat'><strong>·</strong></span> <span class='ocrx_word' id='word_1_233' title='bbox 474 1467 519 1502; x_wconf 90' lang='lat' dir='ltr'>ad</span> <span class='ocrx_word' id='word_1_234' title='bbox 543 1480 612 1514; x_wconf 91' lang='lat' dir='ltr'>que</span> <span class='ocrx_word' id='word_1_235' title='bbox 636 1467 758 1501; x_wconf 88' lang='lat' dir='ltr'>omnia</span> <span class='ocrx_word' id='word_1_236' title='bbox 775 1473 811 1502; x_wconf 90' lang='lat' dir='ltr'>et</span> <span class='ocrx_word' id='word_1_237' title='bbox 828 1465 965 1514; x_wconf 80' lang='lat' dir='ltr'>singula</span> <span class='ocrx_word' id='word_1_238' title='bbox 981 1466 1138 1502; x_wconf 88' lang='lat' dir='ltr'>tenenda</span> <span class='ocrx_word' id='word_1_239' title='bbox 1156 1466 1306 1501; x_wconf 88' lang='lat' dir='ltr'>firmiter</span> <span class='ocrx_word' id='word_1_240' title='bbox 1330 1472 1366 1502; x_wconf 93' lang='lat' dir='ltr'>et</span> <span class='ocrx_word' id='word_1_241' title='bbox 1387 1466 1550 1502; x_wconf 85' lang='lat' dir='ltr'>facienda</span> <span class='ocrx_word' id='word_1_242' title='bbox 1567 1467 1720 1503; x_wconf 86' lang='lat' dir='ltr'>fideliter</span> 
     </span>
     <span class='ocr_line' id='line_1_24' title="bbox 212 1523 1719 1572; baseline 0 -13"><span class='ocrx_word' id='word_1_243' title='bbox 212 1525 319 1572; x_wconf 85' lang='lat' dir='ltr'>juxta</span> <span class='ocrx_word' id='word_1_244' title='bbox 346 1525 609 1560; x_wconf 87' lang='lat' dir='ltr'>ordinationem</span> <span class='ocrx_word' id='word_1_245' title='bbox 638 1523 793 1559; x_wconf 89' lang='lat' dir='ltr'>nostram</span> <span class='ocrx_word' id='word_1_246' title='bbox 820 1524 1040 1559; x_wconf 68' lang='lat' dir='ltr'>antedictam</span> <span class='ocrx_word' id='word_1_247' title='bbox 1068 1523 1216 1571; x_wconf 86' lang='lat' dir='ltr'>quilibet</span> <span class='ocrx_word' id='word_1_248' title='bbox 1243 1524 1421 1559; x_wconf 59' lang='lat' dir='ltr'>diGtarum</span> <span class='ocrx_word' id='word_1_249' title='bbox 1442 1524 1719 1572; x_wconf 88' lang='lat' dir='ltr'>capellaniarum</span> 
     </span>
     <span class='ocr_line' id='line_1_25' title="bbox 217 1580 1719 1630; baseline 0.001 -13"><span class='ocrx_word' id='word_1_250' title='bbox 217 1582 421 1630; x_wconf 83' lang='lat' dir='ltr'>capellanus</span> <span class='ocrx_word' id='word_1_251' title='bbox 433 1582 469 1617; x_wconf 93' lang='lat' dir='ltr'>in</span> <span class='ocrx_word' id='word_1_252' title='bbox 480 1582 595 1630; x_wconf 88' lang='lat' dir='ltr'>prima</span> <span class='ocrx_word' id='word_1_253' title='bbox 605 1581 666 1617; x_wconf 90' lang='lat' dir='ltr'>sua</span> <span class='ocrx_word' id='word_1_254' title='bbox 680 1582 885 1630; x_wconf 87' lang='lat' dir='ltr'>receptione</span> <span class='ocrx_word' id='word_1_255' title='bbox 899 1581 1038 1630; x_wconf 89' lang='lat' dir='ltr'>speciali</span> <span class='ocrx_word' id='word_1_256' title='bbox 1043 1580 1299 1630; x_wconf 86' lang='lat' dir='ltr'>juramentofit</span> <span class='ocrx_word' id='word_1_257' title='bbox 1312 1581 1474 1618; x_wconf 68' lang='lat' dir='ltr'>astrictus</span> <span class='ocrx_word' id='word_1_258' title='bbox 1486 1601 1494 1609; x_wconf 91' lang='lat'><strong>·</strong></span> <span class='ocrx_word' id='word_1_259' title='bbox 1509 1582 1719 1618; x_wconf 88' lang='lat' dir='ltr'>fundatione</span> 
     </span>
     <span class='ocr_line' id='line_1_26' title="bbox 218 1639 1718 1688; baseline 0.001 -14"><span class='ocrx_word' id='word_1_260' title='bbox 218 1640 496 1687; x_wconf 87' lang='lat' dir='ltr'>capellaniarum</span> <span class='ocrx_word' id='word_1_261' title='bbox 524 1640 613 1675; x_wconf 69' lang='lat' dir='ltr'>diffi</span> <span class='ocrx_word' id='word_1_262' title='bbox 639 1640 776 1675; x_wconf 90' lang='lat' dir='ltr'>domini</span> <span class='ocrx_word' id='word_1_263' title='bbox 795 1639 948 1675; x_wconf 89' lang='lat' dir='ltr'>Comitis</span> <span class='ocrx_word' id='word_1_264' title='bbox 972 1639 1080 1687; x_wconf 86' lang='lat' dir='ltr'>juxta</span> <span class='ocrx_word' id='word_1_265' title='bbox 1106 1639 1370 1675; x_wconf 89' lang='lat' dir='ltr'>ordinationem</span> <span class='ocrx_word' id='word_1_266' title='bbox 1396 1640 1495 1688; x_wconf 88' lang='lat' dir='ltr'>prius</span> <span class='ocrx_word' id='word_1_267' title='bbox 1520 1640 1652 1675; x_wconf 69' lang='lat' dir='ltr'>faetam</span> <span class='ocrx_word' id='word_1_268' title='bbox 1675 1640 1718 1675; x_wconf 94' lang='lat' dir='ltr'>de</span> 
     </span>
     <span class='ocr_line' id='line_1_27' title="bbox 218 1696 1717 1744; baseline 0 -12"><span class='ocrx_word' id='word_1_269' title='bbox 218 1697 341 1733; x_wconf 87' lang='lat' dir='ltr'>eadem</span> <span class='ocrx_word' id='word_1_270' title='bbox 368 1698 406 1732; x_wconf 90' lang='lat' dir='ltr'>in</span> <span class='ocrx_word' id='word_1_271' title='bbox 433 1697 599 1732; x_wconf 91' lang='lat' dir='ltr'>omnibus</span> <span class='ocrx_word' id='word_1_272' title='bbox 626 1697 753 1733; x_wconf 87' lang='lat' dir='ltr'>ceteris</span> <span class='ocrx_word' id='word_1_273' title='bbox 779 1696 985 1733; x_wconf 85' lang='lat' dir='ltr'>remansura</span> <span class='ocrx_word' id='word_1_274' title='bbox 1004 1716 1012 1724; x_wconf 94' lang='lat'><strong>·</strong></span> <span class='ocrx_word' id='word_1_275' title='bbox 1041 1697 1086 1732; x_wconf 91' lang='lat' dir='ltr'>In</span> <span class='ocrx_word' id='word_1_276' title='bbox 1110 1710 1264 1744; x_wconf 89' lang='lat' dir='ltr'>quorum</span> <span class='ocrx_word' id='word_1_277' title='bbox 1291 1697 1453 1732; x_wconf 89' lang='lat' dir='ltr'>omnium</span> <span class='ocrx_word' id='word_1_278' title='bbox 1478 1697 1717 1733; x_wconf 89' lang='lat' dir='ltr'>testimonium</span> 
     </span>
     <span class='ocr_line' id='line_1_28' title="bbox 218 1754 1717 1803; baseline 0 -13"><span class='ocrx_word' id='word_1_279' title='bbox 218 1755 361 1802; x_wconf 90' lang='lat' dir='ltr'>utrique</span> <span class='ocrx_word' id='word_1_280' title='bbox 389 1755 481 1803; x_wconf 89' lang='lat' dir='ltr'>parti</span> <span class='ocrx_word' id='word_1_281' title='bbox 507 1754 709 1803; x_wconf 87' lang='lat' dir='ltr'>hujusmodi</span> <span class='ocrx_word' id='word_1_282' title='bbox 735 1755 907 1803; x_wconf 88' lang='lat' dir='ltr'>scripture</span> <span class='ocrx_word' id='word_1_283' title='bbox 931 1754 968 1789; x_wconf 91' lang='lat' dir='ltr'>in</span> <span class='ocrx_word' id='word_1_284' title='bbox 994 1755 1143 1790; x_wconf 93' lang='lat' dir='ltr'>modum</span> <span class='ocrx_word' id='word_1_285' title='bbox 1170 1754 1348 1802; x_wconf 85' lang='lat' dir='ltr'>cirograffi</span> <span class='ocrx_word' id='word_1_286' title='bbox 1376 1755 1539 1790; x_wconf 67' lang='lat' dir='ltr'>confe&amp;e</span> <span class='ocrx_word' id='word_1_287' title='bbox 1567 1754 1717 1802; x_wconf 80' lang='lat' dir='ltr'>sigillum</span> 
     </span>
     <span class='ocr_line' id='line_1_29' title="bbox 170 1811 1715 1861; baseline 0 -13"><span class='ocrx_word' id='word_1_288' title='bbox 170 1831 173 1834; x_wconf 50' lang='lat'><strong>⁴</strong></span> <span class='ocrx_word' id='word_1_289' title='bbox 218 1812 376 1848; x_wconf 92' lang='lat' dir='ltr'>nostrum</span> <span class='ocrx_word' id='word_1_290' title='bbox 394 1813 616 1848; x_wconf 88' lang='lat' dir='ltr'>autenticum</span> <span class='ocrx_word' id='word_1_291' title='bbox 633 1826 708 1848; x_wconf 86' lang='lat' dir='ltr'>una</span> <span class='ocrx_word' id='word_1_292' title='bbox 728 1825 810 1848; x_wconf 88' lang='lat' dir='ltr'>cum</span> <span class='ocrx_word' id='word_1_293' title='bbox 834 1811 946 1859; x_wconf 86' lang='lat' dir='ltr'>figillo</span> <span class='ocrx_word' id='word_1_294' title='bbox 965 1812 1111 1860; x_wconf 88' lang='lat' dir='ltr'>capituli</span> <span class='ocrx_word' id='word_1_295' title='bbox 1128 1812 1237 1847; x_wconf 88' lang='lat' dir='ltr'>nostri</span> <span class='ocrx_word' id='word_1_296' title='bbox 1260 1812 1308 1848; x_wconf 90' lang='lat' dir='ltr'>est</span> <span class='ocrx_word' id='word_1_297' title='bbox 1331 1812 1522 1861; x_wconf 86' lang='lat' dir='ltr'>appensum</span> <span class='ocrx_word' id='word_1_298' title='bbox 1541 1832 1550 1840; x_wconf 91' lang='lat'><strong>·</strong></span> <span class='ocrx_word' id='word_1_299' title='bbox 1578 1813 1715 1848; x_wconf 61' lang='lat' dir='ltr'>Aetum</span> 
     </span>
     <span class='ocr_line' id='line_1_30' title="bbox 218 1869 1715 1919; baseline -0.001 -13"><span class='ocrx_word' id='word_1_300' title='bbox 218 1875 254 1905; x_wconf 87' lang='lat' dir='ltr'>et</span> <span class='ocrx_word' id='word_1_301' title='bbox 268 1871 390 1906; x_wconf 83' lang='lat' dir='ltr'>datum</span> <span class='ocrx_word' id='word_1_302' title='bbox 408 1871 447 1906; x_wconf 88' lang='lat' dir='ltr'>in</span> <span class='ocrx_word' id='word_1_303' title='bbox 465 1870 620 1919; x_wconf 84' lang='lat' dir='ltr'>capitulo</span> <span class='ocrx_word' id='word_1_304' title='bbox 639 1870 758 1906; x_wconf 88' lang='lat' dir='ltr'>nostro</span> <span class='ocrx_word' id='word_1_305' title='bbox 777 1870 981 1918; x_wconf 64' lang='lat' dir='ltr'>supradieto</span> <span class='ocrx_word' id='word_1_306' title='bbox 996 1870 1135 1906; x_wconf 90' lang='lat' dir='ltr'>decimo</span> <span class='ocrx_word' id='word_1_307' title='bbox 1154 1870 1284 1906; x_wconf 59' lang='lat' dir='ltr'>oetavo</span> <span class='ocrx_word' id='word_1_308' title='bbox 1299 1870 1356 1906; x_wconf 92' lang='lat' dir='ltr'>die</span> <span class='ocrx_word' id='word_1_309' title='bbox 1374 1869 1499 1906; x_wconf 90' lang='lat' dir='ltr'>menfis</span> <span class='ocrx_word' id='word_1_310' title='bbox 1518 1869 1689 1906; x_wconf 63' lang='lat' dir='ltr'>oetobris</span> <span class='ocrx_word' id='word_1_311' title='bbox 1709 1891 1715 1897; x_wconf 93' lang='lat'>-</span> 
     </span>
     <span class='ocr_line' id='line_1_31' title="bbox 207 1926 1010 1975; baseline -0.001 -12"><span class='ocrx_word' id='word_1_312' title='bbox 207 1941 312 1964; x_wconf 79' lang='lat' dir='ltr'>anno</span> <span class='ocrx_word' id='word_1_313' title='bbox 329 1929 480 1964; x_wconf 90' lang='lat' dir='ltr'>Domini</span> <span class='ocrx_word' id='word_1_314' title='bbox 499 1932 657 1966; x_wconf 76' lang='lat' dir='ltr'>·‹n⁰·ccc⁰·</span> <span class='ocrx_word' id='word_1_315' title='bbox 677 1926 851 1964; x_wconf 89' lang='lat' dir='ltr'>tricefimo</span> <span class='ocrx_word' id='word_1_316' title='bbox 869 1927 986 1975; x_wconf 91' lang='lat' dir='ltr'>primo</span> <span class='ocrx_word' id='word_1_317' title='bbox 1002 1947 1010 1955; x_wconf 93' lang='lat'><strong>·</strong></span> 
     </span>
    </p>

    <p class='ocr_par' dir='ltr' id='par_1_3' title="bbox 218 1984 1716 2265">
     <span class='ocr_line' id='line_1_32' title="bbox 218 1984 1716 2034; baseline 0 -14"><span class='ocrx_word' id='word_1_318' title='bbox 218 1985 321 2021; x_wconf 90' lang='lat' dir='ltr'>Nulli</span> <span class='ocrx_word' id='word_1_319' title='bbox 352 1999 438 2034; x_wconf 82' lang='lat' dir='ltr'>ergo</span> <span class='ocrx_word' id='word_1_320' title='bbox 465 1987 613 2022; x_wconf 91' lang='lat' dir='ltr'>omnino</span> <span class='ocrx_word' id='word_1_321' title='bbox 640 1986 747 2022; x_wconf 88' lang='lat' dir='ltr'>liceat</span> <span class='ocrx_word' id='word_1_322' title='bbox 770 1985 958 2020; x_wconf 89' lang='lat' dir='ltr'>hominum</span> <span class='ocrx_word' id='word_1_323' title='bbox 983 1984 1075 2020; x_wconf 90' lang='lat' dir='ltr'>hanc</span> <span class='ocrx_word' id='word_1_324' title='bbox 1099 1985 1266 2033; x_wconf 80' lang='lat' dir='ltr'>paginam</span> <span class='ocrx_word' id='word_1_325' title='bbox 1292 1984 1410 2021; x_wconf 88' lang='lat' dir='ltr'>nostre</span> <span class='ocrx_word' id='word_1_326' title='bbox 1437 1985 1716 2021; x_wconf 82' lang='lat' dir='ltr'>confirmationis</span> 
     </span>
     <span class='ocr_line' id='line_1_33' title="bbox 219 2042 1715 2092; baseline 0.001 -15"><span class='ocrx_word' id='word_1_327' title='bbox 219 2043 412 2092; x_wconf 86' lang='lat' dir='ltr'>infringere</span> <span class='ocrx_word' id='word_1_328' title='bbox 430 2044 488 2080; x_wconf 90' lang='lat' dir='ltr'>vel</span> <span class='ocrx_word' id='word_1_329' title='bbox 507 2045 539 2080; x_wconf 90' lang='lat' dir='ltr'>ei</span> <span class='ocrx_word' id='word_1_330' title='bbox 557 2044 642 2080; x_wconf 91' lang='lat' dir='ltr'>ausu</span> <span class='ocrx_word' id='word_1_331' title='bbox 660 2043 850 2080; x_wconf 84' lang='lat' dir='ltr'>temerario</span> <span class='ocrx_word' id='word_1_332' title='bbox 869 2042 1046 2079; x_wconf 84' lang='lat' dir='ltr'>contraire</span> <span class='ocrx_word' id='word_1_333' title='bbox 1083 2062 1091 2071; x_wconf 86' lang='lat'><em>-</em></span> <span class='ocrx_word' id='word_1_334' title='bbox 1130 2043 1166 2079; x_wconf 88' lang='lat' dir='ltr'>Si</span> <span class='ocrx_word' id='word_1_335' title='bbox 1184 2043 1262 2090; x_wconf 86' lang='lat' dir='ltr'>quis</span> <span class='ocrx_word' id='word_1_336' title='bbox 1281 2049 1401 2079; x_wconf 88' lang='lat' dir='ltr'>autem</span> <span class='ocrx_word' id='word_1_337' title='bbox 1420 2043 1488 2078; x_wconf 88' lang='lat' dir='ltr'>hoc</span> <span class='ocrx_word' id='word_1_338' title='bbox 1505 2048 1715 2091; x_wconf 88' lang='lat' dir='ltr'>attemptare</span> 
     </span>
     <span class='ocr_line' id='line_1_34' title="bbox 219 2100 1714 2150; baseline -0.002 -13"><span class='ocrx_word' id='word_1_339' title='bbox 219 2101 465 2150; x_wconf 87' lang='lat' dir='ltr'>presumpserit</span> <span class='ocrx_word' id='word_1_340' title='bbox 504 2102 789 2150; x_wconf 82' lang='lat' dir='ltr'>indignationem</span> <span class='ocrx_word' id='word_1_341' title='bbox 831 2100 1086 2149; x_wconf 89' lang='lat' dir='ltr'>omnipotentis</span> <span class='ocrx_word' id='word_1_342' title='bbox 1127 2101 1200 2137; x_wconf 91' lang='lat' dir='ltr'>Dei</span> <span class='ocrx_word' id='word_1_343' title='bbox 1241 2106 1277 2137; x_wconf 92' lang='lat' dir='ltr'>et</span> <span class='ocrx_word' id='word_1_344' title='bbox 1322 2101 1509 2137; x_wconf 89' lang='lat' dir='ltr'>beatorum</span> <span class='ocrx_word' id='word_1_345' title='bbox 1550 2100 1645 2136; x_wconf 90' lang='lat' dir='ltr'>Petri</span> <span class='ocrx_word' id='word_1_346' title='bbox 1680 2106 1714 2135; x_wconf 92' lang='lat' dir='ltr'>et</span> 
     </span>
     <span class='ocr_line' id='line_1_35' title="bbox 221 2157 1715 2208; baseline -0.001 -15"><span class='ocrx_word' id='word_1_347' title='bbox 221 2158 321 2194; x_wconf 85' lang='lat' dir='ltr'>Pauli</span> <span class='ocrx_word' id='word_1_348' title='bbox 339 2159 578 2207; x_wconf 87' lang='lat' dir='ltr'>apostolorum</span> <span class='ocrx_word' id='word_1_349' title='bbox 597 2160 673 2208; x_wconf 88' lang='lat' dir='ltr'>ejus</span> <span class='ocrx_word' id='word_1_350' title='bbox 691 2160 723 2195; x_wconf 93' lang='lat' dir='ltr'>se</span> <span class='ocrx_word' id='word_1_351' title='bbox 741 2159 884 2195; x_wconf 86' lang='lat' dir='ltr'>noverit</span> <span class='ocrx_word' id='word_1_352' title='bbox 901 2158 1125 2195; x_wconf 87' lang='lat' dir='ltr'>incursurum</span> <span class='ocrx_word' id='word_1_353' title='bbox 1145 2179 1152 2187; x_wconf 93' lang='lat'><strong>·</strong></span> <span class='ocrx_word' id='word_1_354' title='bbox 1173 2159 1312 2195; x_wconf 88' lang='lat' dir='ltr'>Datum</span> <span class='ocrx_word' id='word_1_355' title='bbox 1333 2159 1494 2195; x_wconf 88' lang='lat' dir='ltr'>Avinion</span> <span class='ocrx_word' id='word_1_356' title='bbox 1522 2178 1529 2186; x_wconf 90' lang='lat'><strong>·</strong></span> <span class='ocrx_word' id='word_1_357' title='bbox 1561 2158 1582 2192; x_wconf 93' lang='lat' dir='ltr'>ii</span> <span class='ocrx_word' id='word_1_358' title='bbox 1599 2177 1606 2185; x_wconf 93' lang='lat'><strong>·</strong></span> <span class='ocrx_word' id='word_1_359' title='bbox 1628 2157 1715 2193; x_wconf 85' lang='lat' dir='ltr'>Idus</span> 
     </span>
     <span class='ocr_line' id='line_1_36' title="bbox 218 2215 947 2265; baseline 0 -15"><span class='ocrx_word' id='word_1_360' title='bbox 218 2215 317 2251; x_wconf 87' lang='lat' dir='ltr'>Junii</span> <span class='ocrx_word' id='word_1_361' title='bbox 334 2217 562 2265; x_wconf 89' lang='lat' dir='ltr'>pontificatus</span> <span class='ocrx_word' id='word_1_362' title='bbox 581 2217 688 2253; x_wconf 89' lang='lat' dir='ltr'>nostri</span> <span class='ocrx_word' id='word_1_363' title='bbox 707 2230 802 2253; x_wconf 91' lang='lat' dir='ltr'>anno</span> <span class='ocrx_word' id='word_1_364' title='bbox 820 2229 919 2251; x_wconf 91' lang='lat' dir='ltr'>nono</span> <span class='ocrx_word' id='word_1_365' title='bbox 940 2236 947 2243; x_wconf 90' lang='lat'><em>-</em></span> 
     </span>
    </p>
   </div>
  </div>
 </body>
</html>
