1912 2660
121 1937 191 1974 259

621 171 935 208 REGISTRUM
964 171 1324 209 MORAVIENSE.
1635 180 1706 212 333

226 270 365 307 ecclefie
384 270 427 305 de
448 269 671 318 Kyntalargy
689 270 835 318 sopitam
855 270 921 305 effe
939 270 1000 305 sub
1017 270 1083 305 hac
1101 270 1216 305 forma
1234 289 1242 298 ·
1271 271 1400 306 scilicet
1416 273 1511 319 quod
1530 274 1709 320 predifihls

225 328 416 376 Episcopus
429 346 437 355 ·
455 327 623 362 consensu
639 332 673 362 et
688 327 819 362 affensu
833 327 979 374 capituli
994 327 1037 362 de
1052 326 1274 374 Rosmarkyn
1288 332 1324 362 et
1336 328 1485 363 aliorum
1501 330 1708 365 clericorum

222 386 364 420 suorum
380 385 423 420 de
437 384 513 419 Ros
526 403 534 412 ·
549 384 709 431 quietum
724 385 890 420 clamavit
904 384 1072 431 quicquid
1085 384 1176 432 juris
1190 384 1391 419 habuerunt
1404 385 1473 432 ipse
1487 386 1543 421 vel
1561 388 1711 422 anteces-

222 442 314 477 sores
331 442 381 476 sui
400 442 437 476 in
450 441 524 489 jam
545 442 643 477 dicto
656 441 739 490 jure
758 447 966 490 patronatus
984 441 1036 476 illi
1048 441 1206 478 ,Iohanni
1221 446 1256 476 et
1269 441 1457 476 heredibus
1474 442 1541 476 suis
1556 462 1563 470 ·
1583 443 1710 479 haben-

221 499 306 534 dum
319 504 354 534 et
366 499 559 534 tenendum
574 500 618 534 de
631 512 673 534 eo
686 505 721 535 et
732 499 979 534 successoribus
990 499 1058 534 suis
1066 498 1149 547 jure
1161 503 1334 547 perpetuo
1347 512 1410 546 pro
1422 498 1587 546 homagio
1600 506 1635 535 et
1646 501 1710 535 ser-

221 556 307 591 vitio
319 555 380 591 suo
397 561 433 592 et
446 556 618 592 heredum
635 557 779 592 suorum
793 555 853 591 fibi
868 562 903 592 et
917 556 1165 592 succefl'oribus
1179 556 1247 591 suis
1262 575 1269 583 ·
1289 555 1422 591 Di6tus
1433 569 1518 591 vero
1530 556 1552 592 J
1555 556 1710 592 ohannes

220 613 339 648 Biseth
368 619 403 649 et
430 614 579 649 heredes
607 614 657 649 sui
684 614 842 661 quietum
871 614 1116 649 clamaverunt
1143 614 1310 661 quicquid
1333 613 1423 661 juris
1440 613 1498 649 vel
1516 614 1711 649 exafifionis

218 670 288 718 ipse
306 671 364 706 vel
379 672 611 707 antecessores
629 671 680 707 sui
698 684 854 718 unquam
874 671 992 718 aliquo
1010 676 1171 719 tempore
1190 671 1392 706 habuerunt
1417 670 1475 706 vel
1499 671 1543 706 de
1569 671 1711 706 consue-

218 728 343 763 tudine
362 728 480 776 aliqua
496 729 627 764 habere
654 729 915 764 consueverunt
942 728 980 763 in
1008 734 1103 764 terra
1132 728 1331 776 supradicte
1356 726 1496 763 ecclefie
1512 747 1520 755 ·
1548 728 1711 764 Contulit

218 790 337 820 autem
355 786 449 821 idem
467 786 650 822 Johannes
671 799 736 834 pro
760 787 825 821 hac
849 799 935 834 pace
959 786 1187 821 reformanda
1213 790 1249 821 et
1274 797 1341 833 pro
1367 785 1612 833 redemptione
1633 799 1712 833 pec-

218 847 380 878 catorum
407 843 550 878 suorum
581 844 783 891 quindecim
812 856 947 879 marcas
978 843 1117 891 argenti
1147 844 1192 878 ad
1221 843 1388 878 fabricam
1420 841 1559 878 ecclesie
1591 843 1712 878 Sancti

219 899 316 935 Petri
331 900 375 935 de
391 900 615 948 Rosmarkyn
635 920 643 928 ·
659 906 694 936 et
711 914 819 936 unam
834 906 972 948 petram
991 914 1072 937 cere
1090 900 1274 936 annuatim
1288 901 1331 936 de
1345 900 1378 935 se
1393 905 1428 935 et
1441 900 1628 935 heredibus
1645 901 1712 935 suis

218 958 263 992 ad
282 957 403 993 lumen
423 957 577 1005 ejusdem
596 957 736 993 ecclefie
755 958 873 993 altaris
893 978 901 986 ·
930 958 1061 993 Dffi'cus
1079 963 1198 994 autem
1219 958 1411 1005 Episcopus
1429 963 1464 992 et
1482 956 1584 1005 ipsius
1603 957 1711 993 eccle-

220 1013 264 1049 sle
277 1014 446 1050 Decanus
461 1020 496 1050 et
510 1016 672 1050 canonici
686 1015 911 1063 susceperunt
924 1016 1141 1063 sepedi6fflm
1154 1015 1178 1052 J
1180 1015 1357 1050 ohannem
1373 1020 1408 1050 et
1422 1015 1569 1050 heredes
1583 1015 1660 1050 suos
1674 1015 1711 1049 in

220 1072 381 1106 omnium
401 1072 602 1107 orationum
621 1072 790 1120 suffragiis
815 1086 882 1120 que
903 1073 1032 1108 ibidem
1057 1073 1102 1107 ad
1126 1073 1268 1107 laudem
1288 1072 1438 1108 Domini
1456 1077 1616 1120 tempore
1634 1085 1711 1120 per-

219 1134 328 1176 petuo
343 1129 595 1177 impendentur
610 1149 618 1157 ·
639 1129 691 1165 Ut
706 1135 825 1165 autem
845 1130 908 1165 hec
927 1130 1118 1165 amicabilis
1133 1128 1337 1177 compositio
1351 1129 1478 1165 futuris
1492 1130 1711 1177 temporibus

219 1185 314 1220 illesa
341 1187 568 1222 conservetur
595 1200 671 1223 eam
699 1187 880 1234 utriusque
906 1186 1098 1234 sigillorum
1125 1186 1340 1235 appositione
1367 1192 1403 1222 et
1430 1185 1542 1234 figillo
1566 1187 1710 1234 capituli

219 1243 263 1278 de
283 1243 508 1291 Rosmarkyn
537 1245 717 1280 duxerunt
738 1245 976 1280 roborandam
996 1264 1004 1272 ·
1034 1244 1115 1279 Hiis
1140 1244 1282 1279 testibus
1301 1244 1364 1278 ·H·
1384 1244 1518 1279 decano
1545 1249 1581 1279 et
1607 1256 1710 1278 cano-

218 1301 306 1336 nicis
325 1301 368 1336 de
389 1301 614 1349 Rosmarkyn
634 1321 642 1330 ·
672 1302 717 1337 R·
737 1302 987 1337 archidiacono
1006 1302 1049 1337 de
1070 1302 1145 1337 Ros
1164 1321 1172 1329 ·
1203 1301 1361 1348 Hugone
1383 1301 1531 1349 persona
1554 1301 1597 1336 de
1621 1301 1709 1336 Bur-

218 1358 280 1393 din
295 1377 303 1385 ·
324 1358 505 1393 Willelmo
526 1359 667 1407 Noreys
690 1359 754 1394 vic'
779 1359 822 1394 de
848 1359 1023 1407 Inuernys
1039 1379 1046 1386 ·
1067 1359 1248 1394 Willelmo
1266 1359 1340 1394 filio
1361 1358 1491 1393 Horim
1512 1377 1520 1386 ·
1550 1358 1709 1406 Hugone

220 1414 379 1450 Corbeth
400 1435 408 1443 ·
437 1415 477 1451 F·
507 1417 636 1452 comite
668 1417 712 1452 de
739 1416 815 1452 Ros
829 1436 838 1444 ·
867 1416 974 1452 Petro
996 1416 1112 1452 Biseth
1134 1435 1142 1444 ·
1171 1416 1342 1451 Anselmo
1361 1413 1480 1451 Biseth
1499 1435 1507 1443 ·
1527 1415 1708 1452 Willelmo

219 1472 339 1508 Biseth
358 1473 509 1521 persona
524 1492 532 1501 ·
560 1473 737 1509 Nicholao
756 1474 885 1509 clerico
900 1493 909 1502 ·
938 1474 1044 1509 Petro
1059 1472 1221 1521 burgensi
1239 1474 1282 1509 de
1298 1474 1474 1521 Inuernys
1488 1492 1497 1501 ·
1517 1473 1709 1521 Radulpho

220 1530 383 1565 clochere
402 1549 410 1557 ·
435 1530 599 1566 Jocelino
620 1550 628 1558 ·
652 1531 907 1566 Bartholomeo
926 1550 935 1559 ·
955 1531 1135 1566 Willelmo
1155 1531 1283 1578 Sureys
1303 1550 1311 1558 ·
1332 1531 1478 1578 Rogero
1496 1530 1570 1566 filio
1589 1530 1710 1566 Eusta-

220 1587 287 1622 chii
309 1606 317 1614 ·
346 1587 501 1622 Patricio
520 1588 678 1635 janitore
697 1608 705 1616 ·
734 1588 896 1624 Roberto
915 1589 1097 1636 capellano
1117 1589 1160 1624 de
1180 1588 1356 1636 Bracholy
1375 1607 1383 1615 ·
1410 1588 1575 1624 Johanne
1597 1588 1709 1636 capel-

219 1644 302 1679 lano
322 1644 458 1679 domini
478 1644 640 1694 Episcopi
658 1645 718 1693 qui
735 1646 803 1681 hoc
822 1646 1083 1694 cyrographum
1101 1644 1229 1694 scripsit
1249 1665 1256 1674 ·
1285 1651 1320 1681 et
1337 1645 1455 1682 coultis
1472 1645 1547 1680 aliis
1566 1664 1574 1672 ·

221 1816 329 1852 Carta
348 1817 400 1852 ·F·
421 1818 559 1853 comitis
578 1819 622 1854 de
643 1818 731 1854 Ross
749 1820 906 1854 concefl'a
923 1819 1082 1855 Waltero
1101 1820 1145 1855 de
1163 1820 1325 1856 moravia
1344 1838 1352 1846 ·

220 1930 355 1966 Ferkar
372 1944 490 1967 comes
509 1933 553 1968 de
574 1933 672 1968 Roff'
690 1933 854 1968 omnibus
871 1934 991 1969 amicis
1015 1934 1082 1969 suis
1106 1938 1142 1969 et
1167 1933 1369 1969 hominibus
1388 1933 1533 1969 salutem
1553 1952 1561 1960 ·
1591 1932 1709 1968 Sciant

219 1988 396 2036 presentes
427 1994 462 2025 et
492 1989 604 2025 futuri
630 2003 684 2027 <ne
713 1991 842 2026 dediffe
875 1989 1071 2027 conceffifl'e
1100 1996 1136 2026 et
1162 1991 1228 2026 hac
1258 1996 1356 2026 carta
1382 2003 1462 2026 mea
1492 1990 1709 2026 confirmasse.

220 2045 381 2081 Waltero
413 2047 457 2082 de
489 2047 652 2083 moravia
680 2048 755 2083 filio
786 2048 966 2095 quondam
995 2048 1163 2096 Hugonis
1191 2048 1235 2084 de
1262 2048 1423 2085 moravia
1453 2048 1539 2083 duas
1567 2048 1709 2082 davatas

219 2108 313 2139 terre
339 2104 376 2138 in
402 2104 478 2139 Ros
503 2123 511 2132 ·
541 2104 670 2140 scilicet
689 2104 783 2140 Clon
801 2118 865 2153 per
882 2106 999 2140 rectas
1017 2105 1141 2141 divisas
1158 2105 1234 2141 suas
1258 2111 1294 2141 et
1318 2119 1400 2141 cum
1427 2105 1589 2140 omnibus
1610 2104 1708 2152 justis

220 2160 442 2207 pertinentiis
461 2180 469 2188 ·
489 2162 661 2197 tenendas
689 2160 749 2197 fibi
778 2167 813 2197 et
840 2162 1029 2198 heredibus
1056 2163 1124 2198 suis
1147 2163 1191 2198 de
1214 2176 1268 2200 (ηε
1292 2168 1328 2198 et
1351 2162 1539 2198 heredibus
1561 2161 1645 2197 meis
1671 2161 1707 2195 in

220 2216 325 2252 feodo
357 2223 392 2253 et
419 2218 615 2254 hereditate
635 2238 643 2246 ·
673 2219 796 2261 Quare
824 2219 908 2255 volo
938 2225 974 2255 et
1001 2220 1159 2256 concedo
1187 2225 1228 2256 ut
1255 2220 1437 2268 predififfls
1466 2219 1642 2254 Walterus
1672 2223 1706 2253 et

222 2273 367 2311 heredes
393 2275 444 2311 sui
472 2276 671 2323 predi&am
699 2281 830 2312 terram
861 2277 1013 2313 habeant
1047 2283 1192 2313 teneant
1223 2283 1258 2313 et
1285 2276 1480 2325 possideant
1511 2276 1554 2311 de
1584 2288 1640 2310 me
1671 2281 1705 2310 et
