1912 2660
604 193 920 231 REGISTRUM
947 172 1308 233 MORAVIENSE.
1621 202 1694 242 369

206 291 368 340 religioso
391 291 469 326 viro
497 290 644 326 domino
664 291 790 327 Priore
813 292 857 327 de
877 291 1093 340 Pluscardyn
1111 311 1119 320 ·
1149 293 1298 329 Andrea
1320 295 1363 330 de
1382 296 1529 346 Berelay
1548 299 1692 335 domino

206 350 251 385 de
262 348 442 396 Grantoly
453 353 488 383 et
500 347 703 396 Birkynhill
718 368 726 376 -
745 349 769 385 J
771 349 912 384 ohanne
927 349 971 384 de
983 349 1097 384 Dolas
1110 368 1118 377 ·
1138 350 1283 385 domino
1298 351 1341 386 de
1359 352 1530 389 Cromdol
1546 374 1553 383 ·
1574 356 1691 392 Adam

207 405 334 454 Pyngil
356 404 520 453 burgensi
537 406 582 441 de
601 406 774 442 Aberden
793 425 801 434 ·
828 412 864 442 et
890 406 1012 442 multis
1037 407 1113 442 aliis
1138 406 1274 442 clericis
1300 413 1335 443 et
1361 409 1457 444 laicis
1482 411 1622 448 testibus
1647 414 1691 448 ad

203 463 364 511 premissa
382 463 515 499 vocatis
533 468 568 499 et
586 464 719 511 rogatis
736 464 774 498 in
791 463 1030 499 testimonium
1048 464 1206 499 veritatis
1221 483 1229 491 ·
1258 464 1355 500 Αᾶὶει
1380 466 1460 501 sunt
1484 467 1549 503 hec
1575 481 1668 504 anno
1683 489 1691 497 ·

203 520 399 556 indictione
418 540 426 548 ·
446 521 503 556 die
523 539 531 548 ·
550 521 667 557 mense
686 526 722 557 et
739 521 820 557 loco
839 526 875 557 et
893 521 1104 569 pontificatu
1122 522 1291 569 predidfis
1307 541 1315 550 ·

400 578 448 613 Et
465 591 532 626 ego
552 578 753 614 lVillelmus
772 579 902 627 Boyuil
928 579 1078 615 clericus
1106 578 1330 627 Glasguenfis
1357 579 1510 627 dyocesis
1534 581 1692 628 publicus

399 635 615 672 auctoritate
633 636 822 684 apostolica
838 636 999 671 notarius
1013 636 1173 684 predicte
1187 637 1342 684 homagii
1359 637 1507 672 fafitioni
1525 638 1610 673 dum
1625 639 1693 674 dic-

399 693 444 727 tis
468 693 524 729 die
544 699 579 729 et
596 693 677 729 loco
695 706 759 741 per
779 693 976 741 Hugonem
1001 693 1102 729 fieret
1126 694 1266 741 presens
1289 707 1362 728 una
1383 707 1464 729 cum
1484 695 1587 730 dictis
1605 695 1694 731 testi-

397 749 463 785 bus
480 750 626 786 interfui
643 751 784 798 presens
809 750 1082 786 instrumentum
1104 751 1286 798 publicum
1310 751 1354 786 ad
1377 752 1583 787 mandatum
1609 753 1694 788 diffi

397 807 533 842 domini
552 807 715 856 Episcopi
733 821 797 856 per
813 821 961 843 manum
979 808 1124 843 alterius
1146 808 1314 856 scriptum
1340 808 1378 843 in
1404 808 1495 843 hanc
1517 808 1693 856 publicam

398 864 548 900 formam
576 865 698 913 redegi
729 864 897 913 fignoque
919 879 999 901 meo
1026 865 1128 901 solito
1152 865 1283 913 signavi
1310 871 1456 913 rogatus
1482 866 1519 900 in
1545 865 1695 901 testimo-

398 922 499 957 nium
517 922 761 970 premissorum
781 942 789 950 -

203 1092 426 1141 Homagium
444 1093 643 1130 Alexandri
662 1094 706 1130 de
725 1094 912 1130 Chesolme
933 1114 940 1121 ·

100 1211 170 1243 288
200 1209 312 1245 Anno
341 1209 493 1245 Domini
516 1209 725 1246 ·c0⁰·ccc⁰·lx·
755 1210 885 1245 octavo
904 1228 912 1237 ·
940 1209 978 1244 in
1007 1207 1092 1244 sesto
1122 1208 1224 1244 beate
1251 1208 1439 1244 Trinitatis
1457 1228 1466 1237 ·
1491 1209 1528 1245 in
1554 1222 1694 1247 camera

199 1267 335 1303 domini
354 1266 555 1302 Alexandri
578 1267 651 1302 Dei
678 1266 794 1315 gratia
821 1266 972 1314 episcopi
991 1265 1222 1303 moraviensis
1244 1266 1340 1314 apud
1359 1266 1478 1314 Spyny
1497 1285 1506 1294 ·
1533 1267 1692 1315 presente

197 1329 274 1360 tota
293 1324 524 1360 multitudine
551 1325 805 1360 canonicorum
835 1329 870 1360 et
898 1323 1163 1371 capellanorum
1190 1329 1226 1359 et
1253 1323 1405 1359 aliorum
1431 1324 1476 1359 ad
1503 1325 1692 1370 prandium

195 1380 244 1416 ibi
270 1381 503 1417 invitatorum
522 1400 530 1410 ·
558 1381 768 1417 Alexander
792 1382 836 1417 de
859 1381 1045 1417 Chesolme
1070 1380 1393 1429 comportionarius
1416 1381 1504 1417 dieu
1523 1381 1693 1418 Willelmi

196 1438 241 1474 de
260 1438 290 1474 F
291 1443 402 1474 enton
425 1439 509 1475 fecit
536 1439 634 1475 dicio
662 1439 807 1475 domino
827 1438 1038 1474 Alexandro
1057 1438 1129 1474 Dei
1152 1438 1267 1486 gratia
1292 1438 1453 1487 episcopo
1480 1438 1692 1475 moravienfi

195 1496 402 1543 homagium
420 1495 559 1544 juncffis
583 1496 745 1532 manibus
771 1501 807 1532 et
829 1496 1049 1544 discooperto
1076 1496 1189 1543 capite
1214 1508 1280 1543 pro
1308 1495 1437 1532 eisdem
1460 1496 1564 1532 terris
1587 1497 1631 1532 de
1658 1497 1691 1532 le

200 1552 270 1588 Eff’
289 1558 325 1590 et
343 1553 387 1589 de
407 1553 636 1601 Kyntallirgy
654 1573 663 1581 ·

198 1723 344 1759 Arresta
361 1724 525 1760 navicule
542 1726 580 1760 in
598 1738 689 1773 aqua
707 1726 750 1760 de
770 1724 875 1772 Loffy
893 1738 956 1772 per
974 1725 1159 1760 dominum
1178 1724 1392 1772 Episcopum
1412 1743 1419 1751 ·

98 1847 168 1884 289
198 1838 478 1875 Memorandum
506 1840 602 1887 quod
629 1840 685 1875 die
711 1840 905 1875 Dominico
929 1839 1060 1875 scilicet
1077 1837 1202 1874 menfiS
1221 1837 1321 1874 Junii
1340 1839 1396 1874 die
1413 1838 1558 1886 septima
1572 1858 1580 1866 ·
1606 1840 1690 1875 dum

197 1897 363 1933 dominus
388 1896 597 1933 Alexander
624 1897 804 1945 episcopus
829 1896 1059 1933 moraviensis
1082 1894 1266 1932 tranfitum
1289 1896 1421 1932 faceret
1439 1896 1483 1932 de
1501 1896 1610 1933 castro
1630 1897 1690 1933 suo

196 1954 240 1990 de
261 1953 461 2002 Kynnedor
479 1954 597 1991 versus
616 1953 792 1991 ecclesiam
817 1954 860 1990 de
880 1954 1045 1991 Urchard
1065 1966 1130 2000 per
1150 1966 1278 2001 aquam
1305 1953 1401 1989 suam
1428 1954 1472 1989 de
1499 1953 1605 2003 Lofl'y
1627 1968 1690 2003 per

195 2011 327 2048 vadum
354 2013 415 2059 qui
438 2017 588 2049 vocatur
612 2012 940 2060 Krannolsysford
957 2031 965 2040 ·
995 2011 1132 2048 invenit
1158 2011 1347 2058 quamdam
1375 2011 1574 2047 naviculam
1603 2018 1689 2060 puta

182 2070 335 2116 flzrcost
358 2069 540 2118 jacentem
571 2070 609 2106 in
636 2083 727 2118 aqua
754 2069 814 2106 sua
841 2068 1004 2118 predid‘zta
1030 2082 1141 2117 prope
1166 2082 1263 2104 mare
1283 2088 1291 2097 ·
1316 2069 1361 2104 ad
1387 2082 1493 2116 quam
1519 2070 1688 2106 accedens

195 2126 296 2174 petiit
322 2140 343 2163 a
369 2127 524 2175 quodam
552 2128 612 2175 qui
638 2127 832 2165 vocabatur
1156 2126 1217 2175 qui
1240 2126 1332 2162 solus
1358 2126 1524 2162 inventus
1550 2133 1625 2162 erat
1650 2127 1687 2161 in

195 2184 278 2221 navi
297 2203 305 2212 ·
325 2184 427 2233 cujus
445 2185 528 2221 effet
547 2185 608 2221 illa
625 2186 725 2221 navis
744 2204 753 2213 ·
773 2190 808 2221 et
826 2185 870 2221 de
888 2185 989 2233 cujus
1006 2183 1147 2221 licenfia
1163 2184 1310 2220 intravit
1330 2183 1427 2219 illam
1445 2196 1570 2230 aquam
1590 2203 1598 2210 -
1626 2184 1685 2230 qui

196 2240 374 2289 respondit
390 2243 487 2290 quod
507 2243 671 2279 navicula
688 2243 724 2279 id
743 2242 791 2279 est
794 2244 947 2291 farcost
965 2247 1041 2279 erat
1057 2241 1232 2280 Johannis
1250 2241 1294 2277 de
1313 2240 1415 2288 Lany
1429 2260 1438 2269 ·
1457 2246 1492 2277 et
1509 2241 1604 2287 quod
1621 2253 1685 2288 per

921 2303 943 2335 3
963 2312 984 2335 A
