1912 2660
247 147 320 179 318
640 122 957 182 REGISTRUM
985 144 1349 183 MORAVIENSE.

249 248 283 278 et
301 242 501 279 honorifice
530 257 611 279 cum
641 244 807 280 omnibus
825 244 1049 293 pertinentijs
1077 244 1144 279 suis
1174 244 1211 278 in
1234 255 1360 291 puram
1386 247 1422 277 et
1445 247 1657 290 perpetuam
1684 243 1752 278 ele-

248 299 417 336 mosmam
446 321 455 329 ·
485 302 687 337 Reddendo
706 302 776 348 ipse
795 302 943 338 heredes
962 303 1012 337 sui
1031 301 1174 349 singulis
1193 301 1294 335 annis
1312 300 1375 334 uni
1394 299 1580 347 capellano
1599 300 1636 335 in
1656 300 1753 336 ᾰὶὅὶο,

248 358 384 406 capella
402 365 575 407 perpetuo
593 360 787 396 celebranti
806 366 950 395 centum
970 360 1099 394 solidos
1117 358 1367 403 sterlingorum
1386 357 1430 392 ad
1450 357 1540 392 duos
1558 358 1669 392 annui
1684 363 1753 393 ter-

248 416 365 451 minos
383 435 391 444 ·
412 417 638 453 medietatem
658 417 792 453 scilicet
810 418 854 452 ad
872 416 996 452 festum
1015 414 1263 451 Penthecostes
1282 419 1317 449 et
1336 414 1441 449 aliam
1460 415 1688 450 medietatem
1707 416 1751 450 ad

247 472 371 508 festum
392 474 511 510 Sancti
531 475 678 512 martini
706 476 743 509 in
769 488 871 522 yeme
891 493 899 501 ·
929 474 964 509 Si
983 486 1070 508 vero
1098 473 1284 519 contingat
1303 491 1311 499 ·
1339 473 1435 519 quod
1463 471 1547 507 absit
1574 492 1582 500 ·
1611 473 1745 508 dictum

247 530 452 567 Johannem
480 533 565 568 Scot
591 533 647 568 vel
674 533 822 568 heredes
841 532 919 566 suos
945 531 982 565 in
1009 530 1185 565 solutione
1210 530 1305 565 (1ὶᾶὶο
1332 530 1483 577 pecunie
1509 530 1603 565 infra
1620 531 1747 578 viginti

249 588 323 624 dies
349 589 426 637 post
452 590 585 638 lapsum
612 590 761 637 alicujus
787 589 1025 624 terminorum
1062 587 1378 635 suprascriptorum
1408 588 1560 623 deficere
1593 588 1690 623 dabit
1716 594 1751 624 et

249 646 386 682 dabunt
403 660 468 695 pro
488 648 644 695 qualibet
662 647 854 695 septimana
872 647 908 681 in
927 659 997 693 qua
1015 645 1223 681 cessaverint
1242 646 1278 680 in
1298 645 1472 681 solutione
1490 646 1586 681 ἀίἇὶρ
1601 646 1751 694 pecunie

249 704 338 740 duos
350 705 479 740 solidos
490 706 740 752 sterlingorum
748 705 893 740 nomine
906 717 997 752 pene
1009 704 1054 739 ad
1070 704 1246 739 luminare
1260 704 1388 740 Sancte
1402 704 1528 740 Crucis
1541 705 1751 740 cathedralis

249 761 391 798 ecclesie
407 763 535 799 Sancte
551 764 739 799 Trinitatis
758 763 801 798 de
817 762 935 809 Elgyn
950 781 957 789 ·
979 768 1014 797 et
1033 762 1231 797 duodecem
1249 762 1414 797 denarios
1430 762 1614 810 capellano
1629 763 1665 798 in
1680 762 1751 811 ipsa

248 820 383 868 capella
397 821 590 856 celebranti
606 821 703 856 omni
719 820 917 856 ebdomada
928 820 1099 867 quamdiu
1114 833 1135 855 a
1153 820 1340 868 principali
1355 819 1532 856 solutione
1544 821 1750 856 cessaverint

248 877 284 912 in
303 878 378 926 ejus
396 879 587 914 utilitatem
613 878 876 914 convertendos
906 897 914 906 ·
940 891 980 913 ac
1007 891 1116 913 unam
1144 884 1282 925 petram
1302 891 1383 913 cere
1407 878 1553 913 nornine
1571 879 1672 914 firme
1691 879 1749 915 seu

248 936 370 970 census
396 937 507 971 annui
531 937 567 971 in
585 936 670 972 sesto
694 936 815 971 Samsti
836 935 986 971 Andree
1013 935 1159 984 apostoli
1178 934 1322 983 singulis
1347 936 1449 970 annis
1471 934 1613 971 ecclesie
1632 938 1750 972 <Dora-

247 992 355 1029 vienfi
382 994 516 1042 prefate
544 1008 609 1042 pro
637 1000 791 1041 quatuor
818 993 1039 1029 candelabris
1067 993 1238 1041 angelicis
1265 1006 1334 1040 que
1361 994 1455 1029 idem
1479 993 1663 1030 Johannes
1690 994 1749 1042 ipsi

247 1050 388 1086 ecclefie
416 1052 677 1099 predonaverat
701 1051 933 1087 sustentandis
954 1071 962 1080 ·
993 1052 1039 1087 Et
1057 1052 1103 1087 ad
1128 1051 1291 1099 premissa
1315 1052 1436 1086 omnia
1460 1057 1496 1087 et
1513 1051 1649 1099 singula
1666 1052 1750 1088 fide-

247 1108 329 1143 liter
347 1109 565 1145 observanda
590 1110 774 1158 predififfls
802 1109 988 1147 Johannes
1016 1109 1189 1157 obligavit
1216 1109 1248 1144 se
1280 1109 1429 1145 heredes
1457 1110 1535 1145 suos
1564 1115 1599 1145 et
1626 1123 1750 1145 omnes

245 1171 357 1201 terras
371 1173 406 1201 et
419 1166 641 1214 possesliones
652 1168 729 1203 suas
743 1181 830 1215 quas
848 1168 941 1203 infra
959 1168 1114 1216 burgum
1132 1168 1177 1203 de
1194 1167 1371 1215 Inuernys
1386 1173 1421 1203 et
1435 1173 1536 1203 extra
1546 1167 1679 1203 habent
1692 1168 1749 1203 vel

245 1223 375 1259 habere
394 1230 564 1272 poterunt
576 1226 612 1260 in
631 1226 794 1261 futurum
810 1245 818 1254 -
839 1226 887 1261 Et
904 1224 927 1261 fi
940 1226 1126 1273 contingat
1142 1244 1150 1253 ·
1170 1225 1267 1272 quod
1286 1224 1372 1260 abslt
1387 1245 1394 1253 ·
1415 1225 1526 1273 ipsum
1545 1225 1747 1262 ,Iohannem

244 1281 301 1316 vel
319 1281 472 1329 aliquem
492 1283 664 1319 heredum
683 1284 827 1319 suorum
847 1289 973 1319 contra
987 1284 1120 1319 ἀὶἆὶειιη
1140 1283 1418 1319 conventionem
1438 1284 1473 1318 in
1493 1283 1612 1330 aliquo
1626 1284 1749 1319 venire

245 1339 381 1375 dabunt
399 1341 544 1377 nomine
562 1355 653 1390 pene
671 1342 802 1378 fabrice
821 1341 962 1378 ecclesie
981 1341 1192 1378 cathedralis
1212 1341 1256 1377 de
1277 1341 1396 1389 Elgyn
1414 1346 1497 1377 ante
1516 1355 1660 1377 omnem
1678 1342 1749 1377 litis

246 1397 435 1444 ingressum
455 1400 692 1448 quadraginta
720 1400 827 1436 libras
844 1400 1096 1448 sterlingorum
1117 1419 1125 1428 ·
1154 1399 1316 1448 presente
1345 1399 1578 1434 nihilominus
1596 1413 1750 1435 conven-

245 1455 342 1490 tione
361 1456 397 1491 in
416 1457 478 1492 suo
497 1458 627 1494 robore
649 1459 881 1506 perhenniter
908 1459 1082 1494 duratura
1110 1478 1118 1486 ·
1152 1463 1188 1493 et
1214 1457 1361 1505 subjecit
1386 1458 1419 1493 se
1444 1463 1479 1493 et
1504 1458 1652 1493 heredes
1671 1458 1749 1493 suos

239 1512 476 1560 jurisdictioni
491 1516 640 1565 episcopi
657 1516 888 1553 moraviensis
906 1523 942 1552 et
960 1516 1120 1552 officialis
1131 1516 1181 1551 sui
1193 1516 1253 1563 qui
1271 1529 1337 1564 pro
1352 1521 1514 1563 tempore
1528 1515 1662 1551 suerint
1681 1535 1689 1544 ·
1708 1522 1749 1551 ut

246 1569 349 1606 liceat
368 1572 417 1606 eis
435 1573 491 1608 vel
512 1587 636 1609 eorum
656 1575 757 1610 alteri
778 1588 838 1610 eos
856 1575 901 1610 ad
921 1574 1202 1610 observationem
1230 1574 1392 1609 omnium
1417 1574 1661 1622 premissorum
1686 1587 1748 1622 per

246 1628 488 1665 omnimodam
516 1632 699 1668 censuram
727 1632 988 1668 ecclesiasticam
1014 1631 1205 1668 districtius
1231 1632 1422 1667 cohercere
1443 1651 1450 1659 ·
1490 1631 1567 1667 Nos
1593 1645 1680 1667 vero
1703 1632 1747 1667 de

244 1686 360 1732 gratia
385 1687 502 1723 nostra
520 1690 657 1737 speciali
684 1691 848 1739 predicto
866 1690 1025 1727 ,Iohanni
1052 1696 1088 1725 et
1114 1690 1304 1725 heredibus
1331 1689 1398 1724 suis
1425 1688 1654 1725 concessimus
1680 1703 1746 1737 pro

245 1743 347 1778 nobis
366 1751 401 1780 et
419 1746 666 1783 successoribus
684 1749 809 1784 nostris
826 1754 868 1784 ut
885 1748 1189 1796 quotienscunque
1211 1748 1409 1795 predictam
1428 1747 1600 1794 capellam
1621 1761 1746 1783 vacare

245 1801 436 1848 contigerit
461 1804 553 1840 infra
570 1806 787 1852 quindenam
809 1820 830 1842 a
849 1812 1009 1855 tempore
1027 1806 1222 1841 vacationis
1248 1806 1430 1853 ydoneum
1455 1805 1677 1853 capellanum
1702 1806 1746 1840 ad

247 1858 379 1895 dictam
395 1862 565 1909 capellam
581 1864 682 1898 nobis
697 1870 732 1899 et
746 1865 995 1900 successoribus
1013 1863 1139 1899 nostris
1153 1863 1296 1898 valeant
1310 1862 1512 1911 presentare
1532 1882 1539 1890 ·
1560 1868 1595 1898 et
1613 1861 1637 1897 fi
1655 1862 1747 1898 infra

247 1915 363 1952 dustos
374 1919 583 1965 quindecem
599 1922 673 1956 dies
687 1922 824 1957 ἀίἇὶυῐη
837 1922 1061 1970 capellanum
1077 1920 1304 1969 neglexerint
1319 1926 1380 1955 aut
1400 1920 1599 1956 distulerint
1609 1920 1747 1968 presen-

246 1978 322 2009 tare
341 1975 444 2023 ipsius
462 1978 675 2025 presentatio
694 1985 729 2014 et
748 1980 955 2015 omnimoda
973 1978 1149 2028 dispositio
1171 1979 1215 2014 ad
1243 1992 1309 2014 nos
1328 1985 1363 2014 et
1382 1978 1590 2014 successores
1609 1977 1746 2013 nostros

247 2043 289 2066 ea
307 2033 383 2068 vice
403 2034 615 2071 devolvetur
634 2056 641 2063 ·
664 2037 707 2071 In
726 2051 877 2084 quorum
899 2038 1059 2072 omnium
1080 2037 1319 2073 testimonium
1338 2035 1489 2083 sigillum
1509 2035 1667 2071 nostrum
1686 2049 1746 2071 au-

247 2090 419 2126 tenticum
448 2106 521 2128 una
547 2107 624 2129 cum
646 2093 756 2141 sigillo
784 2095 966 2130 communi
994 2095 1140 2143 capituli
1159 2094 1350 2143 supradifiti
1377 2100 1414 2129 et
1436 2094 1746 2142 subscriptionibus

247 2148 503 2186 canonicorum
532 2157 619 2187 tunc
651 2150 878 2188 residentium
908 2159 943 2188 et
980 2153 1195 2200 presentium
1232 2165 1375 2188 necnon
1406 2151 1559 2199 magistri
1593 2151 1742 2199 Eustacij
