2060 2660
576 166 891 203 REGISTRUM
920 166 1283 206 MORAVIENSE.
1627 175 1674 213 79

181 263 447 314 Abyrdonenfis
470 265 555 300 viris
578 265 840 301 venerabilibus
862 270 898 300 et
915 265 1055 300 dilectis
1075 266 1113 300 in
1132 265 1271 301 Christo
1291 265 1425 301 Abbati
1443 267 1486 302 de
1507 267 1645 316 Kynlos
1665 289 1672 296 ·

181 322 297 358 Priori
315 323 359 358 de
378 322 545 358 Urchard
564 329 599 358 et
619 323 734 358 Priori
753 323 797 358 de
819 322 958 370 Kynlos
977 327 1137 358 eternam
1156 323 1194 357 in
1211 322 1374 358 Domino
1391 323 1538 359 salutem
1563 345 1571 353 ·
1599 326 1674 362 lite-

180 393 236 415 ras
255 380 391 415 domini
411 380 505 428 Pape
523 381 721 428 recepimus
739 381 775 415 in
795 380 860 415 hec
878 379 987 415 verba
1013 399 1022 407 ·
1050 379 1237 415 Honorius
1264 380 1445 427 episcopus
1465 381 1584 417 servus
1609 382 1675 418 ser-

178 450 305 472 vorum
325 437 396 472 Dei
424 438 563 473 dileetis
581 438 662 473 filiis
682 437 816 472 Abbati
835 437 879 473 de
898 437 977 473 Der
996 436 1264 485 Abyrdonenfis
1284 437 1471 484 dyoceseos
1495 457 1503 465 ·
1526 438 1675 474 Decano

177 500 213 530 et
232 494 499 531 Archidiacono
520 494 771 543 Abyrdonenfi
797 495 943 530 salutem
970 500 1005 530 et
1029 494 1255 543 apostolicam
1280 494 1567 530 benedictionem
1587 514 1595 522 ·
1619 496 1674 531 Ex

176 557 275 600 parte
293 553 506 588 venerabilis
528 553 646 588 fratris
670 553 778 588 nostri
798 551 1029 589 moravienfis
1050 552 1202 600 episcopi
1226 551 1294 587 fuit
1317 550 1534 599 propofitum
1556 565 1675 588 coram

176 609 278 645 nobis
295 610 392 657 quod
406 610 535 646 nobilis
549 611 604 645 vir
619 611 742 645 David
760 611 804 646 de
825 610 1082 658 Strathbolgyn
1100 615 1136 645 et
1153 609 1296 656 quidam
1316 609 1375 644 alii
1393 607 1623 645 moraviensis
1641 615 1677 644 et

176 667 444 715 Abyrdonenfis
458 668 647 716 dyocesum
662 668 765 716 super
778 668 912 716 Rynyn
925 673 960 703 et
971 667 1178 714 quibusdam
1189 666 1266 702 aliis
1276 666 1380 701 terris
1393 685 1401 694 ·
1414 664 1675 714 poss'eflionibus

175 725 319 760 decimis
346 731 381 761 et
408 726 513 761 rebus
539 726 616 761 aliis
641 725 859 774 injuriantur
886 725 1001 761 eidem
1031 745 1039 753 ·
1068 725 1222 772 ideoque
1250 724 1453 760 discretioni
1477 723 1589 759 vestre
1613 737 1676 772 per

175 782 364 830 apostolica
397 783 524 831 scripta
554 784 765 818 mandamus
796 783 963 830 quatinus
992 782 1150 831 partibus
1181 782 1385 818 convocatis
1416 781 1566 817 audiatis
1597 794 1676 817 cau-

174 839 244 875 sam
272 846 308 876 et
334 841 572 889 appellatione
596 847 735 876 remota
759 841 879 876 debito
898 841 970 876 fine
989 841 1187 876 terminetis
1213 859 1222 868 ·
1249 840 1418 875 facientes
1439 839 1536 886 quod
1559 839 1677 875 decre-

174 898 295 933 veritis
321 911 384 946 per
410 899 592 934 censuram
619 897 883 934 ecclefiasticam
909 898 1060 934 firmiter
1086 898 1264 934 observari
1294 917 1302 925 ·
1332 897 1434 933 testes
1463 902 1583 933 autem
1615 898 1676 945 qui

174 955 308 990 fuerint
331 957 504 991 nominati
522 956 547 991 fi
564 957 597 992 se
615 957 731 1004 gratia
748 957 806 992 vel
825 957 908 992 odio
926 957 985 991 vel
1010 956 1132 991 favore
1155 955 1393 991 subtraxerint
1410 969 1475 1003 per
1492 955 1675 990 censuram

175 1013 326 1048 eandem
344 1014 494 1049 cessante
512 1014 752 1062 appellatione
770 1015 906 1062 cogatis
919 1014 1062 1049 veritati
1080 1013 1319 1049 testimonium
1334 1013 1521 1061 perhibere
1541 1032 1549 1040 ·
1566 1013 1677 1055 Quod

174 1068 198 1104 fi
215 1083 290 1105 non
309 1084 433 1106 omnes
450 1072 516 1106 hiis
538 1072 770 1119 exsequendis
795 1072 983 1120 potueritis
1009 1072 1171 1107 interesse
1198 1071 1271 1106 duo
1296 1070 1451 1106 vestrum
1477 1070 1675 1106 nichilomi-

174 1140 241 1162 nus
260 1141 301 1163 ea
319 1128 555 1175 exsequantur
574 1149 582 1157 ·
599 1129 737 1164 Datum
752 1129 991 1165 Lateranense
1011 1129 1095 1164 -xiii·
1118 1129 1299 1164 Kalendas
1313 1129 1400 1165 maii
1419 1148 1428 1156 ·
1447 1128 1676 1176 pontificatus

174 1184 282 1220 nostri
306 1199 401 1221 anno
424 1191 551 1222 octavo
565 1206 573 1214 ·
605 1187 726 1234 Hujus
750 1187 860 1234 igitur
884 1187 1043 1222 mandati
1065 1186 1246 1235 apostolici
1271 1186 1491 1233 exsequtioni
1514 1186 1676 1221 interesse

174 1242 253 1290 sepe
271 1256 346 1278 non
363 1243 523 1279 valentes
543 1263 552 1271 ·
575 1244 850 1292 impedientibus
871 1257 937 1279 nos
961 1250 998 1280 et
1021 1244 1263 1279 detinentibus
1285 1243 1392 1279 variis
1419 1249 1454 1279 et
1479 1243 1677 1279 necessariis

176 1301 470 1348 occupationibus
498 1321 506 1329 ·
532 1314 609 1337 eam
628 1301 740 1337 vestre
763 1302 965 1337 discretioni
987 1301 1031 1336 de
1055 1314 1125 1348 qua
1146 1301 1251 1349 plene
1273 1300 1487 1336 confidimus
1510 1301 1676 1336 duximus

174 1357 433 1405 injungendam
465 1378 474 1386 ·
505 1359 720 1394 au&oritate
746 1358 936 1407 apostolica
953 1372 1023 1406 qua
1039 1359 1225 1406 fungimur
1243 1358 1280 1393 in
1298 1358 1363 1393 hac
1381 1363 1482 1406 parte
1500 1357 1601 1393 vobis
1619 1357 1677 1393 fir-

173 1415 279 1451 miter
305 1415 533 1464 injungentes
559 1417 726 1464 quatinus
753 1416 1057 1464 quotienscunque
1080 1416 1245 1464 prediEto
1263 1415 1433 1451 mandato
1451 1415 1676 1463 exsequendo

173 1485 248 1507 non
272 1473 539 1509 interfuerimus
559 1493 566 1502 ·
586 1474 680 1510 vices
698 1473 832 1509 nostras
850 1479 996 1521 agentes
1015 1493 1024 1501 ·
1042 1474 1149 1522 plena
1165 1473 1255 1509 illud
1273 1473 1487 1521 exsequendi
1504 1472 1675 1521 potestate

173 1530 274 1565 nobis
293 1531 472 1566 commifl'a
483 1531 590 1579 juxta
613 1532 765 1567 formam
789 1531 948 1579 rescripti
975 1530 1155 1579 apostolici
1181 1530 1284 1566 nobis
1310 1530 1471 1566 destinati
1497 1530 1676 1566 mediante

168 1587 307 1634 justicia
324 1589 519 1636 procedere
538 1589 668 1624 curetis
692 1609 700 1616 ·
730 1589 907 1624 reservata
925 1589 1027 1624 nobis
1045 1589 1223 1624 sentencia
1242 1588 1431 1624 diffinitiva
1459 1607 1467 1615 ·
1497 1587 1678 1623 Volumus

174 1645 280 1680 etiam
304 1650 340 1680 et
364 1645 466 1680 vobis
491 1645 645 1681 districte
671 1647 882 1682 mandamus
909 1651 950 1681 ut
974 1646 1046 1681 duo
1073 1645 1227 1681 vestrum
1254 1646 1420 1693 quotiens
1445 1645 1592 1680 tertium
1620 1646 1677 1681 ab-

173 1701 239 1737 esse
257 1702 450 1750 contigerit
469 1722 477 1730 ·
498 1703 621 1738 diebus
640 1709 674 1739 et
692 1703 780 1739 locis
798 1717 819 1738 a
836 1703 938 1739 nobis
955 1703 1014 1739 vel
1031 1716 1053 1738 a
1070 1703 1170 1739 vobis
1188 1703 1302 1738 tribus
1316 1702 1375 1738 vel
1389 1702 1528 1738 duobus
1541 1702 1677 1738 statutis

172 1759 229 1794 vel
255 1758 447 1795 statuendis
476 1780 484 1788 ·
513 1773 555 1796 ea
578 1760 832 1796 nichilominus
857 1761 1094 1808 exsequantur
1126 1779 1134 1787 -
1168 1760 1271 1796 Idem
1292 1760 1452 1808 partibus
1472 1759 1649 1808 signamus
1668 1780 1676 1788 ·

114 1825 117 1828 ⁴
172 1816 287 1852 valete
314 1817 351 1851 in
379 1817 542 1853 Domino
572 1818 708 1866 semper
740 1838 748 1846 -
783 1818 904 1867 Hujus
933 1819 1043 1866 igitur
1069 1818 1286 1854 auctoritate
1312 1818 1471 1853 mandati
1497 1817 1677 1854 constante

172 1873 273 1910 nobis
290 1887 354 1923 per
371 1876 453 1910 acta
470 1875 613 1923 publica
631 1875 850 1924 Gylbertum
871 1875 1092 1911 Hostiarium
1116 1876 1196 1924 sepe
1219 1875 1319 1911 fuiss'e
1345 1880 1513 1911 vocatum
1541 1881 1578 1911 et
1599 1881 1677 1911 tan-

173 1931 253 1966 dem
275 1932 321 1968 ob
344 1933 607 1968 contumaciam
629 1932 732 1981 ipfius
751 1933 967 1969 manifestam
989 1933 1175 1970 Andream
1195 1933 1456 1970 moraviensem
1475 1933 1675 1981 episcopum

173 1989 208 2024 in
226 1988 467 2037 poffeffionem
486 1991 631 2027 dimidie
651 1991 809 2027 dauache
824 1996 919 2027 terre
938 1991 1069 2027 scilicet
1087 1992 1131 2028 de
1146 1990 1299 2027 Bulessoe
1317 1991 1419 2027 causa
1436 1991 1489 2026 rei
1506 1991 1675 2027 servande

172 2046 308 2082 miffum
326 2047 424 2083 fuifl'e
446 2068 455 2075 ·
474 2062 580 2095 quam
601 2049 694 2084 idem
714 2049 908 2097 Episcopus
926 2049 970 2084 ab
989 2049 1116 2085 eodem
1131 2049 1300 2085 Gilberto
1314 2048 1456 2097 petebat
1472 2068 1479 2076 ·
1496 2061 1578 2083 cum
1592 2061 1675 2084 con-

172 2103 275 2140 staret
301 2105 407 2140 etiam
429 2106 541 2154 ipsum
565 2120 586 2142 a
610 2106 713 2142 nobis
737 2112 772 2142 et
796 2106 984 2155 conjudice
1003 2106 1122 2142 nostro
1141 2112 1224 2142 ante
1242 2119 1378 2142 annum
1397 2106 1552 2154 elapsum
1571 2118 1674 2141 cano-

172 2161 250 2197 nice
267 2168 434 2198 vocatum
464 2183 472 2191 -
501 2163 560 2200 sed
589 2165 626 2199 in
654 2164 822 2200 consueta
849 2164 990 2200 malicia
1016 2163 1255 2213 persistentem
1283 2177 1350 2200 nec
1376 2164 1499 2199 venire
1527 2176 1594 2198 nec
1621 2175 1674 2198 re-

173 2218 363 2266 sponsalem
382 2221 524 2257 mittere
542 2222 675 2257 curafl'e
692 2222 738 2257 ad
752 2222 846 2257 diem
861 2227 897 2258 et
911 2222 1031 2258 locum
1044 2221 1104 2258 fibi
1118 2222 1295 2271 prefixum
1312 2241 1321 2249 ·
1335 2234 1424 2257 voce
1437 2220 1600 2269 preconis
1614 2220 1673 2254 ad-

174 2276 283 2312 hibita
309 2277 554 2326 solempnitate
586 2279 705 2315 debita
736 2299 744 2307 ·
774 2280 907 2327 requiri
937 2280 1044 2316 etiam
1074 2279 1222 2316 fecimus
1250 2279 1404 2315 eundem
1430 2291 1505 2313 non
1531 2282 1671 2312 tantum
