1912 2660
243 184 419 213 Barcarbank
433 184 501 212 444.

242 223 410 251 Baxterland
423 223 452 251 in
467 223 609 261 Myrefide
623 224 689 251 435.

242 262 419 291 Baxtercroft
433 263 501 290 436.

242 301 411 329 Birkinburn
425 301 493 329 448.

241 340 366 374 Bimeth,
381 340 500 368 Baronia
513 340 548 367 de
562 340 630 374 436,
644 340 711 368 439.

383 379 495 406 hiltounv
504 379 539 406 de
552 379 620 406 439.

384 417 477 445 holme
491 417 526 445 de
540 417 608 445 440.

380 456 499 484 Inferior
512 457 580 483 440.

239 512 279 517 —
384 495 580 523 Molendinum
594 495 629 523 de
643 495 710 523 440.

240 533 376 571 Bischope
391 534 456 561 Mill
470 535 538 562 434.

240 573 331 606 Blare,
347 573 465 601 Inferior
478 575 546 600 444.

318 628 330 633 -
344 612 476 649 Superior
488 612 555 640 444.

240 651 403 679 Bollescane
417 651 485 679 449.

239 689 314 718 Both
335 691 402 724 447,
417 690 485 718 449.

239 729 352 757 Botarie
366 729 433 757 448.

239 767 362 796 Bracoht
375 768 443 796 444.

239 806 409 843 Brairnahay
423 807 490 835 442.

237 845 333 883 Brody
346 846 414 874 446.

237 884 385 912 Budeweit
398 884 466 911 446.

238 923 352 961 Burgye
366 924 433 951 446.

235 1040 374 1074 Cantulie‚
391 1039 469 1068 Litill
483 1040 551 1067 448.

235 1079 385 1107 Calladour
403 1080 471 1113 449,
486 1080 554 1106 450.

235 1118 339 1146 carran
353 1119 422 1146 449.

236 1157 357 1190 Cardell,
372 1157 460 1185 crofta
474 1157 509 1185 de
523 1157 591 1184 449.

236 1195 330 1233 Cluny
344 1197 412 1224 445.

236 1234 378 1272 Clunenry
392 1236 459 1263 447.

236 1274 401 1311 Conyeocht
415 1275 484 1302 442.

235 1312 449 1350 Corcoponocht
463 1313 531 1347 442,
545 1313 613 1340 443.
671 1312 674 1314 ’

236 1351 353 1380 Cowbin
367 1353 434 1386 445,
448 1352 517 1380 450.

234 1391 311 1428 Croy
324 1392 393 1418 447.

233 1507 359 1535 Daltulie
375 1508 442 1535 447.

349 1562 360 1568 -
375 1546 484 1574 Wester
498 1547 564 1575 449.

349 1601 360 1607 -
376 1585 457 1613 Ester
471 1586 539 1613 449.

232 1624 354 1661 Dalwey
367 1624 435 1651 450.

231 1663 401 1699 Darneway,
417 1663 512 1691 Maius
527 1664 562 1691 de
577 1663 645 1691 450.

231 1702 325 1731 David
339 1703 407 1731 447.

309 1757 321 1763 -
342 1741 456 1770 eeclefia
469 1741 503 1769 de
517 1742 585 1770 451.

231 1780 328 1817 Delny
343 1781 411 1808 447.

231 1818 452 1847 Dollefbrachtie
466 1820 533 1846 447.

230 1857 339 1891 Dolles,
355 1858 504 1885 Kirktown
520 1859 554 1886 do
569 1858 636 1887 442.

231 1896 355 1934 Dranye,
372 1897 473 1924 Mekill
487 1897 555 1924 439.

230 1974 339 2012 Dreky,
355 1975 421 2001 449.

229 2013 422 2050 Drumdelgie,
438 2013 563 2043 Ecclesia
577 2014 612 2043 de
625 2014 692 2042 451.

230 2091 405 2119 Drumreoch
424 2092 493 2119 445.

229 2130 405 2158 Duldawach
419 2131 487 2158 447.

227 2170 426 2197 Dunbennand
440 2170 507 2198 448.

227 2209 346 2246 Duppill
361 2209 428 2236 443.

368 1935 447 1963 Litill
461 1936 527 1964 alias
543 1935 683 1965 Salterhill
697 1936 764 1964 439.

786 91 950 127 INDEX
975 92 1238 130 LOCORUM.

1035 191 1134 219 Dux-ris
1148 191 1214 219 449.

1034 229 1129 266 Dyke,
1145 231 1220 257 Aere
1235 230 1269 257 de
1283 230 1348 258 445.

1034 284 1123 292 —-
1139 267 1253 297 ecclefia
1266 269 1300 297 de
1315 271 1380 298 450.

1036 382 1207 416 Edindeach,
1223 385 1309 412 crofta
1323 386 1357 414 de
1371 386 1437 420 439,
1452 387 1517 415 448.

1035 421 1142 455 Elehie,
1156 422 1266 450 Wester
1278 423 1344 451 450.

1034 459 1127 496 Elgh„
1141 461 1209 488 436.

1034 497 1131 533 Eskill,
1144 499 1209 528 villa
1222 500 1257 527 de
1271 501 1337 528 436.

1035 536 1247 576 Esterelloquhy
1260 539 1327 567 449.

1036 575 1096 609 Ess,
1113 576 1232 606 Piscaria
1245 578 1280 606 de
1293 579 1360 607 449.

1035 614 1109 642 Etlis
1122 615 1190 643 439.

1036 653 1182 682 Ethenoch
1196 656 1262 683 446.

1036 691 1141 721 Ewane
1154 693 1222 722 446.

1018 817 1024 821 ·
1035 807 1059 835 F
1059 809 1142 837 abrile
1155 809 1224 837 440.

1035 847 1166 876 Farrenes
1180 850 1247 876 446.

1035 885 1151 915 Finrass'e
1165 887 1232 914 435.

1034 924 1201 953 Flenesmoir
1214 926 1281 953 447.

1034 962 1124 1001 Foyar
1136 964 1204 992 449.

1034 1001 1183 1039 Fyndhom
1196 1004 1262 1037 446,
1277 1003 1342 1031 447.

1034 1118 1170 1152 Gedloch,
1184 1120 1251 1146 443.

1033 1156 1254 1194 Glenlatroquhy
1267 1158 1335 1186 442.

1033 1196 1218 1234 Granroquhy
1231 1198 1298 1225 445.

1033 1235 1191 1272 Grangehill
1205 1236 1272 1263 450.

1033 1274 1188 1308 GrantuIIe,
1204 1274 1327 1303 Ecclefia
1341 1275 1376 1303 de
1390 1276 1455 1304 451.

1032 1390 1206 1428 Harparland
1220 1392 1285 1418 434.

1030 1430 1160 1464 Hiltoun,
1176 1429 1289 1458 Birneth
1302 1430 1336 1458 de
1349 1429 1416 1458 439.

1031 1546 1186 1574 Inchebrok
1200 1547 1266 1574 435.

1028 1585 1231 1620 Innerlochthe,
1246 1584 1339 1623 Major
1352 1586 1419 1619 441,
1432 1588 1499 1614 443.

1239 1624 1335 1652 Minor
1350 1626 1416 1652 441.

1240 1662 1434 1692 Molendinum
1447 1665 1483 1694 de
1496 1666 1562 1694 441.

1027 1702 1137 1730 Innerin
1152 1703 1220 1730 450.

1024 1741 1195 1775 Innerellien,
1210 1741 1334 1770 Ecclefia
1347 1742 1381 1770 de
1395 1742 1461 1771 451.

1024 1780 1236 1817 Innerkeyffine,
1251 1782 1320 1808 448.

1024 1896 1130 1930 Renes,
1151 1896 1231 1924 Ester
1244 1898 1311 1924 443.

1022 1951 1127 1958 —-—---·
1141 1935 1250 1963 Wester
1263 1936 1332 1964 443.

1024 1974 1130 2012 Keyth,
1144 1974 1255 2002 baronia
1269 1975 1304 2003 de
1317 1974 1384 2008 437,
1399 1974 1465 2002 448.

1024 2029 1128 2037 -——--
1148 2013 1260 2041 Brafina
1274 2014 1308 2041 (18
1322 2014 1391 2041 448.

1024 2067 1127 2074 —--
1146 2052 1221 2080 Villa
1235 2051 1423 2081 Ecclefiastica
1437 2052 1471 2080 de
1484 2053 1550 2081 448.

1024 2106 1128 2113 ——--
1148 2090 1271 2119 Ecclefia
1284 2092 1318 2119 de
1332 2092 1399 2118 451.

1025 2129 1213 2168 Kildrymmie
1226 2131 1293 2157 447.

1024 2168 1160 2207 Kilmony
1173 2169 1240 2198 447.

1026 2207 1175 2246 Kilmyles,
1190 2207 1307 2236 Baronia
1320 2207 1354 2235 (18
1369 2207 1434 2235 448.

1598 101 1718 135 xxxvfi
