2066 2780
346 155 394 190 56
743 151 1057 189 REGISTRUM
1085 149 1448 187 MORAVIENSE.

351 258 430 287 teor
452 258 525 288 tam
549 252 594 287 ad
618 250 772 287 Primam
796 264 901 299 quam
926 250 971 285 ad
997 248 1282 296 Completorium
1310 259 1373 294 per
1397 250 1515 280 totum
1540 256 1676 280 annum
1704 247 1847 293 quando

349 310 479 346 dicitur
502 310 688 356 Confiteor
706 329 714 337 ·
734 309 877 356 quando
896 321 982 343 vero
1001 313 1072 342 tam
1087 305 1279 353 Episcopus
1297 316 1402 350 quam
1422 302 1578 337 decanus
1597 303 1718 338 absens
1735 303 1844 340 fuerit

349 368 508 403 sacerdos
527 367 798 402 ebdomadarius
816 366 883 400 hoc
902 365 1037 411 semper
1054 363 1158 397 saciet
1178 381 1185 389 ·
1206 360 1228 395 fi
1247 366 1366 395 autem
1386 359 1547 394 sacerdos
1572 359 1843 398 ebdomadarius

349 425 508 460 lecturus
532 424 581 460 est
609 444 617 451 ·
648 424 818 459 Decanus
836 423 871 457 in
891 421 1046 456 absentia
1064 418 1227 466 Episcopi
1246 416 1343 452 dabit
1360 416 1650 453 benedictionem
1670 438 1679 446 ·
1705 419 1845 456 absente

349 482 484 518 decano
498 482 679 517 sublimior
693 481 841 529 persona
853 479 912 526 qui
927 477 1034 513 suerit
1050 477 1086 511 in
1101 476 1211 511 choro
1225 494 1233 502 ·
1248 474 1293 509 In
1309 473 1403 508 ·xl¹¹²⁵·
1419 479 1502 510 ante
1516 475 1744 511 collationem
1764 491 1845 513 cum

348 540 480 587 legitur
507 545 543 575 et
570 540 606 574 in
633 538 788 587 capitulo
814 536 970 572 similiter
1000 546 1063 582 per
1093 538 1211 568 totum
1242 531 1327 566 anni
1362 531 1536 567 circulum
1572 533 1617 568 ad
1652 533 1845 571 leetionem

349 596 477 632 ibidem
500 597 687 644 legendam
715 593 1001 630 benedictionem
1029 590 1126 626 dabit
1154 589 1314 625 sacerdos
1343 588 1617 626 ebdomadarius
1644 590 1669 626 fi
1691 592 1846 628 decanus

347 654 468 690 absens
485 655 592 690 suerit
623 673 631 681 ·
665 653 726 688 Ad
749 652 904 687 offic-ium
923 654 1043 685 autem
1061 653 1097 684 et
1115 660 1237 683 curam
1257 647 1382 682 decani
1402 648 1558 695 pertinet
1575 648 1698 685 videre
1716 655 1752 685 et
1770 664 1846 686 cor-

348 713 463 759 rigere
482 732 490 739 ·
510 712 682 746 librorum
702 730 710 738 ·
729 709 1019 745 vestimentorum
1039 725 1047 734 ·
1066 705 1340 740 sartatectorum
1361 724 1369 733 ·
1392 710 1428 740 et
1445 705 1599 741 aliorum
1618 714 1846 743 ornamento-

347 782 426 805 rum
454 770 490 804 in
514 768 662 804 ecclesiis
689 766 913 816 prebendatis
942 784 950 792 ·
980 777 1048 811 que
1075 763 1185 798 libere
1212 762 1292 797 sunt
1316 767 1351 798 et
1373 768 1537 811 exempte
1563 777 1585 799 a
1609 765 1781 812 potestate
1807 772 1842 801 et

341 827 589 874 jurisdi6tione
607 825 937 861 archidiaconorum
956 820 1161 857 officialium
1180 825 1215 855 et
1234 820 1453 856 decanorum
1471 822 1645 857 ruralium
1665 842 1672 850 ·
1695 821 1719 858 fi
1737 836 1842 859 cano-

345 884 416 919 nici
435 885 592 919 rectores
610 883 803 918 earundem
822 881 859 915 in
878 880 943 915 hiis
960 878 1094 914 fuerint
1111 878 1335 925 negligentes
1360 897 1368 906 ·
1394 878 1542 914 Delicta
1555 884 1674 915 autem
1689 885 1725 916 et
1739 881 1843 917 insuf-

345 941 515 977 ficientias
542 940 805 988 capellanorum
824 939 860 973 in
878 936 1048 985 predictis
1067 934 1217 971 ecclefiis
1235 935 1462 983 prebendatis
1480 936 1753 973 ministrantium
1772 937 1840 975 five

344 999 477 1035 fuerint
495 998 615 1033 vicarii
634 996 700 1032 sive
719 1010 793 1032 non
808 1015 816 1023 ·
832 994 1022 1031 emendare
1038 1013 1046 1021 ·
1061 992 1085 1028 fi
1104 993 1192 1028 (1ίᾶὶί
1210 993 1372 1029 canonici
1391 993 1427 1028 id
1446 995 1574 1041 exequi
1591 995 1818 1043 neglexerint
1831 1017 1839 1025 ·

347 1056 478 1091 Honor
495 1069 580 1091 vero
600 1061 634 1090 et
653 1054 852 1090 reverentia
870 1053 1020 1088 Decano
1039 1050 1215 1086 debentur
1233 1051 1270 1086 in
1287 1051 1354 1086 hiis
1372 1064 1441 1098 que
1460 1051 1724 1100 subjunguntur
1741 1073 1749 1082 ·
1766 1068 1842 1090 om-

343 1127 405 1149 nes
423 1119 495 1149 tam
515 1113 664 1161 majores
682 1125 786 1159 quam
807 1110 961 1146 minores
979 1109 1079 1145 chori
1098 1109 1135 1144 in
1152 1108 1307 1157 ingressu
1325 1114 1361 1144 et
1378 1109 1514 1156 egrefl'u
1535 1110 1636 1145 chori
1658 1111 1704 1147 ad
1726 1112 1838 1160 ipsum

342 1172 379 1206 in
397 1171 494 1206 stallo
512 1171 573 1205 suo
592 1169 821 1205 constitutum
840 1167 1064 1203 inclinabunt
1086 1186 1094 1194 ·
1125 1166 1217 1202 Item
1235 1166 1357 1202 nullus
1375 1167 1419 1202 de
1438 1167 1548 1203 choro
1567 1168 1682 1217 major
1699 1170 1758 1205 vel
1776 1171 1839 1205 mi-

341 1241 408 1264 nor
426 1228 531 1264 debet
548 1226 618 1262 fine
636 1227 779 1262 licentia
797 1226 922 1262 decani
941 1225 984 1260 de
1002 1225 1088 1261 villa
1105 1225 1273 1261 recedere
1291 1238 1356 1273 per
1372 1238 1482 1260 unam
1501 1226 1647 1262 ηοᾶὶθῐη
1671 1240 1716 1263 ex
1741 1234 1838 1264 certa

340 1286 481 1321 scientia
499 1298 634 1319 moram
649 1285 809 1319 sa6hirus
828 1303 836 1311 ·
855 1296 922 1318 nec
941 1283 1048 1318 etiam
1065 1282 1098 1318 se
1118 1283 1280 1318 minuere
1308 1302 1315 1310 ·
1345 1283 1437 1319 Item
1456 1283 1592 1320 decano
1610 1284 1761 1322 chorum
1779 1286 1836 1322 vel

340 1343 531 1391 capitulum
547 1342 693 1377 intranti
707 1341 765 1377 vel
779 1340 962 1376 transitum
977 1339 1083 1388 [per]
1099 1340 1313 1376 alterutrum
1331 1341 1475 1377 facienti
1493 1354 1617 1377 omnes
1635 1343 1786 1391 majores
1800 1350 1836 1379 et

340 1401 493 1436 minores
517 1400 693 1447 assurgere
718 1404 887 1434 tenentur
918 1418 926 1427 ·
960 1398 1054 1434 Item
1071 1398 1215 1446 vespere
1234 1404 1270 1434 et
1287 1399 1461 1434 matutine
1479 1412 1554 1434 non
1572 1399 1836 1437 inchoabuntur

340 1464 421 1493 ante
439 1458 630 1493 adventum
651 1457 776 1493 decani
793 1457 851 1492 vel
869 1456 945 1505 ejus
966 1456 1175 1491 mandatum
1199 1456 1243 1492 de
1268 1456 1329 1491 suo
1347 1469 1422 1492 non
1439 1457 1597 1493 adventu
1629 1477 1637 1486 ·
1671 1457 1835 1507 Asperfio

341 1521 459 1550 autem
479 1528 567 1562 aque
589 1515 777 1550 benedicte
796 1520 832 1550 et
849 1511 1019 1563 processio
1038 1519 1074 1549 et
1092 1513 1236 1550 collatio
1254 1514 1292 1549 in
1312 1514 1590 1562 Quadragefima
1612 1516 1658 1551 ad
1685 1517 1837 1565 comple-

343 1573 473 1608 torium
494 1574 529 1607 in
548 1573 672 1608 eodem
688 1578 849 1621 tempore
863 1586 934 1620 quo
949 1571 1093 1608 collatio
1107 1572 1239 1620 legitur
1261 1571 1365 1621 ipfius
1386 1573 1628 1621 expectabunt
1646 1574 1840 1610 adventum

343 1630 399 1666 vel
418 1631 636 1665 contrarium
655 1631 861 1665 mandatum
877 1650 885 1658 ·

345 1802 403 1837 De
423 1802 539 1837 officio
559 1803 725 1838 Cantoris
740 1822 747 1829 ·

345 1918 511 1955 Cantoris
529 1917 683 1952 officium
704 1916 751 1952 est
769 1917 916 1952 chorum
932 1919 968 1953 in
986 1924 1155 1954 cantuum
1175 1919 1377 1956 elevatione
1395 1925 1431 1956 et
1449 1919 1667 1969 depressione
1685 1934 1809 1970 regere
1829 1942 1837 1950 ·

343 1982 506 2011 cantores
524 1976 559 2010 in
578 1975 698 2010 tabula
717 1975 881 2010 ordinare
909 1995 917 2003 ·
946 1975 1007 2011 Ad
1025 1977 1126 2012 illum
1141 1978 1246 2013 etiam
1262 1978 1418 2026 pertinet
1431 1984 1467 2014 et
1480 1992 1675 2027 puerorum
1694 1980 1839 2016 instruc-

342 2034 393 2069 tio
421 2039 457 2069 et
479 2032 659 2081 disciplina
686 2039 721 2068 et
745 2033 940 2069 eorundem
959 2034 995 2068 in
1014 2035 1123 2070 choro
1142 2034 1300 2072 admissio
1318 2042 1354 2072 et
1372 2036 1550 2072 ordinatio
1579 2056 1587 2065 ·
1616 2043 1779 2085 preterea
1801 2038 1838 2073 in

342 2090 507 2126 omnibus
533 2090 725 2138 majoribus
750 2090 841 2126 festis
868 2091 1065 2139 duplicibus
1091 2098 1235 2129 tenetur
1261 2094 1306 2130 ad
1332 2094 1466 2130 miffam
1489 2094 1651 2130 interefl'e
1672 2095 1837 2142 regimini

341 2148 439 2184 chori
459 2148 503 2183 ad
522 2148 674 2183 bancum
693 2148 730 2183 in
748 2148 858 2184 choro
877 2161 957 2183 cum
973 2150 1098 2185 ceteris
1116 2152 1272 2198 personis
1291 2153 1351 2200 qui
1369 2150 1526 2188 similiter
1544 2165 1668 2187 omnes
1685 2153 1745 2200 qui
1759 2165 1836 2201 pre-

341 2207 453 2241 sentes
471 2205 603 2241 fuerint
620 2205 664 2240 ad
682 2205 833 2241 bancum
852 2206 1054 2254 predictum
1072 2208 1138 2243 effe
1156 2209 1287 2246 debent
1304 2223 1386 2246 cum
1405 2210 1481 2245 aliis
1498 2209 1698 2245 rectoribus
1716 2210 1831 2246 chori·

341 2263 445 2300 debet
468 2264 573 2299 etiam
600 2263 637 2298 in
663 2264 760 2299 omni
784 2263 916 2312 duplici
937 2263 1021 2300 festo
1042 2266 1201 2302 re&ores
1227 2267 1327 2304 chori
1353 2268 1398 2304 de
1424 2267 1585 2303 cantibus
1603 2267 1832 2316 injungendis
