1998 2820
981 189 1035 212 VII

251 277 301 308 71.
324 274 489 306 Johannes
504 274 625 317 Byseth
650 274 706 307 dat
729 274 893 306 ecclefiam
914 274 954 306 de
977 274 1172 316 Kyltalargy
1196 274 1307 305 domui
1331 275 1526 317 leprosorum
1541 278 1580 310 (18
1596 279 1753 311 Rothfan.

254 327 423 367 1224-6.f
440 328 492 359 29.

250 379 300 411 72.
324 377 427 409 Carta
441 378 481 409 de
496 377 619 409 eadem.
647 378 741 408 1226.
754 379 788 418 j:
805 379 857 410 29.

249 430 299 461 73.
323 429 502 460 Decretum
514 429 800 460 commissariorum
811 427 1069 471 Apostolicorum
1082 428 1122 459 de
1134 434 1221 460 terra
1231 428 1271 459 de
1282 428 1431 467 Buleske‚
1445 435 1557 462 contra
1568 432 1752 464 Gilbertum

247 480 446 512 Hostiarium
461 480 696 512 contumaciter
710 481 882 512 absentem.
912 481 1003 511 1226.
1020 481 1053 520 f
1071 480 1123 513 27.

248 533 299 565 74.
324 532 520 574 Compositio
531 544 607 564 cum
619 532 730 563 eodem
747 543 812 574 qua
826 532 969 574 quietam
985 531 1104 563 clamat
1118 538 1239 562 terram
1251 531 1290 562 de
1302 531 1451 570 Bulessze,
1464 532 1619 575 Episcopo
1631 534 1754 575 quietas

247 583 407 615 clamante
421 582 576 615 secundas
591 584 731 615 decimas
747 589 832 615 terre
848 584 887 615 de
904 583 1105 615 Strathbroc.
1133 583 1225 614 1226.
1240 584 1274 622 J}
1291 584 1342 616 29.

247 636 298 668 75.
323 634 518 678 Compositio
533 635 618 666 inter
634 635 806 678 Episcopos
822 634 968 666 Moravie
983 640 1016 666 et
1031 634 1146 672 Roflic,
1160 646 1225 676 qua
1236 634 1424 666 conceditur
1436 634 1548 666 diocefi
1561 635 1752 667 Moravienfi

247 686 375 718 ecclefia
390 687 429 718 (18
446 687 685 729 Kyntalargyn‚
703 686 843 718 Roffenfi
859 698 936 718 vero
951 686 1080 718 ecclefia
1095 687 1134 717 de
1150 685 1331 718 Ardroffer.
1358 686 1450 717 1226.
1464 687 1497 727 fi
1513 689 1565 717 28.

247 739 298 771 76.
323 738 515 780 Composltio
527 749 602 770 cum
614 738 758 769 Waltero
770 738 913 780 Cumyn,
927 738 983 780 qui
999 738 1055 769 dat
1070 737 1223 780 quasdam
1235 743 1338 769 terras
1353 737 1388 768 in
1400 737 1585 775 Badenach,
1599 737 1754 781 Episcopo

245 789 461 821 renunciante
477 789 610 821 decimis
626 789 699 821 cani
715 789 826 831 Regis.
852 791 1006 820 1224-33.
1019 790 1053 829 s
1071 791 1121 820 13.

247 841 298 874 77.
321 840 517 883 Compofitio
531 852 607 873 cum
624 841 752 873 Abbate
768 841 808 873 (18
824 841 951 883 Kynlos
966 841 1006 872 de
1021 840 1154 873 decimis
1170 840 1210 872 de
1227 840 1411 883 Strathylif.
1440 842 1533 873 1229.
1545 841 1582 881 f
1598 843 1650 872 24.

246 892 298 924 78.
322 892 421 924 Bulla
436 892 567 935 Papalis
584 893 624 924 de
639 893 741 925 libera
756 893 911 925 electione
927 892 1077 936 Episcopi
1097 903 1154 935 per
1175 892 1366 935 capitulum,
1389 892 1461 924 sede
1477 897 1622 924 vacante.
1660 894 1752 924 1231.

235 944 268 983 s.
288 946 337 974 11.

246 996 297 1027 79.
321 994 498 1038 Episcopus
522 996 577 1027 dat
600 1000 722 1027 terram
737 996 776 1027 (18
791 995 916 1038 Dolays
932 995 1065 1038 Mychel
1080 995 1243 1027 Duncano
1258 994 1327 1026 filio
1344 994 1563 1037 Gillemychel
1578 995 1698 1027 McAth
1718 996 1753 1026 in

244 1045 438 1078 escambium
454 1052 538 1079 terre
554 1047 593 1079 de
606 1047 784 1079 Petcarene
799 1048 834 1078 in
851 1046 1064 1078 Strathardol.
1092 1049 1185 1078 1232.
1199 1049 1232 1088 s
1247 1048 1299 1080 27.

245 1100 297 1129 80.
322 1098 500 1141 Episcopus
516 1099 663 1130 concedit
680 1099 839 1141 Gylberto
854 1098 922 1130 filio
939 1098 1092 1141 Gylberti
1107 1099 1271 1141 quondam
1286 1098 1413 1130 comitis
1428 1098 1468 1130 de
1485 1098 1675 1130 Stratheren
1691 1104 1755 1130 ter-

244 1161 313 1181 ram
331 1150 369 1180 de
387 1151 567 1193 Kyncarny
581 1151 616 1181 in
632 1150 857 1182 feodifirmam.
884 1151 976 1182 1232.
991 1152 1024 1191 f
1042 1152 1094 1181 26.

245 1203 297 1232 81.
322 1201 513 1233 Constitutio
528 1202 660 1233 Andree
676 1202 823 1245 episcopi,
849 1202 889 1233 de
909 1207 982 1233 octo
997 1201 1143 1233 canoniis
1158 1201 1262 1233 Bricii
1277 1206 1310 1233 et
1325 1201 1364 1232 de
1380 1201 1565 1243 quindecim
1582 1201 1753 1244 prebendis

246 1253 489 1284 recentioribus.
517 1255 669 1284 1224-42.
682 1255 716 1294 f
734 1256 763 1284 2.

245 1305 298 1334 82.
322 1303 521 1335 Constitutio
537 1303 686 1346 Episcopi
703 1316 761 1346 pro
776 1305 993 1335 controversia
1009 1309 1041 1335 et
1056 1304 1168 1335 litibus
1183 1303 1334 1335 vitandis.
1362 1305 1453 1334 1232.
1466 1305 1501 1344 f
1519 1305 1548 1336 7.

245 1357 297 1385 83.
323 1355 515 1397 Compositio
531 1367 607 1386 cum
623 1356 731 1386 Alano
746 1355 918 1393 Hostiario,
936 1355 975 1387 (18
991 1360 1078 1386 terra
1094 1355 1222 1386 ecclesle
1238 1355 1278 1386 (18
1293 1354 1452 1385 Urchard.
1480 1356 1572 1385 1233.
1585 1357 1620 1395 f
1637 1357 1688 1386 20.

245 1408 297 1437 84.
321 1406 517 1438 Constitutio
527 1406 975 1449 Episcopi,-prebendarium
986 1411 1139 1437 vocatum
1151 1406 1192 1437 ad
1201 1405 1301 1437 alium
1311 1405 1516 1443 beneficium,
1525 1405 1656 1437 interim
1665 1407 1752 1438 fruc-

244 1457 331 1488 tibus
347 1458 508 1500 prebende
523 1458 590 1489 frui
610 1458 711 1489 donec
731 1457 879 1489 beneficii
893 1458 1020 1489 fructus
1036 1458 1077 1488 ad
1092 1457 1179 1500 quod
1194 1462 1328 1488 vocatur
1343 1457 1506 1499 percipere
1521 1457 1626 1489 liceat.
1654 1460 1753 1489 1224-

245 1511 297 1539 42.
312 1510 345 1549 f
363 1512 392 1540 5.

245 1562 296 1590 85.
323 1559 519 1602 Compositio
534 1571 610 1591 cum
627 1560 772 1592 Waltero
787 1560 917 1592 Comite
933 1560 972 1591 de
987 1560 1138 1592 Mentetb
1161 1560 1201 1591 de
1225 1564 1313 1591 terra
1336 1563 1369 1590 et
1390 1558 1538 1590 secundis
1559 1559 1692 1591 decimis
1712 1561 1752 1592 (18

245 1610 461 1653 Kynkardyn.
491 1614 585 1642 1234.
599 1613 633 1652 f
650 1614 701 1643 20.

245 1663 297 1693 86.
321 1662 514 1705 Capitulum
528 1663 677 1694 concedit
692 1663 880 1694 Alexandro
895 1663 935 1695 (18
951 1663 1116 1705 Strivelyn
1131 1668 1252 1694 terram
1267 1633 1396 1693 ecclesie
1415 1662 1454 1693 de
1469 1662 1598 1693 Deveth
1620 1662 1662 1693 ad
1685 1663 1751 1695 feo-

244 1712 418 1746 difirmam.
446 1716 539 1745 1234.
553 1715 587 1754 f
605 1716 657 1745 20.

244 1766 297 1798 87.
320 1765 498 1808 Episcopus
514 1765 663 1797 concedit
679 1765 825 1797 Waltero
840 1765 879 1796 (18
895 1765 1045 1797 Moravia
1064 1770 1185 1797 terram
1205 1764 1334 1796 ecclesie
1354 1764 1394 1795 (18
1410 1763 1513 1796 Ewen
1527 1769 1561 1796 81
1575 1769 1696 1797 terram
1711 1766 1751 1797 (18

244 1817 367 1849 Budist’
384 1818 418 1849 in
434 1818 659 1850 feodifirmam.
692 1820 784 1850 1235.
802 1820 836 1858 f
854 1820 905 1850 28.

245 1872 296 1900 88.
320 1869 516 1911 Composltio
532 1881 608 1901 cum
620 1869 776 1912 Episcopo
788 1869 1010 1900 Aberdonenfi
1021 1869 1061 1900 de
1072 1868 1147 1911 jure
1162 1867 1329 1899 diocesano
1343 1867 1546 1899 ecclesiarum
1562 1868 1602 1900 de
1617 1868 1750 1901 Dauen-

245 1920 302 1952 dor
318 1927 350 1952 et
365 1921 543 1953 Forscauen
561 1926 592 1952 et
608 1921 731 1964 capella
746 1921 786 1952 de
803 1920 1009 1952 Innerculan.
1040 1920 1131 1951 1236.
1149 1921 1183 1960 fi
1199 1921 1250 1951 21.

245 1975 296 2005 89.
321 1973 518 2015 Compositio
543 1973 583 2004 de
608 1972 741 2004 decimis
765 1972 804 2003 de
826 1972 923 2014 Inays
942 1972 1000 2004 810.
1019 1971 1177 2003 solvendis
1191 1970 1300 2002 Priori
1315 1971 1355 2002 de
1370 1970 1530 2009 Urchard,
1547 1971 1749 2003 Cancellario

243 2036 309 2067 qua
323 2030 446 2056 rectore
462 2024 501 2056 de
516 2023 620 2066 Eskyl
634 2024 808 2066 recipiente
823 2026 864 2055 24
881 2034 1006 2055 marcas
1020 2023 1200 2055 annuatim.
1230 2023 1324 2056 1237.
1341 2024 1376 2063 fi
1392 2024 1444 2055 25.
1473 2022 1555 2063 (vide
1569 2023 1661 2065 461.)

244 2079 296 2108 90.
321 2076 494 2108 Ordinatio
510 2076 549 2107 de
565 2075 677 2107 officiis
693 2080 726 2106 et
741 2075 780 2106 de
795 2075 886 2118 penis
901 2075 1105 2106 vicariorum.
1138 2076 1230 2107 1238.
1247 2076 1282 2115 fi
1297 2074 1329 2106 6.

245 2131 296 2160 91.
321 2128 491 2159 Statutum
505 2128 545 2159 de
560 2127 731 2159 residentia
745 2127 892 2158 facienda
906 2126 958 2158 vel
974 2127 1107 2169 septima
1121 2126 1282 2169 prebende
1296 2125 1456 2158 solvenda.
1487 2127 1581 2158 1239.
1597 2127 1632 2166 f
1647 2128 1679 2157 4.

245 2182 296 2212 92.
319 2179 413 2211 Βο113
427 2179 657 2210 canonicorum
671 2181 737 2210 sine
753 2178 942 2211 testamento
959 2179 1189 2211 defunctorum
1203 2190 1224 2210 3
1239 2178 1373 2210 Decano
1392 2182 1425 2210 ct
1443 2177 1584 2221 capitulo
1599 2177 1747 2209 adminis-

244 2236 381 2262 trentur.
414 2233 507 2262 1240.
520 2232 557 2272 f
574 2233 604 2262 5.

245 2283 298 2314 93.
323 2282 454 2314 Statuta
468 2283 508 2314 de
523 2282 753 2315 canonicorum
769 2282 892 2314 officiis.
923 2284 1018 2315 1242.
1038 2283 1072 2323 ,fi
1088 2284 1119 2314 3.
