1912 2660
126 1880 196 1913 235

262 122 335 154 302
662 121 977 158 REGISTRUM
1007 120 1371 158 MORAVIENSE.

261 218 375 254 marie
401 219 563 268 Virginis
589 220 634 256 de
662 220 839 269 Inuernys
863 240 872 249 ·
904 233 999 256 anno
1026 220 1177 256 Domini
1202 239 1211 247 ·
1242 218 1423 256 ‹oillefimo
1448 231 1519 255 ccc·
1545 220 1762 269 quinquage-

259 275 343 312 fimo
363 290 460 313 nono
473 298 481 306 ·
496 278 630 314 intuitu
648 279 803 315 caritatis
817 284 852 314 et
869 292 935 327 pro
947 278 1057 314 salute
1070 278 1189 313 anime
1203 276 1320 312 nostre
1335 295 1343 304 ·
1363 277 1620 313 antecefforum
1639 284 1675 315 et
1689 279 1761 315 suc-

258 335 429 371 cessorum
454 335 653 372 nostrorum
679 348 974 384 quorumcunque
994 355 1002 363 ·
1030 336 1076 370 ad
1102 335 1245 370 laudem
1272 339 1309 369 et
1330 334 1507 370 honorem
1530 335 1601 371 Dei
1621 355 1629 364 ·
1657 336 1759 374 beate

257 393 371 429 marie
389 393 550 442 Virginis
568 414 576 422 ·
602 400 638 430 et
661 395 822 430 omnium
841 394 1042 428 sanctorum
1062 392 1334 438 sanetarumque
1353 410 1363 419 ·
1388 404 1454 427 nos
1472 392 1602 429 dedisse
1619 395 1759 431 conces-

255 449 325 487 fiss'e
341 457 376 487 et
401 452 467 488 hac
485 452 638 501 presenti
662 457 760 487 carta
784 450 902 486 nostra
926 449 1147 486 confirmaffe
1168 448 1249 484 Deo
1269 455 1305 484 et
1323 449 1458 498 capelle
1476 449 1577 487 beate
1597 451 1757 500 Virginis

254 510 368 546 (Darie
393 510 437 546 de
458 510 635 558 Inuernys
654 529 662 537 ·
682 509 726 544 ad
744 508 1032 544 sustentationem
1054 507 1161 542 unius
1185 506 1360 555 capellani
1378 507 1509 543 ibidem
1529 509 1650 545 divina
1667 511 1756 546 cele-

252 567 387 603 brantis
414 587 423 596 ·
463 581 572 604 unam
600 568 734 616 peciam
761 572 856 601 terre
883 565 927 601 de
954 565 987 601 le
1023 565 1118 601 Cras
1144 577 1226 600 cum
1255 565 1481 614 pertinentijs
1508 567 1754 604 continentem

251 626 440 662 duodecim
465 639 563 662 acras
586 631 681 661 terre
702 624 883 673 jacentem
904 623 1010 672 juxta
1030 628 1164 658 terram
1195 623 1297 659 beate
1324 624 1439 660 (Darie
1464 624 1626 673 Virginis
1652 639 1754 674 paro-

249 684 371 719 chialis
389 683 529 720 ecclesie
548 683 703 731 ejusdem
730 682 833 729 burgi
853 681 897 717 de
918 681 1096 728 Inuernys
1121 681 1167 716 ad
1186 681 1340 717 austrum
1360 695 1404 718 ex
1422 688 1523 731 parte
1542 696 1615 719 una
1633 703 1641 712 ·
1661 685 1753 733 capi-

248 747 383 778 tantem
402 742 505 790 super
523 742 556 777 le
578 741 806 788 Seathegate
827 739 871 774 ad
895 739 1071 774 orientem
1099 758 1108 766 ·
1136 739 1462 787 extendentemque
1484 740 1517 776 se
1536 741 1573 777 in
1595 742 1752 790 longitu-

247 800 330 836 dine
356 799 588 849 equipollenti
615 812 696 834 cum
723 803 820 833 terra
841 797 943 832 beate
962 796 1077 833 marie
1103 796 1305 845 supradi&e
1323 817 1332 826 ·
1360 803 1396 834 et
1419 798 1514 834 inter
1532 799 1565 835 le
1592 800 1687 836 Cras
1704 801 1749 837 ad

245 858 389 894 boream
409 871 453 894 ex
470 862 570 906 parte
588 857 700 892 altera
718 875 727 884 ·
754 855 948 891 tenendam
966 860 1002 890 et
1026 854 1226 891 habendam
1245 855 1379 891 dieram
1397 856 1533 904 peciam
1552 862 1647 894 terre
1665 871 1748 894 cum

243 915 467 964 pertinentijs
485 915 552 950 suis
570 915 607 950 in
625 926 751 962 puram
775 918 811 948 et
829 918 1039 961 perpetuam
1058 912 1283 949 elemosinam
1303 913 1396 949 dicte
1415 914 1551 962 capelle
1569 915 1606 951 in
1625 929 1748 964 perpe-

241 980 343 1010 tuum
370 974 459 1009 adeo
478 973 587 1008 libere
606 977 641 1008 et
659 971 777 1019 quiete
795 970 954 1019 plenarie
973 971 1113 1019 integre
1137 976 1173 1006 et
1198 971 1395 1007 honorifice
1421 971 1512 1008 bene
1539 979 1575 1009 et
1599 974 1636 1009 in
1660 987 1746 1022 pace

240 1031 327 1068 sicut
344 1032 461 1079 aliqua
483 1037 580 1067 terra
597 1028 839 1066 elemosinaria
859 1029 965 1064 alicui
983 1027 1127 1065 eeclefie
1145 1029 1238 1065 infra
1255 1042 1408 1077 regnum
1429 1030 1585 1066 nostrum
1605 1045 1626 1067 a
1643 1032 1745 1068 nobis

238 1090 296 1125 seu
320 1103 341 1125 a
367 1087 667 1138 predecessoribus
692 1087 819 1123 nostris
844 1087 991 1123 liberius
1018 1087 1095 1123 dari
1124 1088 1257 1136 poterit
1283 1088 1341 1123 vel
1368 1089 1517 1124 concedi
1543 1090 1658 1126 teneri
1685 1091 1744 1126 seu

237 1147 357 1183 haberi
377 1166 385 1175 ·
415 1146 459 1182 In
479 1147 579 1195 cujus
597 1146 649 1182 rei
663 1145 905 1181 testimonium
923 1145 1125 1194 presentem
1143 1151 1278 1181 cartam
1297 1144 1398 1194 figilli
1416 1146 1524 1182 nostri
1544 1148 1742 1184 munimine

234 1205 381 1241 fecimus
407 1205 569 1241 roborari
594 1224 604 1233 ·
639 1203 802 1240 Testibus
829 1203 1092 1240 venerabilibus
1127 1204 1166 1239 in
1197 1203 1338 1240 Christo
1368 1205 1527 1253 patribus
1559 1205 1741 1243 Willelmo

233 1263 395 1312 episcopo
415 1263 536 1299 Sancti
555 1262 705 1299 Andree
724 1281 733 1290 ·
754 1262 908 1298 Patricio
924 1262 1087 1311 episcopo
1101 1261 1342 1310 Brechynenfi
1360 1263 1575 1299 cancellario
1593 1264 1714 1301 nostro
1729 1285 1736 1293 ·

233 1327 269 1356 et
299 1321 512 1357 Alexandro
543 1321 706 1369 episcopo
739 1319 898 1357 Ross'enfi
925 1339 933 1349 ·
973 1320 1136 1356 Roberto
1169 1320 1356 1356 senescallo
1389 1321 1507 1357 Scotie
1536 1323 1666 1359 comite
1694 1324 1739 1359 de

232 1380 441 1427 Stratheryn
469 1385 601 1428 nepote
630 1378 750 1415 nostro
769 1398 778 1407 ·
811 1378 995 1414 Willelmo
1023 1379 1154 1414 comite
1178 1378 1222 1414 de
1248 1378 1338 1414 Ross
1357 1398 1366 1407 ·
1394 1379 1557 1427 magistro
1576 1380 1737 1417 VValtero

231 1438 273 1473 de
302 1438 485 1474 Wardlaw
509 1437 762 1473 archidiacono
789 1437 979 1473 Laudonie
999 1456 1007 1465 ·
1035 1436 1198 1485 magistro
1227 1436 1440 1472 Alexandro
1463 1438 1539 1474 Bur
1564 1439 1737 1475 archidia-

229 1509 321 1531 cono
348 1495 562 1532 moraviensi
581 1515 589 1524 ·
619 1496 779 1531 Waltero
802 1496 846 1531 de
874 1495 1107 1544 Halyburton
1134 1500 1170 1530 et
1195 1494 1364 1532 Johanne
1394 1495 1514 1544 Herys
1539 1497 1707 1534 militibus
1726 1518 1734 1526 ·

231 1554 342 1600 Apud
361 1554 513 1589 Sconam
533 1554 568 1589 in
587 1554 694 1602 pleno
712 1554 950 1603 parliamento
969 1553 1088 1589 nostro
1107 1553 1239 1589 ibidem
1258 1558 1360 1589 tento
1379 1553 1543 1590 vicesimo
1561 1555 1659 1592 sexto
1678 1556 1735 1592 die

229 1610 400 1647 O&0bris
418 1624 513 1647 anno
532 1612 683 1648 Domini
701 1612 905 1661 supradi6t0
924 1618 960 1648 et
978 1612 1079 1660 regni
1099 1611 1208 1647 nostri
1225 1610 1404 1659 trigesimo
1424 1631 1433 1640 ·

232 1776 434 1826 Refignatio
452 1778 551 1825 pecie
571 1782 666 1813 terre
684 1791 705 1813 a
722 1779 980 1815 communitate
999 1779 1103 1827 burgi
1124 1780 1167 1815 de
1188 1780 1368 1829 Inuernys
1387 1799 1395 1807 ·

226 1893 406 1929 Omnibus
425 1893 487 1928 has
505 1893 625 1929 literas
643 1893 767 1929 visuris
785 1894 842 1930 vel
861 1895 1036 1930 audituris
1049 1895 1241 1943 burgenses
1259 1901 1295 1932 et
1313 1896 1552 1932 communitas
1565 1895 1669 1944 burgi
1685 1897 1729 1932 de

227 1951 404 1999 Inuernys
422 1951 569 1987 salutem
590 1952 625 1986 in
644 1952 802 1987 Domino
820 1952 1069 2001 sempiternam
1086 1973 1094 1982 ·
1114 1954 1269 1990 Noverit
1282 1953 1491 1990 universitas
1504 1953 1618 1990 vestra
1631 1956 1727 2002 quod

224 2022 305 2045 cum
332 2010 389 2058 pie
416 2009 617 2045 devotionis
644 2007 823 2045 fineeritas
846 2010 1014 2046 affe6mm
1042 2012 1151 2047 animi
1173 2010 1374 2048 serenissimi
1398 2012 1567 2060 principis
1591 2012 1727 2048 domini

223 2066 330 2103 nostri
362 2067 498 2102 domini
526 2067 650 2103 David
674 2067 748 2102 Dei
779 2069 894 2115 gratia
924 2069 1034 2116 Regis
1060 2070 1251 2105 Scotorum
1283 2069 1424 2106 illustris
1455 2070 1593 2106 dudum
1623 2070 1726 2106 indu-

222 2131 319 2161 ceret
337 2131 378 2161 ut
395 2125 440 2161 ad
459 2125 746 2161 sustentationem
771 2125 951 2174 cujusdam
977 2127 1151 2175 capellani
1171 2128 1292 2164 divina
1316 2128 1526 2164 celebrantis
1550 2128 1645 2176 apud
1670 2142 1725 2164 ca-
