2060 2660
62 630 131 663 150

40 2194 104 2228 151

560 184 876 222 REGISTRUM
905 185 1268 226 MORAVIENSE.
1589 195 1659 238 167

162 285 284 333 redegi
302 304 311 313 ·
339 284 396 320 hic
422 297 479 320 me
505 283 753 320 subscribendo
778 283 876 332 figno
900 297 980 321 meo
1004 284 1188 333 requifitus
1204 286 1336 335 fignavi
1352 289 1390 325 in
1407 293 1650 339 premissorum

163 342 376 379 evidentiam
397 361 404 369 ·

159 513 217 550 De
235 513 460 550 immunitate
478 520 655 551 terrarum
675 512 981 550 ecclesiasticarum
1003 534 1011 542 ·

158 629 278 665 David
300 629 372 665 Dei
395 630 510 678 gratia
534 630 615 666 Rex
634 629 839 665 Scottorum
858 629 1058 677 justiciariis
1077 649 1085 658 ·
1104 630 1373 667 vicecomitibus
1392 651 1400 659 ·
1420 631 1601 681 prepofitis
1619 640 1653 669 et

157 700 280 724 eorum
307 687 445 723 ballivis
470 707 478 716 ·
507 687 700 735 ceterisque
724 686 885 724 ministris
903 687 1029 723 nostris
1046 688 1091 723 ad
1109 701 1199 736 quos
1217 689 1395 737 presentes
1413 689 1516 726 litere
1534 703 1655 738 perve-

155 745 274 781 nerint
292 745 438 782 salutem
459 766 466 774 ·
496 745 599 782 Licet
616 745 701 781 alias
720 758 764 780 ex
783 744 1039 781 deliberatione
1057 746 1285 794 parliamenti
1304 748 1485 783 communi
1503 748 1655 784 utilitate

154 803 296 851 pensata
314 817 437 840 omnes
454 804 635 840 libertates
656 802 923 850 quibuscunque
944 803 1101 851 personis
1125 804 1169 839 de
1194 816 1290 839 novo
1310 805 1466 841 conceffe
1483 806 1654 853 generali-

154 866 209 896 ter
226 861 360 897 fuerint
377 867 543 897 revocate
562 881 570 890 ·
602 860 646 897 fic
664 860 794 896 scilicet
811 861 908 908 quod
927 861 972 896 ad
990 861 1131 897 servitia
1150 861 1269 897 nostra
1287 862 1516 899 contribuant
1535 883 1543 891 ·
1572 877 1655 899 con-

154 919 306 954 serviant
325 925 361 954 et
379 933 490 955 onera
513 919 660 955 subeant
683 932 765 954 cum
787 918 913 954 vicinis
932 938 940 946 ·
968 932 1043 954 non
1066 924 1187 955 tamen
1214 920 1331 955 extitit
1357 920 1560 956 ordinatum
1589 934 1653 957 nec

155 976 203 1012 est
219 982 281 1012 aut
299 977 366 1013 suit
384 977 492 1012 nostri
515 977 574 1013 seu
598 976 707 1012 nostri
730 976 873 1012 concilii
895 977 1047 1012 intentio
1065 977 1123 1012 vel
1141 977 1309 1013 voluntas
1327 978 1413 1025 quin
1437 983 1531 1014 terre
1549 979 1654 1026 privi-

154 1034 283 1082 legiate
310 1034 354 1070 ab
378 1035 526 1082 antiquo
543 1034 649 1083 juxta
667 1034 820 1083 ipsarum
838 1034 1099 1070 infeodationes
1117 1035 1184 1071 rite
1202 1035 1429 1071 confirmatas
1450 1041 1485 1071 et
1500 1036 1591 1084 juste
1619 1043 1653 1073 et

152 1091 316 1139 legaliter
333 1091 474 1128 ufitatas
492 1092 560 1128 suis
578 1092 800 1128 libertatibus
817 1092 998 1140 gaudeant
1012 1098 1047 1128 et
1061 1093 1098 1128 in
1113 1106 1235 1128 earum
1249 1093 1530 1129 immunitatibus
1544 1094 1652 1131 libere

151 1156 187 1185 et
213 1149 334 1197 quiete
359 1148 545 1186 consistant
564 1170 572 1179 ·
595 1150 693 1198 quod
717 1155 752 1186 et
778 1150 816 1185 in
842 1150 965 1186 eadem
991 1151 1246 1187 deliberatione
1267 1151 1491 1199 parliamenti
1508 1158 1653 1189 cavetur

151 1207 307 1255 expreffe
327 1227 335 1236 ·
365 1208 488 1250 Quare
506 1208 607 1244 vobis
626 1213 661 1245 et
679 1208 832 1244 vestrum
856 1208 1001 1244 cuilibet
1023 1214 1158 1256 quanto
1183 1209 1373 1244 districtius
1399 1209 1578 1257 possumus
1602 1216 1650 1246 te-

149 1278 237 1301 nore
255 1265 470 1314 presentium
489 1266 689 1303 inhibemus
707 1280 753 1302 ne
772 1266 906 1314 aliquas
930 1272 1042 1302 terras
1063 1266 1265 1315 hujusmodi
1288 1280 1357 1314 que
1380 1266 1460 1302 sunt
1482 1268 1649 1316 precipue

147 1324 358 1359 venerabilis
375 1325 484 1372 patris
500 1325 664 1374 Episcopi
679 1323 911 1362 moraviensis
928 1330 990 1360 aut
1008 1325 1160 1360 aliorum
1178 1324 1271 1360 infra
1288 1324 1525 1373 episcopatum
1544 1324 1647 1373 ipfius

146 1381 204 1417 vel
221 1387 322 1417 extra
345 1382 531 1418 existentes
556 1383 601 1418 ad
622 1396 835 1431 quecunque
858 1383 1003 1418 servicia
1026 1382 1143 1418 nostra
1166 1382 1327 1418 facienda
1347 1382 1406 1418 seu
1424 1395 1534 1418 onera
1551 1383 1647 1419 sube-

145 1439 242 1475 unda
268 1440 486 1488 compellatis
513 1446 679 1489 pretextu
707 1441 946 1490 cujuscunque
976 1440 1134 1475 mandati
1164 1439 1364 1476 nostrorum
1393 1439 1645 1476 officiariorum

146 1496 245 1532 vobis
264 1497 441 1545 dirigendi
461 1518 469 1526 ·
490 1498 534 1534 de
552 1499 679 1546 quibus
697 1499 892 1546 antiquitus
911 1503 1101 1534 exonerate
1117 1498 1263 1533 suerunt
1277 1502 1313 1533 et
1325 1497 1435 1533 libere
1453 1511 1517 1543 per
1534 1498 1644 1534 infeo-

147 1555 307 1591 dationes
333 1561 373 1591 ut
399 1556 503 1604 supra
522 1576 529 1584 ·
559 1556 673 1605 Cujus
700 1556 871 1592 libertatis
898 1555 1147 1603 allegationem
1167 1555 1283 1591 debite
1301 1554 1590 1590 manifestandam
1609 1562 1644 1591 et

145 1613 298 1650 fideliter
320 1615 518 1650 faciendam
543 1615 592 1651 eis
620 1615 681 1663 qui
709 1616 771 1651 tali
802 1615 963 1651 libertate
991 1614 1148 1662 gaudere
1172 1613 1354 1649 voluerint
1376 1626 1441 1661 per
1466 1613 1643 1661 presentes

144 1671 362 1720 injungimus
390 1678 425 1708 et
450 1686 514 1721 per
541 1687 605 1709 vos
631 1673 771 1722 injungi
798 1673 964 1708 volumus
991 1671 1052 1707 sub
1080 1685 1173 1720 pena
1201 1669 1390 1707 amissionis
1421 1683 1545 1706 eorum
1574 1684 1642 1719 que

144 1742 227 1777 erga
254 1743 321 1766 nos
349 1731 386 1766 in
414 1730 479 1767 hac
510 1737 612 1778 parte
643 1731 757 1767 amitti
788 1735 958 1779 poterunt
987 1728 1012 1765 fi
1042 1730 1086 1765 de
1117 1729 1297 1765 contrario
1324 1728 1442 1765 valeat
1472 1729 1640 1765 edoceri·

142 1787 280 1823 Datum
305 1788 367 1825 sub
394 1788 527 1825 secreto
553 1788 665 1838 figillo
693 1789 811 1825 nostro
838 1789 933 1837 apud
953 1787 1126 1824 Aberden
1154 1807 1162 1816 ·
1194 1792 1321 1836 quarto
1345 1787 1402 1823 die
1424 1785 1549 1822 menfis
1568 1786 1640 1823 De—

125 1842 289 1881 cembris
306 1860 402 1883 anno
420 1847 524 1895 regni
541 1847 650 1884 nostri
669 1846 933 1896 quadragefimo
953 1867 961 1875 ·
986 1846 1155 1883 videlicet
1172 1859 1268 1882 anno
1287 1845 1439 1881 Domini
1456 1843 1637 1881 millefimo

141 1907 236 1940 ·ccc0·
255 1904 466 1953 sexagesimo
485 1919 584 1941 nono
605 1925 612 1934 ·

138 2074 317 2113 Statutum
336 2078 380 2114 de
399 2078 614 2115 cariantibus
634 2099 641 2107 ·

134 2191 409 2230 memorandum
437 2195 535 2242 quod
559 2208 654 2230 anno
682 2193 834 2230 Domini
861 2192 1045 2230 millefimo
1073 2197 1171 2230 ·ccc0·
1194 2191 1405 2241 sexagefimo
1431 2205 1528 2227 nono
1547 2211 1554 2219 ·
1574 2192 1629 2227 die

134 2249 303 2286 mercurii
320 2252 358 2287 in
376 2253 491 2300 prima
508 2253 702 2301 septimana
719 2251 982 2300 quadragesime
1006 2252 1044 2287 in
1070 2250 1212 2288 ecclefia
1233 2250 1427 2299 parochiali
1450 2250 1494 2285 de
1512 2249 1628 2297 Elgyn

133 2307 361 2345 moraviensis
379 2309 523 2346 diocefis
541 2311 578 2346 in
597 2310 754 2359 capitulo
772 2310 932 2359 generali
950 2310 1128 2347 celebrato
1153 2309 1282 2345 ibidem
1310 2328 1318 2336 ·
1347 2306 1541 2356 prefidente
1567 2306 1628 2342 do-
