1980 2758
226 1113 268 1145 13

310 160 353 190 10
701 154 1015 192 REGISTRUM
1042 152 1407 190 MORAVIENSE.

307 252 410 287 nibus
426 252 541 288 tocius
564 258 659 289 terre
681 253 740 288 sue
763 253 898 289 clericis
920 258 955 288 et
973 252 1069 288 laicis
1086 251 1233 287 salutem
1261 269 1269 278 ·
1298 250 1418 286 Sciant
1436 249 1614 297 presentes
1632 255 1667 286 et
1686 250 1797 287 futuri

306 322 363 345 me
381 309 509 345 dediss'e
526 308 721 346 conceffiffe
740 315 775 346 et
791 310 857 345 hac
875 315 972 345 carta
988 322 1067 344 mea
1084 307 1302 343 confirmass'e
1323 306 1480 341 Ricardo
1499 306 1660 356 episcopo
1679 310 1797 344 (Dora-

306 365 414 402 vienfi
431 372 466 403 et
485 367 730 404 succefforibus
747 367 814 402 suis
831 367 1093 415 imperpetuum
1118 384 1126 393 ·
1153 363 1329 400 ecclefiam
1349 364 1392 398 de
1412 363 1546 411 Foreys
1564 369 1600 399 et
1617 364 1796 400 ecclefiam

307 424 351 459 de
370 424 451 472 Dyc
470 443 479 452 ·
498 425 534 460 in
552 425 655 460 terris
673 430 708 460 et
726 424 869 460 decimis
891 429 927 459 et
948 423 1073 458 ceteris
1098 421 1373 457 obventionibus
1397 419 1628 457 ecclefiasticis
1652 427 1688 458 et
1714 436 1795 459 cum

306 481 470 516 omnibus
483 494 603 517 earum
616 481 716 529 justis
730 480 953 529 pertinentiis
968 499 976 507 ·
991 479 1163 515 tenendas
1176 478 1213 513 in
1227 478 1373 513 liberam
1392 482 1429 513 et
1441 483 1650 526 perpetuam
1668 479 1797 515 elemo-

306 536 412 574 finam
427 558 436 566 ·
452 539 499 574 ita
516 538 625 574 libere
643 544 678 574 et
696 538 812 585 quiete
827 556 836 565 ·
854 537 1011 585 plenarie
1030 541 1065 571 et
1083 535 1278 570 honorifice
1291 554 1300 562 ·
1312 533 1399 570 ficut
1416 535 1541 582 aliquis
1560 536 1742 584 episcopus
1760 538 1796 572 in

305 601 381 631 tota
397 601 493 631 terra
509 609 588 631 mea
604 596 756 642 aliquam
775 592 952 630 ecclefiam
966 593 1110 628 liberius
1129 611 1137 621 ·
1157 592 1315 639 quiecius
1334 611 1342 619 ·
1357 591 1496 640 plenius
1511 597 1546 628 et
1560 593 1796 630 honorificen-

305 653 379 688 cius
403 658 501 688 tenet
524 659 558 688 et
575 651 723 701 possidet
746 671 754 680 ·
782 651 943 687 Testibus
961 651 1090 685 comite
1110 649 1230 684 David
1256 649 1365 684 fratre
1392 661 1473 685 meo
1502 668 1510 677 ·
1535 648 1583 686 A·
1609 650 1734 687 abbate
1752 652 1796 687 de

307 710 579 758 Dumfcrmelyn
594 729 603 737 ·
620 709 779 757 Hugone
791 708 1000 744 cancellario
1019 720 1099 742 meo
1119 726 1127 735 ·
1147 707 1277 742 comite
1293 706 1495 742 Dunecano
1510 726 1519 735 ·
1534 708 1664 743 comite
1684 708 1795 744 Patri-

305 767 359 802 cio
375 786 383 794 ·
398 768 527 802 comite
546 767 721 814 Gylberto
736 786 744 794 ·
760 766 807 802 G·
827 766 955 801 comite
974 765 1017 800 de
1036 767 1117 801 <Dar
1135 783 1143 791 ·
1165 764 1327 799 Roberto
1346 764 1390 799 de
1409 763 1569 800 Lundon
1589 784 1597 793 ·
1613 765 1794 802 willelmo

306 824 437 860 Cumin
457 836 465 845 ·
485 824 664 860 Willelmo
682 824 754 859 filio
774 822 930 871 Freikyn
944 841 953 850 ·
974 821 1133 870 Hugone
1152 821 1226 856 filio
1244 821 1305 857 suo
1325 840 1333 849 ·
1355 820 1468 869 Apud
1486 822 1594 870 Elgin
1609 842 1617 850 ·

306 996 414 1031 Carta
432 995 626 1032 molendini
645 995 688 1030 de
708 995 815 1042 Elgin
830 1013 838 1022 ·

305 1110 372 1144 ·W·
401 1110 472 1146 Dei
497 1110 610 1157 gratia
638 1110 717 1145 Rex
744 1108 946 1145 Scottorum
974 1108 1142 1156 episcopis
1161 1127 1169 1136 ·
1188 1107 1373 1143 abbatibus
1391 1127 1399 1136 ·
1418 1109 1607 1144 comitibus
1626 1128 1634 1136 ·
1652 1109 1792 1145 baroni-

303 1169 366 1203 bus
385 1187 392 1195 ·
414 1167 612 1215 justiciariis
631 1187 639 1194 ·
658 1167 924 1202 vicecomitibus
943 1185 951 1194 ·
976 1164 1159 1214 prepofitis
1177 1185 1186 1193 ·
1207 1165 1370 1201 ministris
1389 1185 1398 1194 ·
1418 1172 1453 1201 et
1480 1166 1644 1202 omnibus
1672 1168 1791 1215 probis

302 1225 501 1260 hominibus
528 1225 641 1260 tocius
668 1229 763 1259 terre
789 1224 847 1260 sue
878 1224 1013 1259 clericis
1047 1228 1082 1259 et
1112 1223 1209 1258 laicis
1244 1223 1391 1259 salutem
1427 1242 1436 1251 ·
1469 1223 1588 1260 Sciant
1616 1224 1792 1272 presentes

301 1287 335 1316 et
348 1282 457 1316 futuri
469 1295 525 1317 me
540 1282 667 1317 dediss'e
680 1280 874 1317 conceflifl'e
889 1286 924 1317 et
941 1281 1007 1316 hac
1024 1281 1178 1329 presenti
1192 1285 1290 1316 carta
1307 1294 1387 1316 mea
1400 1281 1618 1317 confirmafl'e
1634 1282 1791 1318 Ricardo

300 1339 459 1386 episcopo
479 1339 639 1375 moravie
656 1344 697 1374 ut
714 1339 831 1374 firmet
849 1339 1095 1374 molendinum
1111 1338 1211 1374 suum
1226 1338 1329 1386 super
1342 1343 1475 1374 terram
1493 1352 1607 1374 meam
1627 1339 1671 1374 de
1689 1340 1791 1388 supra

300 1396 422 1431 crohas
448 1410 516 1443 quc
542 1396 621 1432 sunt
646 1396 748 1445 super
770 1395 910 1445 Loscyn
934 1396 1054 1432 subtus
1078 1395 1258 1432 castellum
1280 1396 1324 1431 de
1343 1396 1453 1444 Elgin
1471 1415 1480 1424 ·
1500 1395 1661 1433 Concessi
1684 1397 1790 1433 etiam

300 1459 335 1488 et
361 1454 425 1489 hac
452 1467 531 1489 mea
548 1458 643 1490 carta
661 1454 868 1490 confirmavi
886 1454 1002 1490 eidem
1022 1453 1180 1490 Ricardo
1198 1453 1361 1502 episcopo
1388 1458 1424 1489 et
1449 1454 1698 1490 succefforibus
1715 1455 1791 1503 ejus

301 1511 336 1545 in
354 1516 564 1558 perpetuum
579 1530 588 1539 ·
602 1517 643 1547 ut
661 1512 704 1547 de
722 1517 799 1547 toto
816 1511 920 1547 bosco
937 1511 999 1547 suo
1017 1511 1055 1547 in
1073 1511 1236 1548 moravia
1248 1530 1256 1539 ·
1271 1511 1368 1559 quod
1385 1511 1492 1547 habet
1508 1512 1547 1546 in
1564 1511 1692 1547 foresto
1710 1525 1790 1548 meo

301 1568 393 1602 circa
411 1567 527 1616 Elgyn
544 1573 580 1603 et
603 1568 734 1616 Forays
752 1574 787 1604 et
807 1568 983 1618 Inuernys
1005 1588 1013 1597 ·
1035 1567 1098 1618 ipfi
1115 1574 1151 1605 et
1167 1568 1330 1605 homines
1355 1581 1482 1605 eorum
1508 1568 1661 1605 habeant
1686 1568 1790 1617 ayfia-

301 1630 460 1659 mentum
480 1625 523 1660 de
540 1626 683 1662 materie
702 1632 737 1661 et
753 1626 858 1662 focali
875 1625 945 1662 fine
962 1627 1080 1674 aliqua
1097 1626 1286 1662 vexatione
1302 1626 1361 1662 vel
1384 1626 1542 1662 molestia
1559 1627 1604 1662 ad
1626 1627 1790 1675 proprios

301 1681 380 1716 usus
392 1682 469 1717 suos
484 1702 492 1709 ·
504 1682 552 1718 ita
563 1684 659 1730 quod
670 1683 759 1719 nulli
769 1684 968 1720 vicinorum
979 1684 1123 1720 suorum
1135 1684 1239 1720 liceat
1250 1683 1383 1732 aliquid
1396 1683 1479 1719 inde
1494 1696 1619 1732 capere
1631 1682 1693 1718 nifi
1705 1697 1785 1719 curn

302 1738 443 1774 licentia
461 1752 583 1775 eorum
604 1759 611 1767 -
630 1753 696 1776 nec
715 1741 819 1776 etiam
837 1741 940 1777 liceat
958 1742 1063 1778 alicui
1080 1741 1343 1778 forestariorum
1366 1754 1529 1777 meorum
1554 1741 1598 1777 de
1624 1742 1787 1789 predicto

301 1796 403 1831 bosco
421 1796 552 1843 aliquid
578 1798 662 1833 darc
679 1798 736 1833 vel
753 1799 918 1841 vendere,
938 1798 1008 1835 fine
1026 1812 1150 1835 eorum
1169 1799 1355 1835 voluntate
1384 1818 1393 1827 ·
1422 1799 1528 1835 Salvo
1547 1804 1667 1834 tamen
1685 1798 1789 1846 ayfiae

302 1859 422 1888 mento
441 1853 664 1902 burgenfium
689 1868 849 1891 meorum
869 1857 912 1892 de
936 1856 1054 1905 Elgyn
1072 1862 1108 1892 et
1131 1856 1175 1892 de
1194 1856 1327 1904 Forays
1345 1861 1381 1892 et
1403 1856 1447 1892 de
1466 1855 1644 1904 Inuernys
1671 1875 1680 1884 ·
1702 1854 1788 1892 ficut

301 1910 428 1946 habere
454 1911 610 1947 solebant
635 1918 794 1961 tempore
823 1913 931 1961 Regis
954 1914 1074 1950 David
1100 1914 1157 1950 avi
1184 1914 1254 1949 mei
1277 1933 1286 1942 ·
1308 1919 1371 1950 aut
1387 1913 1680 1962 tempore-Regis
1698 1913 1787 1951 mal-

300 1967 404 2002 colmi
432 1968 547 2003 fratris
574 1970 642 2005 mei
669 1989 677 1997 ·
704 1975 767 2005 aut
792 1982 871 2006 meo
897 1976 1057 2019 tempore
1085 1990 1094 1999 ·
1123 1971 1291 2007 Preterea
1308 1970 1457 2007 concessi
1479 1971 1643 2019 predicto
1663 1970 1785 2006 Ricar-

301 2025 347 2059 do
375 2025 534 2073 episcopo
560 2032 601 2061 ut
631 2026 700 2074 ipsc
726 2027 763 2061 in
788 2028 924 2075 prefato
950 2028 1052 2064 bosco
1078 2029 1139 2064 suo
1166 2029 1385 2077 pannagium
1409 2028 1511 2064 suum
1540 2026 1600 2063 fibi
1626 2028 1787 2075 quietum

300 2081 426 2117 habeat
461 2102 469 2110 -
505 2088 540 2118 et
566 2084 635 2131 ipsc
661 2084 788 2119 habeat
813 2085 1028 2132 pannagium
1054 2086 1241 2121 hominum
1266 2086 1410 2122 suorum
1447 2104 1456 2113 ·
1493 2083 1653 2121 Concessi
1680 2085 1786 2120 etiam

300 2138 414 2174 eidem
442 2139 598 2175 Ricardo
625 2141 785 2189 episcopo
812 2146 847 2176 et
873 2142 1118 2178 succefforibus
1144 2143 1219 2192 ejus
1249 2143 1288 2178 in
1319 2147 1532 2192 perpetuum
1561 2147 1603 2177 ut
1632 2141 1786 2178 habeant

301 2194 359 2230 fibi
384 2201 420 2231 et
447 2196 647 2233 hominibus
674 2198 740 2233 suis
765 2198 939 2246 pasturam
965 2199 1003 2234 in
1028 2200 1190 2248 predicto
1216 2201 1320 2237 bosco
1348 2200 1410 2236 suo
1438 2200 1487 2235 ita
1513 2199 1622 2235 libere
1654 2205 1690 2235 et
1714 2199 1786 2247 ple-

301 2253 398 2289 narie
424 2252 510 2290 ficut
534 2255 764 2292 antecess'ores
794 2256 844 2292 sui
868 2256 1069 2293 habuerunt
1097 2257 1241 2294 liberius
1269 2263 1305 2294 et
1330 2257 1470 2306 plenius
1494 2262 1656 2305 tempore
1676 2256 1786 2304 Regis
