1912 2660
98 1351 171 1388 262

598 163 915 201 REGISTRUM
942 164 1302 201 MORAVIENSE.
1616 172 1687 208 339

204 270 319 301 torem
337 282 346 292 ·
373 275 478 311 quem
496 262 600 298 Prior
617 262 800 310 predififfls
816 262 894 298 vice
911 262 972 297 sua
989 267 1025 297 et
1041 262 1119 297 vice
1144 267 1180 297 et
1200 263 1368 298 mandato
1394 263 1572 299 difitorum
1595 278 1689 301 com-

202 321 501 370 promiffariorum
515 324 551 356 et
563 320 642 355 vice
660 319 775 355 tocius
792 319 938 367 capituli
955 319 994 353 in
1012 318 1107 354 dicte
1123 317 1263 354 ecclesie
1276 319 1392 355 nostre
1407 320 1527 355 Sancti
1541 320 1688 357 Andree

203 379 401 427 episcopum
419 377 527 425 elegit
545 377 582 412 in
599 377 695 412 hunc
714 376 860 412 modum
876 395 885 404 ·
911 375 991 422 Ego
1007 374 1030 410 J
1032 375 1190 411 ohannes
1205 376 1302 423 prior
1314 376 1435 412 Sanfifi
1449 377 1595 413 Andree
1612 378 1688 413 vice

202 448 281 471 mea
298 440 334 470 et
350 434 427 470 vice
441 439 477 470 et
494 435 662 470 mandato
677 434 735 470 sex
749 433 1131 481 compromifl'ariorum
1145 445 1307 468 meorum
1326 438 1361 468 et
1376 433 1453 469 vice
1469 434 1583 469 tocius
1600 435 1690 482 capi-

201 492 268 527 tuli
294 491 495 539 magistrum
523 491 594 526 -w-
619 490 803 526 Wischard
828 490 1117 525 archidiaconum
1145 490 1267 526 Sancti
1297 490 1443 526 Andree
1470 490 1689 537 capellanum

202 548 337 585 domini
355 548 450 596 Pape
477 549 570 596 eligo
596 548 635 583 in
657 546 760 596 ipsius
786 545 927 583 ecclefie
952 546 1069 583 nostre
1094 547 1295 595 episcopum
1321 552 1357 583 et
1377 546 1549 595 pastorem
1567 566 1576 575 ·
1609 547 1689 590 Que

201 605 344 653 quidem
370 605 499 641 electio
525 605 593 641 fuit
618 619 639 641 a
663 605 767 641 nobis
791 605 955 640 omnibus
973 609 1008 640 et
1025 603 1169 651 singulis
1186 608 1367 652 acceptata
1385 623 1394 632 ·
1416 609 1452 640 et
1468 604 1690 652 postmodum

200 663 439 699 incontinenti
455 663 523 699 suit
539 676 604 712 per
621 662 775 699 eundem
795 662 956 698 Priorem
974 661 1202 707 solempniter
1215 661 1393 709 publicata
1407 680 1415 689 ·
1441 661 1511 698 Cui
1524 661 1690 697 eleetioni

200 720 316 756 dietus
342 720 629 757 Archidiaconus
654 718 699 756 fic
725 720 860 755 eleetus
882 719 927 755 ad
950 732 1117 767 magnam
1139 719 1290 766 ipsarum
1308 719 1467 767 parcium
1487 718 1690 754 instanciam

198 777 281 813 licet
307 791 389 813 cum
413 791 544 826 magna
569 777 776 814 difficultate
801 775 971 812 consenfit
990 796 998 804 ·
1029 776 1151 818 Quare
1174 776 1352 811 sanfifitati
1375 775 1487 812 vestre
1511 776 1690 812 humiliter

199 834 433 883 supplicamus
451 841 487 871 et
505 836 634 872 devote
651 835 818 883 quatinus
835 835 880 870 de
896 834 1116 882 benignitate
1135 834 1223 869 sedis
1240 833 1426 881 apostolice
1449 832 1580 868 &fitam
1602 833 1691 869 elec-

198 891 333 928 tionem
356 897 430 928 tam
453 893 679 929 concorditer
697 898 733 928 et
751 892 794 928 de
812 891 960 940 persona
977 892 1117 940 ydonea
1134 891 1347 927 celebratam
1365 890 1579 926 auctoritate
1596 891 1692 939 apos-

198 949 305 984 tolica
329 950 526 997 dignemini
549 950 760 985 confirmare
779 968 787 977 =
816 948 879 984 Ad
902 948 1002 997 cujus
1026 948 1212 984 electionis
1235 948 1547 984 confirmacionem
1570 953 1691 996 peten-

198 1005 280 1041 dam
304 1006 478 1042 mittimus
501 1007 547 1042 ad
570 1007 678 1055 pedes
703 1006 898 1042 sanctitatis
920 1005 1031 1042 vestre
1055 1005 1115 1041 -N-
1138 1018 1226 1053 quos
1244 1010 1494 1054 procuratores
1511 1005 1690 1041 constitui-

198 1075 276 1098 mus
295 1082 303 1091 ·
332 1063 378 1099 In
395 1064 496 1112 cujus
514 1064 567 1100 rei
584 1063 825 1100 testimonium
843 1068 910 1099 etc·

198 1235 477 1272 Instrumentum
494 1236 597 1284 super
615 1236 791 1272 616ἇὶίοη6
810 1235 974 1284 Episcopi
992 1232 1225 1270 Waradienfis
1239 1252 1248 1262 ·

198 1351 244 1387 In
260 1351 406 1386 nomine
424 1350 574 1386 Domini
591 1363 696 1386 amen
714 1369 723 1378 ·
751 1350 876 1386 Pateat
893 1349 1057 1385 omnibus
1075 1349 1258 1385 evidenter
1275 1348 1372 1396 quod
1398 1348 1467 1384 hoc
1495 1349 1543 1385 est
1569 1363 1685 1387 exem-

196 1408 294 1456 plum
323 1408 545 1455 quarundam
568 1407 753 1443 literarum
770 1407 880 1443 felicis
896 1406 1159 1442 recordacionis
1177 1406 1312 1442 domini
1331 1406 1478 1443 martini
1503 1419 1592 1455 pape
1611 1409 1683 1444 ·iiii·

195 1470 417 1513 repertarum
434 1465 472 1500 in
495 1464 641 1512 registro
668 1464 772 1513 ipfius
796 1464 939 1500 secundi
967 1464 1051 1499 anni
1075 1463 1302 1511 pontificatus
1325 1463 1480 1511 ejusdem
1498 1483 1507 1492 ·
1534 1478 1684 1511 quarum

195 1528 301 1558 tenor
318 1522 396 1557 talis
414 1521 462 1557 est
473 1541 481 1550 ·
508 1522 781 1558 Venerabilibus
794 1521 960 1557 fratribus
973 1520 1249 1568 Archiepiscopo
1262 1519 1447 1556 Colocenfi
1461 1539 1470 1548 ·
1486 1526 1522 1556 et
1533 1521 1685 1557 Batienfi

194 1592 235 1615 ac
253 1578 459 1615 Sumenenfi
477 1579 708 1627 [Sezemenst
717 1578 758 1623 52]
778 1584 813 1614 et
832 1576 1068 1613 Chonadienfi
1086 1577 1252 1624 episcopis
1267 1596 1275 1604 ·
1306 1577 1405 1613 Sicut
1423 1577 1574 1613 dilefims
1591 1578 1685 1614 filius

194 1635 353 1671 Thomas
366 1636 502 1671 electus
516 1640 551 1671 et
565 1636 760 1683 capitulum
767 1634 993 1670 VVaradiense
1005 1634 1107 1669 nobis
1119 1632 1313 1681 fignificare
1327 1639 1499 1669 curarunt
1510 1653 1519 1662 ·
1534 1641 1683 1671 vacante

194 1693 329 1729 dudum
345 1691 562 1728 lVaradienfi
576 1691 718 1728 ecclefia
734 1705 797 1740 per
814 1690 1077 1727 transsationem
1092 1690 1301 1726 venerabilis
1313 1691 1430 1726 fratris
1443 1691 1551 1726 nostri
1565 1692 1684 1728 Lodo-

193 1750 292 1798 merij
320 1750 571 1796 archiepiscopi
594 1748 884 1798 Strygouenenfis
906 1754 993 1784 tunc
1011 1746 1257 1784 VVardenenfis
1274 1747 1424 1796 episcopi
1441 1748 1485 1783 ad
1504 1748 1682 1785 ecclefiam

193 1807 514 1856 Strygouenensem
532 1826 541 1835 ·
571 1807 680 1843 iidem
706 1807 843 1842 dustum
861 1806 1041 1842 Thomam
1061 1811 1147 1841 tunc
1167 1803 1380 1853 prepositum
1399 1804 1540 1842 ecclefie
1559 1806 1681 1843 Sancti

193 1865 388 1913 mychaelis
402 1865 445 1900 de
458 1864 580 1901 Castro
595 1864 728 1900 Ferreo
739 1864 763 1901 J
764 1862 929 1899 aurienfis
943 1861 1086 1899 diocefis
1102 1863 1141 1898 in
1154 1875 1279 1898 eorum
1293 1862 1493 1911 episcopum
1511 1865 1680 1901 canonice

193 1927 229 1957 et
251 1922 476 1958 concorditer
500 1922 686 1970 elegerunt
704 1927 739 1957 et
756 1921 820 1957 tibi
837 1921 946 1957 frater
965 1919 1239 1968 Archiepiscope
1256 1924 1342 1955 tunc
1361 1919 1546 1956 Colocenfi
1563 1921 1679 1958 electo

193 1984 229 2015 et
246 1998 407 2008 ·······
425 1979 495 2015 loci
513 1979 788 2027 metropolitano
807 1978 982 2014 electione
1000 1977 1201 2026 hujusmodi
1217 1977 1415 2025 presentata
1431 1977 1528 2013 illam
1551 1979 1678 2014 confir-

192 2037 281 2072 mari
298 2037 502 2085 petiverunt
519 2049 601 2072 cum
619 2036 782 2072 instantia
799 2055 808 2064 ·
827 2035 886 2071 sed
902 2034 1113 2072 venerabilis
1129 2034 1238 2070 frater
1255 2034 1371 2070 noster
1390 2034 1572 2083 Philippus
1596 2036 1679 2084 epis-

192 2106 301 2142 copus
319 2094 507 2129 Firmanus
524 2094 562 2129 in
579 2093 647 2129 illis
664 2093 823 2142 partibus
840 2092 1027 2141 apostolice
1044 2092 1133 2127 sedis
1150 2091 1287 2139 legatus
1304 2092 1453 2127 afferens
1470 2092 1566 2139 quod
1583 2093 1677 2129 idem

192 2149 350 2186 Thomas
362 2150 618 2199 prepofituram
629 2150 732 2197 ipfius
743 2149 884 2187 ecclesie
896 2150 940 2186 de
953 2149 1075 2186 Castro
1082 2149 1114 2185 F
1113 2162 1214 2185 erreo
1226 2149 1301 2197 post
1310 2149 1476 2197 generale
1487 2149 1676 2185 concilium

192 2206 428 2255 Lugdonense
448 2209 564 2244 suerat
587 2209 758 2244 afl'ecutus
776 2227 785 2236 ·
811 2213 847 2244 et
863 2207 969 2256 juxta
988 2212 1152 2243 tenorem
1176 2206 1433 2242 constitutionis
1450 2206 1487 2241 in
1504 2206 1576 2251 ipso
1594 2219 1675 2241 con-

191 2263 273 2300 cilio
300 2265 393 2302 edite
419 2279 483 2314 per
510 2265 620 2302 felicis
646 2265 903 2302 recordationis
926 2263 1147 2312 Gregorium
1174 2276 1301 2312 papam
1328 2277 1373 2298 ·x·
1401 2263 1673 2311 predecessorem
