1912 2660
671 96 849 132 CARTE
877 97 1214 134 ORIGINALES.
1606 106 1676 137 455

193 198 291 233 Cura
317 195 495 245 pastoralis
512 204 579 230 nos
597 199 779 230 ammonet
805 199 840 230 et
863 199 1049 230 exortatur
1073 200 1108 230 et
1134 209 1178 231 ex
1203 197 1354 245 suscepte
1371 198 1679 235 administrationis

192 255 312 290 debito
330 265 567 302 provocamur
591 252 836 300 religiosorum
858 252 949 287 votis
975 252 1162 288 intendere
1189 258 1224 288 et
1250 267 1310 289 eos
1335 261 1461 291 contra
1485 256 1679 304 malignan-

191 312 281 348 tium
300 311 446 347 insultus
464 315 636 357 quantum
655 310 835 357 possumus
853 310 1074 345 communire
1093 329 1101 337 -
1130 310 1206 345 Illis
1220 316 1337 346 autem
1356 312 1534 359 specialius
1552 313 1678 361 majori

191 369 342 416 quadam
364 367 591 416 prerogativa
616 367 807 414 providere
834 367 1003 402 debemus
1029 368 1089 414 qui
1115 367 1217 402 nobis
1239 367 1365 416 majori
1388 373 1557 404 tenentur
1580 371 1680 406 affec-

191 426 288 461 tione
306 425 436 460 annexi
455 443 463 452 ·
490 429 526 460 et
543 424 604 471 qui
622 424 842 471 frequentius
860 437 925 472 pro
945 423 1048 460 Cristi
1066 426 1212 460 nomine
1230 425 1323 460 inter
1344 425 1527 461 malivolas
1545 427 1679 462 animas

190 482 369 519 constituti
394 487 467 517 tam
493 481 532 517 in
558 482 591 517 se
618 495 723 529 quam
748 482 786 517 in
808 482 915 517 rebus
941 481 1009 517 suis
1032 482 1238 517 vexationes
1261 482 1428 518 sustinent
1450 487 1485 518 et
1506 483 1651 531 injurias
1670 503 1678 511 ·

189 553 259 588 quo
286 540 402 575 minus
428 540 466 574 in
493 539 618 575 ordine
642 539 798 587 suscepto
822 552 864 574 ea
884 552 954 587 qua
978 539 1120 575 deceret
1144 539 1336 575 devotione
1355 540 1437 575 Deo
1459 541 1595 588 possent
1617 541 1680 575 im-

188 598 346 645 pendere
369 596 580 632 samulatum
601 615 609 624 ·
634 596 787 632 Dilectis
814 596 933 643 itaque
960 596 1041 645 filijs
1066 596 1191 632 nostris
1217 597 1335 632 abbati
1366 602 1402 633 et
1431 598 1612 633 monachis
1636 598 1680 633 de

191 654 330 702 Kynlos
348 667 429 690 cum
445 654 542 689 omni
562 654 754 689 devotione
773 659 809 689 et
823 654 1013 689 dilectione
1028 654 1065 689 in
1079 655 1147 690 suis
1158 654 1259 702 justis
1277 655 1506 702 petitionibus
1519 655 1680 691 volentes

188 712 301 748 adeffe
320 731 329 739 ·
348 716 422 747 tam
440 724 500 747 eos
519 724 622 758 quam
651 724 775 746 eorum
802 710 1023 759 pofl'effiones
1048 712 1225 747 universas
1251 712 1312 747 sub
1338 711 1455 747 nostra
1481 712 1680 760 suscipimus

187 769 412 818 prote<ffione
435 788 443 797 ·
471 769 624 817 presenti
649 769 778 816 scripto
805 768 995 804 statuentes
1021 774 1062 804 ut
1089 769 1253 804 omnibus
1279 768 1500 805 libertatibus
1526 775 1562 805 et
1587 783 1680 805 com-

187 826 418 862 moditatibus
444 826 570 873 quibus
596 839 617 861 a
641 826 756 874 prima
781 826 992 862 fundatione
1015 840 1036 861 a
1058 827 1151 862 bone
1169 827 1340 862 memorie
1359 827 1479 863 David
1498 827 1679 874 quondam

188 884 290 931 Rege
316 889 351 919 et
379 883 572 920 malcolmo
591 888 626 918 et
646 883 826 918 Willelmo
850 883 993 930 regibus
1012 883 1130 919 Scotie
1157 884 1312 931 ejusdem
1337 884 1458 920 David
1484 884 1679 920 succeffori-

186 940 251 976 bus
263 960 271 969 ·
291 940 368 989 alijs
382 953 523 988 quoque
541 941 601 987 qui
620 941 669 976 eis
687 940 821 975 intuitu
838 940 1020 987 religionis
1034 941 1166 988 aliquid
1180 942 1413 977 contulerunt
1424 960 1433 969 ·
1453 954 1513 977 eos
1528 942 1679 977 donatos

186 998 253 1033 effe
273 998 466 1033 constiterit
485 998 593 1033 libere
612 998 661 1032 eis
678 997 732 1032 uti
751 998 854 1032 liceat
872 1002 908 1032 et
925 998 1081 1045 gaudere
1100 1017 1109 1026 ·
1140 998 1345 1046 Specialiter
1369 1004 1487 1035 autem
1512 1012 1555 1034 ex
1582 1000 1678 1035 dono

185 1055 425 1103 prenominati
444 1054 565 1090 David
586 1054 725 1102 Kynlos
743 1059 780 1089 et
794 1054 1087 1090 Inuerlochethin
1109 1068 1172 1102 per
1195 1061 1308 1091 rectas
1335 1056 1458 1091 divisas
1482 1056 1557 1091 suas
1576 1076 1584 1084 ·
1610 1062 1678 1092 ter-

186 1125 261 1147 ram
276 1125 417 1159 quoque
431 1124 535 1159 quam
552 1112 622 1159 ipse
635 1111 716 1147 Rex
729 1111 849 1146 David
865 1112 913 1147 eis
927 1112 1185 1159 perambulavit
1199 1112 1284 1148 ficut
1299 1113 1434 1148 rivulus
1449 1114 1627 1149 descendit
1640 1114 1677 1149 in

187 1169 314 1204 Maffat
333 1174 368 1204 et
385 1167 471 1204 ficut
494 1167 639 1203 maresia
657 1168 837 1204 descendit
855 1169 899 1203 ad
923 1182 1048 1204 nemus
1063 1188 1071 1197 ·
1091 1175 1127 1205 et
1144 1175 1274 1205 terram
1295 1170 1397 1218 super
1419 1183 1524 1217 quam
1544 1171 1676 1207 Scottie

186 1226 431 1261 molendinum
451 1225 561 1261 stabat
575 1239 655 1261 cum
674 1226 828 1274 piscarijs
847 1231 882 1261 et
900 1226 1157 1275 omnibus·alijs
1176 1228 1221 1262 ad
1244 1228 1438 1273 predictam
1453 1233 1585 1263 terram
1599 1241 1676 1276 per-

184 1283 379 1319 tinentibus
399 1302 407 1310 ·
435 1287 471 1318 et
497 1288 628 1319 terram
654 1283 726 1319 Eth
753 1296 859 1330 quam
883 1283 1038 1319 Tvethel
1061 1284 1178 1319 tenuit
1207 1297 1270 1332 per
1295 1285 1430 1320 easdem
1463 1285 1586 1321 divisas
1613 1299 1676 1334 per

184 1353 270 1387 quas
288 1340 357 1388 ipse
372 1341 509 1376 tenuit·
529 1345 564 1376 et
577 1353 691 1376 unum
705 1345 781 1376 rete
795 1341 832 1375 in
846 1354 937 1388 aqua
951 1341 994 1376 de
1007 1341 1105 1377 Eren
1117 1360 1125 1369 ·
1145 1347 1181 1377 et
1195 1342 1336 1377 boscum
1352 1342 1395 1377 de
1409 1342 1520 1378 Inche
1534 1343 1654 1378 damin
1666 1362 1674 1371 ·

184 1397 241 1433 Ex
260 1398 356 1433 dono
375 1396 557 1435 malcolmi
577 1398 687 1445 Regis
705 1411 813 1433 unam
840 1398 956 1433 sedem
976 1398 1172 1434 molendini
1191 1399 1293 1447 super
1315 1399 1442 1435 Maffat
1459 1412 1540 1435 cum
1559 1401 1676 1448 proxi-

185 1468 242 1490 ma
259 1455 414 1491 landella
432 1456 584 1491 duarum
602 1468 765 1490 acrarum
784 1474 793 1483 ·
818 1460 854 1491 et
879 1456 914 1491 in
940 1456 1096 1491 landella
1120 1457 1163 1492 de
1183 1456 1321 1504 Burgin
1340 1470 1449 1492 unam
1475 1462 1676 1493 carucatam

184 1518 278 1548 terre
305 1512 463 1560 legitime
489 1513 725 1548 mensuratam
745 1532 753 1540 ·
777 1518 812 1548 et
835 1513 903 1548 tria
926 1513 1016 1548 tofta
1041 1526 1155 1549 unum
1176 1514 1213 1549 in
1233 1514 1341 1562 Elgin
1365 1527 1479 1549 unum
1497 1514 1535 1549 in
1553 1514 1584 1549 F
1585 1515 1676 1550 oreis

184 1582 297 1605 unum
316 1570 352 1604 in
370 1569 536 1605 Innernis
555 1589 563 1597 ·
583 1570 640 1605 Ex
659 1570 754 1605 dono
775 1570 885 1617 Regis
903 1570 1076 1606 Willelmi
1100 1576 1212 1606 totam
1230 1576 1362 1606 terram
1381 1571 1425 1606 de
1443 1571 1582 1618 Burgin
1607 1584 1675 1619 que

184 1626 232 1662 est
260 1640 305 1662 ex
331 1627 525 1674 aquilonali
551 1633 651 1675 parte
677 1627 734 1663 vie
760 1627 858 1674 regie
884 1641 953 1674 que
979 1628 1077 1663 vadit
1100 1628 1143 1664 de
1168 1628 1278 1664 Fores
1303 1628 1348 1663 ad
1371 1628 1479 1676 Elgin
1504 1628 1634 1664 scilicet
1656 1642 1677 1664 a

183 1684 301 1720 rivulo
319 1685 439 1720 versus
457 1685 677 1720 occidentem
697 1684 758 1731 qui
776 1684 824 1720 est
841 1685 878 1719 in
897 1685 995 1720 exitu
1013 1685 1169 1721 nemoris
1187 1686 1295 1733 usque
1313 1686 1358 1721 ad
1374 1698 1537 1732 magnam
1556 1684 1675 1721 silvam

184 1742 228 1777 de
249 1741 477 1777 Kelbuthach
502 1747 538 1777 et
560 1742 688 1777 abinde
706 1742 814 1789 usque
831 1743 877 1777 ad
895 1742 1020 1778 divisas
1038 1748 1132 1779 terre
1151 1743 1195 1779 de
1215 1743 1354 1791 Kynlos
1373 1761 1381 1770 ·
1413 1742 1462 1778 Et
1479 1747 1613 1778 terram
1631 1744 1675 1779 de

185 1799 381 1834 Invereren
399 1812 505 1846 quam
524 1799 690 1836 matheus
714 1799 895 1847 episcopus
924 1800 967 1835 de
993 1799 1167 1836 Aberdon
1196 1805 1232 1835 et
1254 1812 1372 1835 comes
1393 1799 1614 1835 Dunecanus
1640 1806 1676 1836 et

186 1855 298 1903 Hugo
317 1856 465 1891 clericus
487 1861 523 1892 et
541 1856 598 1891 W·
618 1856 711 1891 filius
730 1856 898 1892 Fresekin
917 1857 965 1892 eis
983 1857 1277 1904 perambularunt
1295 1876 1303 1885 ·
1336 1857 1384 1892 Et
1401 1861 1532 1892 terram
1550 1870 1675 1906 prepo-

182 1911 287 1948 fiture
306 1913 350 1948 de
370 1913 566 1949 Invereren
583 1912 670 1949 ficut
689 1913 746 1948 W·
765 1913 858 1949 filius
877 1914 1043 1949 Fresekin
1062 1919 1097 1950 et
1115 1914 1242 1950 Petrus
1260 1914 1304 1949 de
1323 1913 1447 1950 Polloc
1465 1914 1514 1950 eis
1540 1928 1675 1962 peram-

183 1970 353 2005 bularunt
367 1990 376 1998 ·
395 1975 431 2006 et
448 1983 561 2006 unum
579 1970 710 2006 tostum
729 1971 766 2006 in
785 1971 883 2007 Eren
901 1990 910 1999 ·
938 1971 995 2007 Ex
1013 1972 1109 2007 dono
1128 1972 1174 2007 W
1176 1971 1300 2007 illelmi
1317 1971 1468 2020 episcopi
1486 1977 1521 2007 et
1539 1973 1675 2008 conces-

183 2026 277 2063 sione
298 2028 530 2063 successorum
556 2028 631 2076 ejus
649 2028 777 2064 Felicis
795 2033 831 2064 et
850 2028 1013 2076 Symonis
1031 2029 1275 2077 episcoporum
1293 2029 1455 2066 moravie
1472 2034 1603 2065 terram
1621 2042 1674 2065 ec»

183 2084 281 2120 clefie
300 2085 343 2120 de
364 2085 501 2133 Burgin
520 2105 529 2113 ·
558 2085 614 2121 Ex
632 2086 728 2121 dono
749 2085 859 2121 Alani
878 2086 1040 2134 Dapiferi
1058 2087 1214 2134 quinque
1233 2086 1361 2122 solidos
1379 2087 1423 2122 de
1446 2086 1548 2122 firma
1565 2087 1671 2122 trium

182 2142 353 2178 tostorum
375 2142 519 2178 suorum
544 2143 673 2179 scilicet
697 2143 742 2179 de
765 2143 874 2191 Elgin
897 2143 1008 2180 Fores
1034 2149 1070 2180 et
1094 2144 1259 2181 Invernis
1278 2163 1286 2172 ·
1315 2144 1371 2179 Ex
1395 2144 1491 2180 dono
1514 2144 1609 2180 Petri
1628 2144 1671 2179 de
