2066 2780
564 99 879 135 REGISTRUM
908 100 1025 137 MOR
1032 101 1223 137 AVIENS
1230 104 1268 137 E.
1615 106 1662 147 (57

169 200 264 234 tricis
280 219 287 227 ·
306 199 351 234 ad
365 198 628 245 ampliationem
644 198 761 233 cultus
776 198 886 233 divini
901 203 936 233 et
951 198 1173 234 ecclesiastice
1192 200 1403 235 celebritatis
1423 220 1430 227 ·
1451 202 1659 238 eonstituiffe

169 256 255 291 duas
272 255 467 303 prebendas
486 255 523 289 in
541 253 682 290 ecclesia
700 254 817 290 nostra
841 255 1035 291 cathedrali
1057 256 1101 291 de
1121 256 1239 303 Elgyn
1262 276 1270 283 ·
1298 270 1403 291 unam
1430 258 1473 292 ‹le
1498 260 1660 294 omnibus

169 312 311 347 decimis
328 312 517 358 garbarum
536 311 628 346 infra
645 312 848 359 parochiam
868 312 926 347 del
942 314 1031 360 ffluy
1045 313 1332 360 provenientium
1353 333 1360 340 -
1380 327 1482 359 quain
1499 316 1662 350 volumus

168 369 233 404 effe
252 368 397 403 liberam
416 374 451 403 et
469 368 625 415 quietam
645 369 687 403 ab
707 369 870 404 omnibus
889 369 933 404 ad
952 382 1017 404 nos
1039 375 1074 404 et
1095 369 1302 405 successores
1325 369 1461 404 nostros
1485 373 1660 417 pertinen-

167 426 259 461 tibus
289 445 297 453 ·
326 431 362 461 et
383 426 488 461 aliam
508 426 551 461 de
570 424 720 461 ecclesiis
741 426 786 462 de
808 426 962 474 Kynnor
987 432 1022 461 et
1046 427 1090 462 de
1109 426 1316 461 Dunbanan
1335 439 1416 461 cum
1436 428 1599 463 omnibus
1616 430 1661 463 ad

168 497 224 519 eas
236 482 328 531 juste
346 483 605 531 pertinentibus
625 503 633 511 ·
662 484 817 529 exceptis
844 484 947 519 terris
974 497 1095 519 earum
1123 497 1209 530 quas
1235 484 1336 518 nobis
1358 489 1393 519 et
1417 484 1661 520 succefforibus

166 540 290 575 nostris
320 541 574 588 perquirendas
603 541 859 576 reservavimus
886 546 922 576 et
947 541 991 575 ad
1020 541 1100 576 usus
1124 541 1241 576 mense
1265 540 1380 576 nostre
1404 546 1577 588 perpetuo
1603 543 1661 577 ha-

166 598 297 632 bendas
321 603 357 633 et
380 596 600 645 poffidendas
629 618 636 625 ·
665 598 765 633 salvis
784 598 890 633 etiam
910 598 1010 633 nobis
1029 603 1064 633 et
1081 598 1329 633 successoribus
1346 597 1475 644 nostris
1489 599 1661 647 episcopa-

166 655 255 690 libus
269 655 305 690 in
321 655 449 690 eisdem
464 654 613 690 ecclesiis
633 674 641 682 ·
673 655 809 690 Divina
823 656 928 690 etiam
944 655 1058 702 gratia
1071 655 1173 689 nobis
1191 655 1460 703 superveniente
1480 655 1523 690 de
1538 656 1662 690 volun-

166 718 237 747 tate
256 718 291 747 et
309 712 439 747 assensu
455 712 604 747 &Valteri
623 712 667 747 de
686 712 848 748 moravia
866 713 1007 760 patroni
1023 710 1244 747 ecclesiarum
1265 712 1308 746 de
1329 712 1441 758 Petyn
1461 717 1496 747 et
1514 713 1557 747 de
1578 713 1661 748 Bra-

165 769 294 817 cholyn
314 789 322 797 ·
342 770 386 805 de
401 770 564 804 omnibus
579 769 723 805 decimis
737 769 926 816 garbarum
942 769 1033 804 infra
1047 769 1229 817 parochias
1246 769 1422 804 dictarum
1438 768 1659 805 ecclesiarum

166 828 451 874 provenientium
471 840 578 862 unam
599 826 842 862 constituimus
856 826 1073 875 prebendam
1087 846 1095 854 ·
1108 832 1144 862 et
1157 826 1260 861 aliam
1277 826 1320 861 de
1335 826 1499 861 omnibus
1518 827 1661 862 decimis

165 884 352 930 garbarum
382 885 667 932 provenientium
692 884 783 919 infra
808 884 991 932 parochias
1019 884 1062 919 de
1087 883 1292 931 Butruthyn
1322 889 1357 918 et
1386 883 1430 918 de
1455 883 1660 931 Abyrlouer

166 941 379 988 prebendam
405 941 648 976 constituimus
667 942 710 976 de
728 941 914 977 voluntate
932 947 967 976 et
985 941 1153 976 consensu
1175 941 1326 988 predicti
1347 940 1495 975 Walteri
1519 943 1660 989 patroni

167 997 321 1033 similiter
340 998 517 1033 dictarum
536 997 758 1033 ecelefiarum
788 1018 795 1025 ·
826 998 904 1033 Has
922 1011 1008 1033 vero
1033 998 1119 1033 duas
1143 997 1340 1045 prebendas
1365 996 1505 1033 ecclesie
1530 998 1660 1034 Sancte

166 1055 352 1090 Trinitatis
371 1056 414 1090 de
434 1055 553 1102 Elgyn
571 1054 819 1101 affignavimus
833 1075 840 1082 ·
854 1055 1093 1090 consentiente
1112 1055 1275 1102 predicto
1288 1054 1447 1090 Waltero
1467 1057 1659 1092 earundem

166 1112 424 1159 prebendarum
444 1112 501 1147 vel
521 1111 743 1147 ecclesiarum
762 1117 915 1160 patrono
935 1117 969 1146 et
988 1112 1109 1146 futuro
1134 1111 1304 1146 collatore
1329 1125 1409 1146 cum
1432 1114 1635 1148 vacaverint
1652 1134 1659 1141 ·

166 1170 266 1204 nobis
295 1176 330 1204 et
358 1169 513 1217 capitulo
543 1168 660 1204 nostro
689 1169 804 1204 eidem
833 1169 1121 1216 promittentibus
1150 1174 1185 1203 et
1215 1169 1491 1204 concedentibus
1519 1183 1659 1205 necnon

165 1234 200 1261 et
219 1227 407 1261 heredibus
426 1227 493 1261 suis
512 1227 548 1260 in
568 1231 777 1273 perpetuum
798 1245 806 1253 ·
825 1232 866 1260 ut
884 1231 956 1260 tam
975 1225 1044 1273 ipse
1062 1238 1167 1272 quam
1186 1226 1333 1260 heredes
1355 1226 1403 1260 sui
1426 1227 1590 1262 omnibus
1607 1228 1659 1262 fu-

165 1284 252 1318 turis
270 1283 489 1331 temporibus
507 1283 670 1330 quotiens
688 1282 866 1330 predictas
883 1282 1080 1330 prebendas
1098 1295 1223 1317 vacare
1245 1282 1435 1329 contigerit
1456 1283 1512 1318 vel
1537 1297 1657 1319 earum

164 1341 309 1375 alteram
328 1360 335 1367 ·
358 1340 581 1388 presentandi
600 1340 645 1374 ad
659 1353 716 1375 eas
735 1340 830 1374 viros
848 1340 1006 1387 ydoneos
1024 1339 1080 1374 vel
1095 1352 1216 1374 earum
1231 1339 1377 1374 alteram
1392 1340 1567 1387 ydoneam
1582 1355 1658 1389 per-

165 1398 282 1432 sonam
311 1398 455 1432 liberam
483 1397 635 1432 habeant
657 1396 860 1432 facultatem
888 1395 958 1431 fine
985 1396 1140 1443 qualibet
1166 1396 1450 1432 contradictione
1473 1398 1528 1432 vel
1551 1398 1657 1446 impe-

164 1455 321 1489 dimento
339 1474 347 1481 ·
367 1454 546 1489 Volumus
565 1459 683 1489 autem
702 1460 738 1489 et
756 1454 983 1489 concedimus
1001 1459 1042 1488 ut
1059 1453 1239 1501 prebende
1257 1453 1417 1501 predicte
1435 1454 1479 1488 ad
1499 1455 1657 1490 donatio-

164 1524 244 1546 nem
264 1512 341 1559 sepe
361 1511 447 1546 dic‘ci
467 1511 616 1546 lValteri
641 1516 676 1546 et
701 1511 872 1546 heredum
898 1511 1039 1546 suorum
1065 1511 1282 1558 pertinentes
1303 1510 1392 1545 adeo
1412 1510 1520 1546 libere
1538 1510 1603 1547 fint
1622 1519 1657 1547 et

163 1569 280 1615 quiete
299 1568 342 1603 ab
361 1568 525 1603 omnibus
543 1569 588 1602 ad
611 1581 676 1602 nos
699 1573 734 1603 et
757 1568 963 1603 successores
989 1567 1125 1602 nostros
1148 1567 1407 1615 pertinentibus
1432 1566 1518 1602 ficut
1544 1569 1610 1604 alie
1637 1584 1657 1604 a

163 1625 354 1661 venerabili
374 1630 474 1672 patre
493 1631 528 1660 et
546 1625 787 1673 predecessore
806 1625 923 1660 nostro
942 1625 1034 1660 bone
1053 1624 1224 1660 memorie
1244 1624 1363 1659 Bricio
1381 1625 1561 1671 quondam
1580 1629 1657 1663 mo-

164 1681 309 1717 ravienfi
328 1682 491 1730 episcopo
510 1681 699 1718 constitute
718 1688 753 1717 et
772 1683 934 1718 ordinate
963 1702 970 1710 ·
999 1688 1034 1717 et
1053 1682 1180 1717 eisdem
1199 1681 1235 1716 in
1254 1681 1418 1716 omnibus
1436 1681 1656 1719 libertatibus

103 1761 106 1764 ·
162 1739 341 1787 gaudeant
367 1745 403 1774 et
426 1740 710 1775 immunitatibus
738 1759 746 1767 ·
776 1740 880 1775 Salva
906 1740 1007 1775 nobis
1031 1745 1066 1775 et
1089 1738 1336 1774 successoribus
1358 1738 1482 1774 nostris
1500 1740 1537 1775 in
1555 1754 1655 1788 parc-

163 1797 306 1832 chianos
323 1796 566 1844 predictarum
589 1796 810 1832 ecclesiarum
835 1797 1003 1845 potestate
1026 1796 1212 1845 episcopali
1235 1801 1271 1831 et
1291 1795 1538 1843 jurisdictione
1562 1799 1654 1833 ordi-

163 1854 261 1888 naria
287 1859 322 1889 et
348 1854 519 1889 canonica
538 1873 545 1881 ·
576 1854 627 1889 Ut
653 1860 771 1890 autem
800 1855 836 1889 in
862 1854 1039 1902 posterum
1066 1854 1109 1889 de
1135 1852 1304 1902 premiffis
1326 1853 1425 1888 nulla
1446 1852 1548 1901 possit
1569 1856 1652 1890 oriri

162 1910 334 1946 dubitatio
361 1924 402 1946 ea
427 1911 509 1946 huic
536 1911 663 1958 pagine
691 1912 856 1946 duximus
884 1911 1167 1947 commendanda
1195 1916 1231 1946 et
1258 1909 1359 1958 figilli
1387 1911 1492 1946 nostri
1521 1912 1651 1960 apposi-

161 1968 257 2003 tione
286 1968 487 2003 roboranda
515 1987 523 1995 ·
554 1968 714 2004 Testibus
739 1968 917 2017 Freskyno
946 1969 1080 2004 decano
1108 1968 1226 2003 nostro
1257 1987 1264 1995 ·
1297 1967 1460 2015 magistro
1490 1968 1650 2005 Henrico

162 2024 375 2060 thesaurario
395 2044 403 2052 ·
434 2025 516 2059 Ada
534 2025 732 2061 subdecano
753 2045 760 2053 -
790 2026 982 2061 Lamberto
1000 2026 1205 2061 succentore
1225 2045 1232 2053 ·
1262 2025 1425 2072 magistro
1446 2026 1624 2062 Edwardo
1641 2047 1648 2054 ·

162 2081 323 2128 magistro
338 2081 519 2117 Willelmo
539 2101 546 2109 ·
574 2082 735 2118 Roberto
754 2096 864 2130 parvo
882 2083 1061 2119 canonicis
1079 2083 1204 2118 nostris
1223 2103 1231 2110 ·
1258 2083 1448 2131 Radulpho
1467 2084 1648 2131 capellano

164 2137 279 2174 nostro
299 2158 307 2166 ·
335 2138 477 2174 Thoma
496 2139 539 2174 de
559 2139 682 2187 Croyn
702 2160 709 2167 ·
738 2139 904 2176 Gilberto
923 2140 1105 2189 capellano
1126 2161 1133 2168 -
