1912 2660
139 467 195 494 353

136 893 193 919 354

133 1273 190 1300 355

134 1653 190 1680 356

617 129 934 167 REGISTRUM
962 128 1323 167 MORAVIENSE.
1644 133 1713 166 401

223 232 308 260 Innes
321 230 351 258 in
366 228 448 262 Etlis,
470 228 555 256 Petro
575 227 698 256 Duffous
719 227 854 256 servitore
874 227 942 256 dicti
961 227 1118 256 Alexandri
1141 227 1310 264 Urquhard;
1330 228 1433 257 ballivo
1447 229 1553 258 Jacobo
1568 230 1721 268 Urquhard

222 277 350 316 burgensi
363 277 397 305 de
411 276 521 305 Forres.
562 275 691 304 Testibus
708 276 742 303 ad
761 275 1003 304 confirmationem
1017 274 1197 303 servitoribus
1213 274 1351 312 Episcopi.
1393 277 1480 314 Apud
1496 278 1600 315 Spyne,
1614 279 1632 306 8
1648 279 1719 306 Maii

225 327 309 354 1570.

221 466 341 495 collatio
355 465 512 494 Alexandri
527 465 698 494 Sutherland
710 464 740 492 in
755 464 950 492 canonicatum
965 468 993 492 et
1007 463 1176 501 prebendam
1196 463 1230 491 de
1249 462 1382 497 Duffous‚
1404 468 1534 492 vacantes
1553 470 1644 493 morte
1663 475 1720 493 ma-

218 514 296 552 gistri
315 512 434 541 Roberti
456 512 555 547 Keith,
576 513 640 541 data
659 513 693 540 ab
709 512 824 541 Andrea
842 512 969 549 episcopo
985 510 1165 545 Moravienfi‚
1183 510 1420 538 commendatario
1433 515 1569 549 perpetuo
1584 513 1720 540 monaste—

219 562 325 590 riorum
338 562 372 589 de
386 560 543 598 Driburgh,
566 561 764 594 Pettiuweme,
786 564 815 588 et
830 560 1034 597 Cottinghame
1047 559 1078 587 in
1095 559 1208 596 Anglia‚
1230 558 1313 597 super
1332 559 1568 597 presentationem
1583 560 1721 589 &villelmi

220 609 390 639 Sutherland
402 608 509 636 domini
522 608 613 637 tertiae
627 608 714 646 partis
728 607 845 636 dominii
859 607 893 636 de
908 607 1040 640 Duffous,
1054 606 1166 645 patroni
1180 607 1232 634 hac
1246 606 1317 635 vice.
1349 607 1478 635 Testibus
1495 607 1620 636 Roberto
1636 608 1721 636 Innes

219 657 252 686 de
268 656 471 690 Rotmakenze,
486 656 603 684 Andrea
622 656 705 684 Baird
723 655 855 693 magistro
874 655 908 683 de
923 655 1086 683 Masondew
1100 664 1186 693 prope
1202 654 1298 692 Elgin‚
1319 654 1452 692 magistro
1467 655 1594 683 Roberto
1610 655 1721 684 Schand

218 704 322 732 vicario
342 704 375 732 de
396 704 509 741 Potary,
530 704 662 732 Johanne
679 704 774 737 Innes,
797 704 902 732 Jacobo
923 703 1050 732 Currour
1071 701 1190 731 notario.
1232 702 1319 740 Apud
1337 702 1505 740 Edinburgh
1524 702 1554 730 in
1573 702 1720 732 refectorio

220 751 447 786 observantium,
462 752 500 779 24
515 751 638 789 Augusti
656 752 741 779 1512.

219 893 442 922 Instrumentum
461 893 542 931 super
560 893 738 922 institutione
759 893 891 931 ejusdem,
910 902 975 920 cum
994 892 1175 930 affignatione
1194 891 1265 920 stalli
1280 892 1309 920 in
1323 892 1410 920 choro
1424 896 1453 920 et
1467 892 1522 920 loci
1535 892 1565 920 in
1579 892 1702 931 capitulo
1715 905 1722 925 ς

218 941 376 979 presentato
392 941 425 968 ad
439 941 513 979 pacis
528 946 556 969 et
570 941 753 969 fraternitatis
772 940 897 968 osculum
920 940 1057 978 assumpto
1071 944 1103 968 ut
1118 940 1203 968 moris
1218 940 1267 974 est,
1288 944 1456 978 receptoque
1477 940 1511 968 ab
1531 940 1629 969 eodem
1642 940 1721 979 jura-

218 993 315 1017 mento
326 989 360 1016 de
372 988 548 1016 observandis
560 988 671 1016 statutis
683 992 711 1017 et
726 988 973 1016 consuetudinibus
988 987 1106 1015 ecclefiae
1122 987 1316 1015 Moravienfis.
1349 987 1477 1016 Testibus
1494 988 1620 1016 Roberto
1634 989 1720 1017 Innes

217 1036 251 1064 de
267 1036 471 1070 Rotmakenze,
493 1036 618 1064 Roberto
636 1035 721 1064 Innes
742 1036 772 1064 in
790 1035 899 1073 Drany,
919 1040 948 1063 et
966 1035 1098 1064 Johanne
1113 1036 1198 1063 Innes
1217 1034 1371 1072 armigeris,
1395 1035 1509 1064 Tiberio
1524 1036 1720 1073 VVyncbestre,

217 1083 362 1111 Willelmo
378 1083 521 1117 Brabiner,
544 1088 572 1112 et
587 1083 709 1112 Patricio
726 1084 845 1111 Thomae
860 1083 1028 1121 capellanis;
1050 1083 1165 1111 Andrea
1181 1083 1284 1120 Smyth
1303 1087 1332 1111 et
1351 1083 1467 1111 Andrea
1481 1083 1620 1112 Johannis
1641 1091 1720 1114 nota-

216 1130 275 1164 riis,
291 1130 423 1159 Donaldo
439 1131 557 1160 Thomae
571 1131 689 1160 notario.
732 1132 819 1169 Apud
834 1131 928 1168 Elgin,
945 1132 984 1158 29
999 1130 1122 1168 Augusti
1140 1131 1225 1158 1512.

218 1272 340 1301 Collatio
362 1282 413 1311 per
434 1273 603 1311 Episcopum
619 1274 776 1302 Alexandri
792 1273 961 1302 Sutherland
982 1273 1099 1301 rectoris
1113 1273 1146 1301 de
1161 1273 1284 1301 Duffous
1306 1273 1335 1301 in
1357 1274 1537 1312 capellaniam
1558 1279 1722 1313 perpetuam

216 1321 303 1349 beatae
318 1321 417 1349 Mariae
433 1321 559 1358 Virginis
574 1322 674 1349 caustri
688 1322 721 1350 de
736 1321 868 1355 Duffous,
884 1321 1008 1349 vacantis
1025 1331 1076 1359 per
1089 1326 1211 1349 mortem
1226 1321 1351 1349 Donaldi
1366 1321 1493 1356 Thomae,
1514 1322 1596 1360 super
1609 1323 1722 1361 presen-

216 1368 353 1396 tationem
372 1367 505 1396 Willelmi
526 1369 696 1397 Sutherland
714 1369 860 1397 dominum
882 1369 916 1397 de
937 1368 1060 1396 Duffous
1081 1373 1252 1406 patronum3
1272 1368 1378 1397 annulo
1394 1369 1524 1408 Episcopi
1543 1370 1631 1407 digito
1653 1371 1720 1400 dicti

215 1415 366 1454 presentati
390 1415 528 1454 imposito.
575 1416 705 1445 Testibus
730 1417 855 1445 Roberto
878 1416 963 1445 Innes
988 1417 1022 1444 de
1046 1416 1250 1450 Rotmakenze‚
1275 1417 1392 1445 Andrea
1416 1417 1536 1446 Sinclair
1558 1418 1663 1446 vicario
1687 1420 1720 1448 de

217 1464 341 1500 Lagane,
364 1463 473 1501 Magno
496 1464 585 1492 Vauss
607 1464 710 1492 vicario
732 1465 766 1493 de
789 1464 929 1498 Dalcorss,
952 1464 1135 1492 commissario
1157 1464 1191 1492 de
1215 1464 1360 1499 Invernes,
1392 1470 1421 1494 et
1449 1465 1580 1503 magistro
1607 1466 1718 1495 Thomu

217 1510 344 1539 Gaderar
356 1511 475 1539 notario.
516 1511 602 1550 Apud
616 1512 751 1550 palatium
765 1512 799 1541 de
815 1512 951 1550 Spyneto,
970 1513 1005 1539 19
1021 1511 1129 1550 Aprilis
1147 1512 1233 1540 1524.

218 1652 440 1681 lustramentum
454 1652 537 1691 super
550 1653 756 1682 institutionem
771 1654 893 1693 ejusdem
907 1664 958 1693 per
971 1654 1192 1692 affignationem,
1208 1654 1309 1689 calicis,
1324 1654 1387 1683 libri
1401 1655 1513 1684 miffalis
1527 1661 1556 1685 et
1570 1657 1720 1686 vestimen-

216 1704 310 1728 torum
325 1700 513 1742 traditionem,
531 1711 595 1729 cum
609 1701 768 1739 possessione
782 1702 869 1730 manli
884 1702 965 1731 dictae
979 1702 1138 1741 capellaniae
1149 1712 1186 1730 ex
1196 1702 1347 1740 aquilonali
1357 1703 1500 1741 meffuagii
1514 1703 1563 1733 seu
1576 1705 1630 1733 loci
1644 1706 1720 1744 prin-

217 1747 311 1785 cipalis
325 1747 359 1775 de
373 1748 506 1776 Duffous.
549 1748 679 1777 Testibus
700 1749 821 1777 dominis
837 1750 967 1778 Arthuro
985 1750 1060 1778 Perk
1081 1754 1110 1778 et
1130 1750 1226 1779 David
1245 1750 1386 1778 Wardlaw
1404 1750 1537 1780 fratribus
1559 1753 1663 1782 ordinis
1686 1755 1719 1783 (le

218 1794 411 1828 observantia,
431 1796 576 1824 ‘Villelmo
597 1796 764 1825 Andersoun
789 1797 918 1834 burgensi
939 1798 973 1826 de
996 1798 1172 1835 Edinburgb‚
1197 1797 1293 1826 David
1318 1797 1464 1833 Gordoun,
1486 1799 1617 1829 Gilberto
1642 1802 1718 1839 Hay,

218 1842 344 1870 Waltero
359 1842 461 1880 Fethy,
482 1848 510 1872 et
529 1843 675 1872 Willelmo
698 1845 794 1878 Clerk,
819 1845 933 1873 domino
955 1845 1061 1874 Jacobo
1084 1845 1192 1883 Gowry
1213 1845 1376 1884 presbytero
1397 1846 1481 1875 dante
1502 1847 1717 1882 institutionem,

220 1889 330 1918 Thomu
345 1890 420 1927 Crag
432 1891 552 1919 notario.
591 1891 627 1920 In
642 1892 746 1930 capella
760 1892 906 1932 principali
919 1893 1054 1922 maneriei
1068 1893 1169 1922 caustri
1182 1893 1215 1922 de
1227 1893 1360 1928 Duffous,
1372 1895 1409 1922 20
1422 1894 1529 1933 Aprilis
1543 1896 1627 1925 1524.

217 2030 302 2059 Carta
321 2031 491 2060 venditionis
505 2043 556 2071 per
572 2033 711 2062 Thomam
727 2035 833 2072 Young
846 2035 1013 2073 burgensem
1027 2036 1061 2064 de
1076 2036 1162 2074 Elgin
1176 2035 1249 2065 facta
1262 2036 1394 2075 magistro
1414 2037 1579 2067 Alexandro
1600 2040 1716 2069 Suther-

216 2078 280 2106 land
303 2079 407 2107 decano
423 2080 601 2115 Cathanenfi,
623 2082 657 2110 de
677 2082 849 2111 columbario
862 2083 970 2121 lapideo
991 2093 1028 2112 ex
1048 2089 1126 2122 parte
1147 2084 1258 2112 australi
1278 2085 1361 2122 burgi
1381 2085 1415 2113 de
1434 2085 1519 2123 Elgin
1541 2095 1606 2114 cum
1628 2087 1715 2125 spatio

216 2126 333 2154 duorum
358 2127 460 2165 pedum
482 2128 669 2158 circumcirca.
709 2130 744 2158 In
768 2131 824 2159 fine
846 2131 1009 2160 continetur
1030 2132 1250 2162 instrumentum
1273 2132 1367 2162 safinae
1391 2132 1441 2162 sub
1462 2133 1551 2172 sigillo
1572 2135 1666 2163 ballivi
1687 2140 1715 2164 et

218 2173 317 2202 notarii
331 2173 541 2213 subscriptione.
581 2178 668 2216 Apud
683 2177 782 2216 Elgin‚·
797 2180 832 2207 lo
849 2179 970 2217 Augusti
987 2180 1073 2209 1538.

943 2279 1006 2311 313
