2060 2660
841 394 1072 418 MUNIMENTA
1091 392 1342 416 PERTINENTIA

790 461 838 484 AD
858 459 999 483 DOMUM
1018 460 1083 483 DEI
1102 458 1223 483 JUXTA
1240 457 1365 480 ELGYN
1385 464 1393 472 ·

344 613 579 649 Confirmatio
598 613 773 650 Johannis
792 611 955 660 Episcopi
975 630 982 638 ·

245 730 314 761 114
344 727 523 764 Univerfis
549 729 668 764 ίὶιηᾶὶε
694 727 812 765 matris
837 724 978 762 ecclesie
1003 725 1083 760 filiis
1106 725 1151 760 ad
1172 738 1261 772 quos
1288 724 1467 772 presentes
1489 725 1591 762 litere
1615 727 1843 774 pervenerint

341 786 524 823 Johannos
551 785 772 834 permislione
800 785 919 820 divina
936 781 1166 820 moravienfis
1184 781 1326 818 ecclefie
1349 782 1504 819 minister
1529 783 1672 819 humilis
1697 784 1843 821 salutem

343 844 379 879 in
399 844 559 879 Domino
584 844 830 891 sempiternam
851 861 859 869 ·
887 841 1041 877 Noverit
1066 839 1275 876 universitas
1301 839 1414 876 vestra
1439 854 1505 876 nos
1531 842 1711 890 inspexisse
1735 856 1844 890 quan-

343 902 424 936 dam
453 907 586 937 cartam
615 898 891 936 excellentissimi
922 898 1090 946 principis
1117 911 1158 933 ac
1185 898 1322 933 domini
1346 898 1454 934 nostri
1478 899 1613 934 domini
1632 899 1754 935 David
1772 900 1843 936 Dei

342 959 456 1006 gratia
472 959 581 1006 Regis
597 959 784 994 Scotorum
804 956 944 992 illustris
959 976 967 983 ·
982 955 1165 1003 sigilloque
1183 956 1245 991 suo
1264 956 1446 992 autentico
1465 955 1635 1004 signatam
1651 977 1659 985 ·
1674 970 1748 992 non
1763 957 1844 993 abo-

343 1017 440 1052 litam
470 1037 478 1044 ·
508 1030 581 1051 non
608 1016 762 1051 abrasam
791 1034 798 1042 ·
826 1027 892 1050 nec
912 1014 948 1049 in
966 1014 1084 1060 aliqua
1102 1018 1202 1061 parte
1220 1014 1379 1049 vitiatam
1409 1033 1417 1042 ·
1444 1014 1545 1063 cujus
1563 1020 1659 1051 carte
1677 1020 1782 1052 tenor
1801 1016 1844 1051 de

343 1074 452 1109 verbo
479 1075 523 1109 ad
551 1074 698 1109 verbum
725 1072 804 1108 talis
831 1071 879 1107 est
908 1091 916 1099 ·
944 1071 1066 1106 David
1086 1071 1157 1106 Dei
1178 1072 1293 1119 gratia
1314 1071 1395 1107 Rex
1414 1071 1602 1107 Scotorum
1616 1072 1817 1121 justiciariis
1835 1093 1843 1101 ·

343 1131 606 1167 vicecomitibus
627 1151 634 1159 ·
658 1129 840 1179 prepositis
858 1143 897 1165 ac
916 1129 1043 1165 ceteris
1061 1129 1223 1166 ministris
1240 1130 1347 1177 regiis
1365 1129 1631 1177 quibuscunque
1651 1151 1659 1158 ·
1679 1136 1715 1166 et
1733 1131 1845 1167 omni-

342 1189 406 1223 bus
424 1189 543 1237 probis
561 1188 763 1223 hominibus
788 1188 898 1223 totius
922 1193 1017 1223 terre
1039 1187 1098 1223 sue
1120 1187 1267 1223 salutem
1288 1207 1296 1215 ·
1325 1187 1446 1223 Sciant
1471 1188 1650 1236 presentes
1673 1194 1709 1224 et
1734 1189 1845 1225 futuri

342 1260 406 1281 nos
426 1246 605 1294 inspexisse
623 1246 801 1293 quandam
821 1251 956 1281 cartam
974 1245 1068 1281 bone
1087 1245 1259 1281 memorie
1274 1245 1411 1281 domini
1427 1245 1627 1281 Alexandri
1643 1246 1712 1282 Dei
1731 1247 1846 1295 gratia

344 1304 453 1350 Regis
473 1304 661 1339 Scotorum
686 1303 936 1352 predecessoris
963 1303 1071 1338 nostri
1099 1323 1107 1331 ·
1134 1303 1235 1352 cujus
1259 1308 1355 1339 carte
1382 1309 1487 1339 tenor
1511 1304 1555 1339 de
1577 1304 1687 1340 verbo
1706 1305 1751 1340 ad
1768 1318 1845 1340 ver-

342 1362 424 1396 bum
447 1362 526 1396 talis
553 1361 601 1397 est
620 1381 627 1389 ·
657 1361 867 1397 Alexander
883 1362 954 1397 Dei
972 1361 1088 1409 gratia
1107 1361 1188 1397 Rex
1208 1362 1397 1397 Scotorum
1415 1361 1579 1396 omnibus
1597 1362 1716 1410 probis
1734 1362 1845 1398 homi-

342 1419 445 1454 nibus
467 1420 576 1455 totius
602 1426 697 1455 terre
722 1419 780 1455 sue
808 1420 955 1455 salutem
986 1439 994 1447 ·
1036 1419 1157 1455 Sciant
1185 1419 1363 1467 presentes
1393 1425 1429 1454 et
1457 1419 1568 1454 suturi
1595 1433 1660 1455 nos
1687 1420 1816 1456 dediffe
1836 1440 1843 1447 ·

344 1476 539 1513 conceslisse
567 1484 601 1513 et
628 1478 693 1513 hac
720 1483 817 1513 carta
840 1477 958 1513 nostra
984 1477 1204 1513 confirmasse
1230 1477 1312 1512 Deo
1337 1482 1373 1512 et
1396 1477 1499 1512 beate
1519 1477 1633 1513 marie
1657 1483 1692 1513 et
1712 1478 1845 1513 83ηᾶὶο

344 1535 501 1572 Johanni
517 1535 738 1583 Evangeliste
754 1556 762 1563 ·
783 1542 818 1571 et
833 1535 970 1571 Domui
983 1536 1055 1571 Dei
1068 1535 1174 1583 juxta
1193 1535 1301 1583 Elgin
1319 1535 1356 1570 in
1375 1540 1583 1583 perpetuam
1599 1534 1823 1571 elemosinam
1837 1556 1845 1564 ·

346 1599 457 1628 terras
482 1593 525 1628 de
552 1594 711 1630 OEonbcn
740 1600 775 1629 et
802 1595 845 1629 (le
875 1594 1000 1629 Kellos
1024 1607 1087 1642 per
1114 1594 1230 1628 rectas
1257 1593 1381 1629 divisas
1408 1593 1484 1628 suas
1511 1598 1546 1628 et
1572 1606 1654 1628 cum
1682 1594 1846 1629 omnibus

341 1649 441 1698 justis
460 1652 681 1698 pertinentiis
701 1652 768 1687 suis
787 1671 794 1679 ·
821 1652 865 1686 ad
884 1652 1125 1700 receptionem
1144 1664 1341 1700 pauperum
1361 1657 1397 1686 et
1414 1650 1700 1686 sustentationem
1719 1664 1846 1687 eorun-

349 1708 429 1743 dem
450 1708 486 1742 in
506 1709 626 1743 eadem
644 1709 751 1744 domo
768 1729 775 1736 ·
804 1709 927 1751 Quare
941 1709 1107 1744 volumus
1122 1714 1157 1744 et
1171 1709 1399 1744 concedimus
1413 1714 1453 1743 ut
1467 1708 1565 1743 dieta
1578 1708 1705 1744 domus
1720 1709 1847 1745 habeat

349 1766 612 1813 prenominatas
631 1772 742 1801 terras
761 1767 796 1801 in
816 1772 1022 1815 perpetuam
1043 1765 1267 1802 elemosinam
1284 1786 1292 1794 ·
1307 1767 1345 1801 in
1361 1766 1465 1802 bosco
1485 1771 1520 1801 ct
1538 1766 1645 1814 plano
1666 1786 1674 1794 ·
1693 1767 1730 1802 in
1744 1767 1847 1803 terris

349 1829 384 1858 et
403 1824 501 1870 aquis
529 1843 536 1851 ·
564 1824 599 1858 in
624 1825 731 1872 pratis
750 1830 785 1859 et
803 1825 936 1872 pascuis
961 1844 968 1852 ·
997 1826 1033 1860 in
1058 1825 1167 1860 moris
1185 1830 1220 1860 et
1238 1823 1390 1860 maresus
1413 1844 1421 1852 -
1450 1837 1532 1859 cum
1550 1824 1650 1859 socco
1670 1829 1706 1860 et
1723 1824 1820 1861 sacca
1839 1845 1846 1853 ·

350 1894 431 1916 cum
451 1881 550 1916 furca
568 1888 603 1917 et
621 1882 705 1917 foss'a
723 1902 731 1909 ·
751 1896 831 1917 cum
850 1883 926 1917 thol
946 1888 980 1918 et
999 1883 1094 1919 them
1116 1903 1123 1911 ·
1144 1889 1179 1918 et
1197 1882 1485 1930 insangandtheff
1499 1901 1507 1909 ·
1531 1887 1566 1917 et
1584 1895 1664 1917 cum
1685 1882 1848 1918 omnibus

350 1938 426 1973 aliis
444 1939 488 1974 ad
508 1939 644 1975 easdem
663 1946 774 1975 terras
788 1940 879 1987 juste
898 1941 1156 1988 pertinentibus
1176 1961 1183 1968 -
1207 1941 1316 1976 libere
1336 1959 1344 1968 ·
1364 1940 1483 1988 quiete
1507 1940 1550 1975 ab
1569 1940 1667 1975 omni
1685 1940 1818 1976 auxilio
1838 1960 1846 1967 ·

351 1997 606 2033 consuetudine
626 2017 633 2025 ·
654 1998 841 2033 exactione
856 2004 891 2034 et
905 1999 1081 2034 demanda
1095 2018 1103 2026 ·
1123 1999 1286 2034 faciendo
1302 2004 1422 2034 tamen
1436 1997 1648 2033 forinsecum
1667 1997 1845 2034 servitium

352 2055 387 2089 in
415 2055 572 2090 exercitu
597 2056 693 2102 quod
716 2057 870 2103 pertinet
891 2057 935 2091 ad
960 2057 1072 2092 dictas
1090 2063 1202 2092 terras
1221 2076 1229 2084 ·
1255 2062 1291 2092 et
1309 2056 1487 2104 sequendo
1506 2055 1753 2091 molendinum
1771 2056 1848 2091 nos-

351 2119 447 2147 trum
473 2113 516 2148 de
543 2113 660 2160 Elgyn
680 2132 688 2140 ·
718 2113 753 2148 T
755 2113 880 2148 estibus
899 2114 1080 2150 Willelmo
1100 2115 1262 2162 episcopo
1282 2112 1492 2162 Glasguenfi
1509 2113 1721 2149 cancellario
1748 2133 1757 2140 ·
1790 2113 1846 2147 W·

353 2170 426 2206 filio
448 2170 556 2205 Alani
584 2171 758 2206 senescalli
775 2170 968 2219 justiciario
997 2171 1114 2208 Scotie
1134 2192 1141 2199 ·
1173 2172 1294 2208 Alano
1320 2171 1486 2207 hostiario
1513 2170 1643 2207 comite
1671 2170 1820 2206 Atholie
1840 2191 1847 2198 ·

354 2228 515 2264 Vi'altero
543 2229 587 2263 de
613 2228 727 2276 Petyn
758 2247 765 2255 ·
805 2228 924 2263 David
951 2229 994 2264 de
1021 2229 1222 2278 Hastyngys
1251 2249 1258 2257 ·
1292 2230 1348 2264 W·
1369 2230 1454 2265 Prat
1481 2249 1489 2256 ·
1525 2228 1686 2263 Roberto
1709 2229 1753 2264 de
1776 2228 1849 2264 alto

355 2288 482 2323 monte
514 2306 522 2313 ·
565 2286 818 2322 Bartholomeo
846 2285 1051 2322 Flandrensi
1089 2307 1096 2314 ·
1143 2288 1253 2335 Apud
1277 2287 1444 2323 Abirdon
1471 2284 1634 2322 vicesimo
1661 2286 1767 2322 tertio
1794 2287 1850 2323 die

357 2344 539 2380 Februarii
558 2357 653 2380 anno
672 2345 773 2391 regni
792 2344 927 2380 domiui
949 2344 1057 2392 Regis
1076 2344 1237 2380 vicesimo
1256 2346 1371 2393 primo
1400 2365 1407 2372 ·
1436 2345 1513 2380 Nos
1532 2344 1673 2392 insuper
1690 2344 1851 2381 videntes
