2060 2660
84 1601 152 1633 108

585 176 901 212 REGISTRUM
929 175 1290 214 MORAVIENSE.
1607 187 1671 218 121

180 278 226 313 ad
246 277 340 312 idem
361 274 530 323 hospitale
554 274 812 309 confluentium
840 293 848 302 ·
878 274 1123 310 molendinum
1146 275 1350 311 habendum
1372 277 1409 311 in
1433 283 1528 314 terra
1548 280 1607 315 sua
1628 281 1671 315 de

182 332 409 370 Inuerorkell
426 337 463 368 et
479 331 642 380 stagnum
663 331 868 367 habendum
894 336 929 366 et
952 331 1196 378 aqueduefflm
1217 332 1262 366 ad
1284 333 1378 368 idem
1403 335 1645 372 molendinum
1665 358 1672 365 -

179 390 265 427 ficut
290 390 493 425 habuerunt
517 395 679 437 tempore
706 388 941 425 confefi‘cionis
967 388 1073 436 hujus
1099 394 1195 424 carte
1222 394 1258 424 et
1282 388 1368 424 ficut
1394 392 1519 426 melius
1544 393 1672 430 ibidem

179 447 308 484 habere
341 452 514 495 poterunt
544 467 553 475 ·
594 446 692 482 Dedi
719 446 825 482 etiam
853 451 888 482 et
915 444 1064 481 concefli
1091 451 1126 481 et
1152 446 1217 481 hac
1243 451 1340 481 carta
1365 460 1444 482 mea
1468 450 1674 486 confirmavi

180 505 295 541 eidem
317 505 479 553 hospitali
504 505 543 540 in
567 518 695 553 puram
716 510 752 540 et
775 509 985 553 perpetuam
1004 502 1230 539 elemofinam
1247 504 1345 539 illam
1363 505 1565 551 portionem
1582 513 1675 543 terre

178 576 247 611 que
266 562 314 598 est
331 563 495 611 proxima
512 562 627 599 eidem
641 562 761 598 versus
780 562 955 598 orientem
974 566 1010 597 et
1028 574 1096 609 que
1108 561 1206 609 jacet
1223 562 1317 597 inter
1335 562 1403 609 Spe
1422 567 1458 597 et
1474 564 1676 610 proximum

179 621 316 656 cundos
342 634 363 656 a
389 634 494 656 cruce
520 634 627 668 quam
653 620 785 656 ibidem
811 619 879 655 feci
901 620 988 668 poni
1012 619 1121 666 usque
1138 619 1183 654 ad
1202 618 1305 654 aliam
1325 632 1467 655 crucem
1485 634 1552 667 que
1570 621 1678 669 pofita

179 677 227 714 est
252 691 363 726 prope
390 691 516 726 aquam
544 691 614 725 que
638 683 789 713 vocatur
816 676 932 714 Orkel
958 682 994 712 et
1019 690 1131 725 prope
1152 677 1356 725 prediefflm
1374 677 1543 725 hospitale
1562 698 1570 706 ·
1592 678 1677 715 ficut

179 749 246 784 ego
270 736 342 784 ipsa
368 749 441 771 una
467 749 548 771 cum
576 735 771 771 venerabili
796 740 897 783 patre
925 734 1072 770 domino
1101 734 1251 770 Andrea
1277 733 1490 770 moraviensi
1518 736 1677 785 episcopo

178 794 376 841 predi&am
409 793 613 841 portionem
645 798 740 828 terre
770 792 1014 841 perambulavi
1043 812 1051 820 ·
1083 792 1177 827 salva
1202 791 1289 826 mihi
1317 797 1352 827 et
1378 792 1566 828 heredibus
1594 795 1679 830 meis

180 856 215 886 et
242 851 416 886 heredum
447 864 610 886 meorum
640 851 698 886 via
727 855 815 886 tunc
843 849 982 898 provisa
1012 854 1047 885 et
1078 848 1246 897 affignata
1275 869 1283 877 -
1328 848 1490 885 Testibus
1517 852 1678 898 predifiko

179 909 373 944 venerabili
395 914 496 957 patre
516 906 730 945 moraviensi
748 908 910 956 episeopo
930 927 938 935 ·
966 907 1131 955 magistro
1152 907 1221 942 ·W·
1243 906 1353 954 Agno
1372 907 1512 942 officiali
1530 909 1678 957 episcopi

180 965 410 1003 moraviensis
429 985 437 994 ·
465 965 630 1013 magistro
660 965 821 1013 Hugone
847 966 892 1001 de
916 964 1090 1000 Haketon
1108 984 1117 993 ·
1145 964 1309 1012 magistro
1331 964 1497 1001 Johanne
1524 966 1568 1001 de
1595 966 1678 1002 Ber-

181 1024 248 1059 wie
263 1043 272 1052 ·
298 1023 463 1072 magistro
475 1023 657 1059 Willelmo
673 1023 717 1058 de
734 1022 910 1058 Hoketon
924 1022 1104 1058 canonicis
1118 1021 1259 1058 ecclefie
1273 1021 1502 1059 moravienfis
1516 1050 1525 1058 .
1546 1024 1680 1060 Arche-

180 1081 286 1117 baldo
310 1087 346 1117 et
364 1081 525 1116 Waltero
545 1080 736 1129 capellanis
754 1081 842 1116 dieti
861 1080 1026 1129 Episeopi
1045 1099 1053 1108 ·
1086 1080 1242 1128 Symone
1267 1080 1417 1128 persona
1442 1081 1487 1116 de
1509 1081 1680 1118 Dundur-

181 1139 248 1174 kus
267 1158 275 1167 ·
306 1139 466 1187 Hugone
485 1139 618 1174 vicario
637 1138 840 1183 deKRothes
859 1157 868 1166 ·
896 1138 1074 1174 Nicholao
1099 1143 1135 1174 et
1160 1138 1323 1173 Henrico
1350 1138 1540 1186 capellanis
1566 1141 1652 1175 meis
1673 1161 1680 1168 ·

183 1197 346 1232 Roberto
364 1197 494 1232 clerieo
513 1197 649 1232 domini
667 1195 857 1233 Justieiarii
876 1196 999 1232 Scocie
1031 1215 1040 1224 ·
1068 1196 1191 1232 David
1215 1196 1288 1232 filio
1314 1195 1441 1233 Jacobi
1458 1198 1653 1245 morgundi
1673 1218 1679 1225 ·

182 1254 302 1290 Adam
329 1255 403 1290 filio
431 1254 619 1302 Gospatric
647 1274 656 1282 ·
704 1253 865 1302 Hugone
892 1255 936 1290 de
964 1254 1075 1290 Seton
1106 1274 1114 1282 ·
1153 1254 1336 1290 Willelmo
1363 1254 1407 1289 de
1434 1254 1676 1292 Achenbruc·

183 1312 321 1348 Aetum
339 1325 434 1348 anno
452 1312 566 1360 gratie
585 1316 724 1350 ·‹o⁰·cc⁰·
744 1311 919 1349 tricefimo
938 1312 1068 1348 oetavo
1088 1331 1096 1340 ·
1116 1312 1173 1348 die
1193 1312 1315 1348 Saneti
1333 1311 1500 1348 Nicholai
1519 1332 1526 1340 ·

182 1485 291 1521 Carta
310 1484 461 1521 Walteri
479 1486 523 1521 de
543 1485 707 1523 moravia
726 1504 734 1512 ·
756 1485 800 1520 de
821 1484 1013 1534 Agynway
1031 1505 1039 1514 ·

182 1599 360 1636 Omnibus
387 1600 455 1636 hoc
482 1601 650 1648 seriptum
679 1600 803 1636 visuris
831 1601 889 1637 vel
915 1601 1090 1637 audituris
1116 1600 1297 1636 Walterus
1326 1601 1370 1637 de
1399 1601 1561 1638 moravia
1588 1602 1680 1638 filius

181 1658 362 1705 quondam
381 1657 553 1694 Willelmi
580 1658 624 1694 de
649 1659 812 1695 moravia
837 1659 983 1695 salutem
1006 1679 1014 1687 ·
1050 1659 1234 1695 Noveritis
1260 1658 1414 1695 univerfi
1439 1672 1497 1695 me
1523 1660 1651 1696 dediffe
1671 1680 1678 1688 ·

181 1713 377 1751 conceffiffe
404 1721 440 1752 et
465 1716 531 1751 hac
558 1721 656 1751 carta
679 1729 758 1752 mea
782 1717 1001 1753 confirmafl'e
1020 1717 1103 1753 Deo
1128 1722 1164 1753 et
1185 1717 1290 1752 beato
1308 1716 1485 1753 Nicholao
1510 1723 1546 1753 et
1570 1718 1680 1766 hospi-

180 1772 243 1808 tali
261 1773 415 1821 ejusdem
434 1772 498 1809 fito
510 1773 617 1822 juxta
633 1780 781 1822 pontem
801 1775 845 1810 de
864 1775 932 1823 Spe
948 1794 956 1803 ·
971 1775 1017 1810 ad
1033 1774 1319 1811 sustentationem
1334 1788 1531 1823 pauperum
1549 1775 1678 1811 ibidem

120 1832 123 1834 ’
181 1831 465 1879 recipiendorum
480 1850 488 1859 ·
503 1836 616 1866 totam
635 1837 768 1867 terram
781 1845 897 1867 meam
912 1833 956 1884 de
969 1831 1161 1881 Agynway
1174 1852 1182 1860 ·
1196 1832 1327 1868 scilicet
1340 1846 1449 1868 unam
1463 1833 1656 1868 dauacham
1669 1853 1676 1861 ·

181 1888 372 1924 tenendam
386 1887 446 1924 fibi
463 1893 499 1924 et
512 1889 711 1924 habendam
727 1890 771 1925 de
785 1903 842 1925 me
857 1895 892 1925 et
905 1890 1095 1926 heredibus
1111 1891 1199 1926 meis
1216 1890 1254 1925 in
1271 1903 1398 1939 puram
1418 1896 1453 1926 et
1471 1895 1677 1938 perpetuam

182 1944 405 1981 elemosinam
423 1959 488 1994 per
506 1947 622 1981 reetas
640 1946 764 1982 divisas
785 1947 861 1982 suas
882 1961 964 1983 eum
985 1948 1150 1983 omnibus
1173 1948 1398 1996 pertinentiis
1414 1947 1482 1983 suis
1493 1947 1594 1996 justis
1613 1967 1621 1975 ·
1640 1948 1677 1982 in

181 2003 284 2039 bosco
297 2023 304 2031 ·
317 2004 355 2039 in
366 2004 474 2052 plano
487 2023 495 2032 ·
509 2004 546 2039 in
557 2004 667 2052 pratis
679 2023 687 2032 ·
700 2004 738 2039 in
749 2005 883 2053 pascuis
895 2025 904 2033 ·
916 2005 954 2041 in
964 2006 1074 2041 moris
1085 2025 1094 2034 ·
1106 2005 1145 2041 in
1155 2004 1308 2041 marefiis
1320 2025 1328 2033 ·
1341 2006 1379 2041 in
1389 2005 1517 2053 stagnis
1531 2010 1566 2040 et
1579 2005 1677 2052 aquis

181 2066 217 2097 et
242 2061 457 2097 molendinis
485 2067 521 2097 et
546 2061 712 2097 omnibus
734 2062 810 2098 aliis
833 2063 879 2098 ad
903 2076 980 2099 eam
997 2063 1090 2112 juste
1107 2063 1367 2112 pertinentibus
1386 2083 1394 2091 ·
1414 2063 1507 2098 salva
1530 2062 1615 2097 mihi
1642 2067 1676 2097 et

183 2118 371 2154 heredibus
397 2119 484 2155 meis
510 2119 656 2167 piscaria
682 2119 727 2155 de
752 2120 821 2168 Spe
847 2134 915 2168 que
941 2122 987 2157 ad
1013 2122 1164 2157 eandem
1189 2119 1345 2170 pertinet
1364 2140 1372 2148 ·
1402 2121 1523 2162 Quare
1540 2120 1623 2155 volo
1642 2125 1676 2154 et

182 2177 340 2212 concedo
363 2182 405 2212 ut
431 2177 633 2225 prediewm
661 2176 831 2226 hospitale
856 2178 983 2215 habeat
1009 2184 1045 2215 et
1069 2178 1240 2228 poflideat
1261 2179 1459 2227 predietam
1483 2182 1613 2212 terram
1639 2176 1675 2210 in

182 2246 307 2281 puram
329 2239 365 2270 et
386 2240 595 2283 perpetuam
619 2234 845 2272 elemosmam
871 2237 961 2273 adeo
984 2237 1095 2274 libere
1114 2256 1123 2266 ·
1147 2237 1266 2285 quiete
1285 2255 1294 2265 ·
1321 2235 1477 2284 plenarie
1504 2238 1539 2269 et
1565 2233 1674 2268 hono-

936 2308 960 2334 Q
