1912 2660
592 123 909 161 REGISTRUM
938 125 1298 163 MORAVIENSE.
1610 133 1684 172 417

109 227 163 255 441
193 224 276 253 Carta
287 222 389 252 Gavini
404 220 534 259 Episcopi
551 221 755 249 Aberdonensss
770 231 823 259 qua
843 221 922 260 (cum
943 222 1077 250 consensu
1097 228 1125 251 et
1146 224 1374 253 admortizatione
1389 225 1491 264 Regis)
1506 225 1603 254 fundat
1616 226 1683 254 duas

191 271 352 310 capellanias
372 269 402 297 in
423 268 535 297 ecclefia
549 269 700 296 cathedrali
716 269 886 297 Moravienfi
902 274 929 297 et
944 269 1013 297 duos
1028 270 1183 307 capellanos
1196 271 1273 299 dotat
1293 273 1330 299 50
1346 273 1443 300 marcis
1462 272 1547 300 annui
1561 273 1684 301 redditus

191 329 206 347 e
227 318 307 347 terris
330 318 363 345 de
384 316 552 348 Querelwod
574 320 602 344 et
625 315 738 354 Lidget,
760 316 790 343 in
812 316 949 344 honorem
972 317 1081 345 Sanctae
1105 317 1252 346 Trinitatis
1274 323 1302 346 et
1320 319 1477 347 sanctorum
1493 320 1637 348 Columbae
1656 324 1684 347 et

190 366 307 394 Thomae
321 363 459 402 martyris,
482 368 510 392 et
524 373 574 401 pro
589 363 676 392 salute
691 363 848 391 animarum
865 364 952 401 Regis
967 364 1079 402 ejusque
1093 365 1312 402 predeceflbrum
1334 371 1361 393 et
1382 366 1571 399 successorum,
1594 367 1683 394 Alex-

188 412 265 440 andri
277 412 395 440 Dunbar
408 412 441 439 de
453 411 577 439 Vestfeld
591 411 689 439 militis
704 416 732 439 et
746 411 866 439 dominae
883 411 1054 440 Elizabethae
1072 412 1235 440 Suthirland
1249 411 1308 451 ejus
1323 413 1436 450 sponsae,
1449 413 1575 450 Episcopi
1586 423 1683 450 paren-

187 464 256 493 tum,
278 458 383 487 domini
407 458 524 487 Roberti
544 458 632 487 Vellis
655 459 795 496 quondam
818 459 1002 487 archidiaconi
1027 459 1123 488 Sancti
1146 461 1277 493 Andreae,
1302 460 1413 488 Gawini
1435 460 1523 487 VVach
1545 460 1683 497 quondam

186 506 279 535 decani
293 505 487 539 Moravienfis,
499 506 695 543 magistrorum
709 506 807 534 Jacobi
823 506 961 544 Lindesay
973 511 1001 535 et
1015 507 1112 535 Jacobi
1129 507 1232 535 Brown
1248 507 1433 535 archidiaconi
1448 511 1476 534 et
1490 507 1585 534 decani
1602 506 1683 534 Abir-

186 545 319 587 donenfis,
341 563 450 581 necnon
464 563 515 591 pro
530 553 618 581 salute
632 553 733 581 animae
749 554 879 592 Episcopi
893 554 1058 588 fundatoris,
1079 555 1252 592 aliorumque
1268 555 1372 583 Christi
1390 554 1514 582 fidelium
1527 564 1533 581 :
1557 554 1610 581 His
1631 554 1682 581 sta-

185 601 253 629 tutis
267 601 380 629 servatis
393 613 400 634 3
422 601 506 632 Quod
519 601 586 629 dicti
601 602 656 629 duo
670 601 805 639 capellani
820 602 873 630 fint
887 602 967 630 bonae
982 607 1010 630 et
1025 603 1147 630 honestae
1164 602 1381 630 conversationis
1401 602 1501 639 absque
1521 600 1682 629 concubinis

185 652 233 676 aut
253 647 370 682 focax-iis,
393 648 422 675 in
442 652 528 676 cantu
550 648 722 686 Gregariano
748 649 858 687 experti
881 654 909 677 et
931 650 1057 678 discantu
1077 650 1254 678 mediocriter
1267 649 1395 677 instructi
1409 654 1437 677 et
1452 648 1545 680 docti;
1567 653 1594 676 et
1609 648 1681 685 quod

185 695 272 723 indies
286 705 349 723 cum
364 695 485 733 dispositi
499 695 604 724 fuerint
620 696 817 729 celebrabunt;
831 696 938 734 primus
953 697 982 724 in
997 697 1086 724 insula
1101 697 1187 725 sancti
1201 697 1338 725 Columbe
1349 706 1399 734 pro
1410 696 1502 724 anima
1514 695 1642 732 Episcopi
1653 699 1681 722 et

184 742 244 770 aliis
257 743 387 781 predictis
406 743 559 777 animabus,
580 743 626 781 qui
649 748 677 771 et
698 748 888 780 cognomento
907 744 1098 772 intitulabitur
1112 744 1207 772 decani
1223 744 1399 782 capellanus;
1420 743 1554 771 secundus
1568 752 1635 770 vero
1648 742 1683 769 ad

184 789 268 818 altare
284 790 378 818 Sancti
394 790 511 818 Thomae
525 791 554 818 in
570 800 651 819 cruce
667 791 796 824 ecclefiae,
812 791 858 828 qui
874 791 1031 829 capellanus
1046 792 1152 819 domini
1165 791 1320 819 Alexandri
1333 791 1452 819 Dunbar
1465 789 1617 822 vocabitur,
1631 798 1682 826 pro

184 836 261 875 cujus
279 837 372 865 anima
391 842 419 866 et
438 838 520 866 dictae
541 838 689 866 Elizabeth
709 838 814 876 sponsae
837 838 901 873 suae,
923 844 1072 877 parentum
1091 839 1229 877 Episcopi,
1252 839 1350 867 orabit.
1392 838 1577 866 Tenebuntur
1597 837 1681 864 etiam

183 885 263 912 ambo
277 885 411 923 capellani
424 885 541 923 predicti
557 886 680 923 quotidie
694 886 723 913 in
739 887 824 914 choro
845 896 908 914 eum
930 887 1055 915 choristis
1077 887 1157 915 dictae
1178 887 1296 915 ecclefiae
1317 886 1480 914 cathedralis
1497 884 1680 913 Moravienfis

183 931 277 960 divina
290 932 400 961 servitia
411 942 518 966 canere,
529 933 559 960 in
571 933 702 961 omnibus
713 933 789 961 horis
801 933 928 961 interestis
940 939 1115 972 preterquam
1131 934 1206 962 horis
1222 934 1347 967 minutis,
1363 933 1465 961 scilicet
1480 933 1577 970 prima,
1588 932 1680 965 tertia,

183 978 262 1007 sexta
275 984 303 1008 et
317 989 407 1012 nona3
430 980 559 1008 intererit
574 980 658 1008 etiam
673 981 762 1008 indies
777 981 935 1018 capellanus
953 982 1047 1009 Sancti
1064 982 1181 1009 'l'homre
1195 982 1223 1008 in
1239 981 1424 1009 celebratione
1438 980 1522 1008 missae
1537 980 1681 1007 celebratae

183 1031 266 1055 cantu
278 1027 451 1064 Gregoriano
464 1028 498 1055 ad
512 1028 619 1056 dictum
633 1028 719 1056 altare
733 1029 827 1057 Sancti
839 1029 956 1056 Thomae
971 1029 1122 1057 marthii-is.
1152 1030 1284 1057 Preterea
1294 1029 1384 1057 (lictus
1396 1028 1502 1066 primus
1512 1027 1679 1065 capellanus,

181 1074 277 1102 decani
289 1074 459 1109 intitulatus,
474 1076 619 1104 annuatim
634 1076 854 1104 anniversarium
868 1086 958 1104 unum
979 1086 1042 1104 cum
1064 1077 1141 1104 miffa
1161 1077 1194 1105 de
1215 1077 1318 1115 requie,
1336 1076 1455 1114 placebo
1470 1080 1498 1103 et
1515 1075 1607 1111 ‹liriye
1627 1083 1678 1111 pro

181 1121 272 1149 anima
287 1122 415 1160 Episcopi
433 1122 463 1150 in
484 1123 528 1151 die
543 1123 635 1152 obitus
650 1123 709 1162 ejus
724 1133 773 1161 per
787 1124 934 1151 canonicos
950 1128 977 1152 et
992 1124 1148 1162 capellanos
1163 1124 1239 1152 chori
1254 1128 1339 1152 cantu
1355 1122 1529 1159 Gregoriano
1548 1121 1679 1149 celebrari

181 1168 270 1203 faciet,
285 1179 339 1206 quo
353 1169 396 1198 die
415 1170 555 1199 canonicis
571 1175 599 1199 et
614 1171 762 1209 capellanis
778 1171 806 1198 in
822 1171 896 1199 dicto
912 1171 1023 1199 servitio
1038 1172 1211 1210 presentibus
1231 1171 1332 1209 viginti
1354 1175 1473 1208 quatuor
1491 1169 1590 1197 solidos
1605 1169 1678 1197 inter

181 1226 227 1244 eos
241 1216 410 1251 dividendos,
422 1222 450 1246 et
461 1218 628 1256 pauperibus
643 1219 761 1256 triginta
776 1219 884 1252 solidos,
900 1219 933 1247 (le
947 1219 1002 1247 illis
1018 1219 1119 1256 viginti
1133 1220 1255 1257 quinque
1269 1219 1367 1247 marcis
1382 1228 1432 1256 per
1445 1227 1510 1245 eum
1524 1217 1677 1255 percipien-

181 1263 221 1291 dis
235 1264 268 1292 de
282 1274 375 1292 annuo
387 1265 498 1294 redditu
511 1266 645 1304 predicto,
661 1267 809 1304 persolvet.
843 1267 987 1295 Secundus
1002 1277 1068 1295 vero
1083 1268 1249 1306 capellanus,
1265 1266 1371 1295 domini
1387 1265 1542 1294 Alexandri
1559 1264 1679 1292 Dunbar

181 1316 302 1345 vocatus,
318 1312 398 1340 simili
413 1313 496 1340 modo
515 1313 590 1341 aliud
611 1314 831 1342 anniversarium
847 1324 908 1341 cum
926 1314 1002 1342 mista
1015 1315 1048 1343 de
1063 1317 1169 1353 requie,
1183 1315 1303 1352 placebo
1318 1318 1346 1342 et
1361 1315 1455 1350 diriye
1468 1322 1518 1350 pro
1532 1311 1676 1339 animabus

180 1358 316 1387 dictorum
330 1360 436 1387 domini
453 1360 608 1388 Alexandri
624 1366 652 1389 et
665 1361 812 1389 Elizabeth
826 1361 973 1389 Sudirland
989 1362 1093 1400 sponsae
1109 1359 1172 1395 suae,
1184 1362 1344 1399 genitorum
1358 1360 1494 1398 Episcopi,
1506 1369 1556 1397 per
1566 1358 1675 1387 eosdem

180 1406 324 1434 canonicos
347 1411 376 1435 et
398 1408 555 1445 capellanos
578 1408 656 1436 chori
677 1408 720 1436 die
741 1409 848 1436 decimo
870 1409 970 1437 mensis
994 1410 1094 1437 Marcii
1119 1409 1249 1437 celebrari
1274 1408 1402 1441 causabit‚
1427 1407 1526 1444 quibus
1552 1405 1677 1433 similiter

180 1453 281 1490 viginti
301 1459 419 1491 quatuor
438 1455 547 1489 solidos,
568 1461 596 1484 et
614 1456 781 1493 pauperibus
801 1456 898 1484 eodem
913 1456 956 1484 die
971 1457 1087 1493 triginta
1102 1457 1201 1484 solidos
1215 1458 1248 1484 de
1262 1455 1364 1493 viginti
1379 1455 1500 1493 quinque
1514 1453 1613 1481 marcis
1628 1462 1677 1490 per

180 1510 244 1529 eum
258 1501 422 1539 recipiendis
436 1502 503 1530 dicti
520 1503 680 1541 principalis
694 1505 780 1531 annui
795 1503 929 1538 redditus,
944 1504 1088 1532 annuatim
1103 1504 1249 1542 persolvet,
1265 1508 1293 1532 et
1307 1504 1360 1531 hoc
1374 1502 1459 1531 semel
1472 1501 1502 1529 in
1517 1511 1590 1528 anuo
1605 1500 1675 1527 dun-

179 1553 266 1582 taxat,
288 1549 320 1577 de
337 1560 392 1587 quo
407 1560 500 1578 annuo
514 1550 624 1578 redditu
638 1551 782 1589 principali
797 1551 999 1588 quinquaginta
1013 1561 1168 1580 marcarum
1182 1551 1318 1589 equaliter
1330 1550 1406 1578 inter
1418 1549 1506 1577 dictos
1521 1547 1676 1586 capellanos

179 1595 389 1624 dividendarum
410 1598 481 1625 alter
495 1607 592 1625 eorum
607 1598 710 1635 viginti
729 1608 834 1625 marcas
849 1599 882 1625 ad
899 1598 962 1626 suos
976 1599 1102 1637 proprios
1116 1599 1181 1627 usus
1195 1609 1245 1637 pro
1259 1598 1340 1626 feodo
1355 1597 1410 1625 five
1424 1596 1520 1624 salario
1541 1595 1590 1623 suo
1609 1594 1675 1623 reti·

179 1643 255 1671 nebit
267 1655 274 1676 ;
295 1649 323 1672 et
338 1645 411 1682 quod
426 1645 547 1682 superest
562 1645 596 1673 de
610 1645 755 1684 principali
769 1645 876 1673 summa
890 1650 991 1683 praeter
1004 1647 1172 1675 solutionem
1189 1656 1240 1684 pro
1258 1644 1451 1674 anniversariis
1465 1648 1494 1672 et
1508 1642 1675 1681 pauperibus

177 1689 330 1719 faciendam
352 1693 508 1720 extendens
528 1693 562 1720 ad
576 1692 676 1730 viginti
692 1693 814 1730 quinque
828 1692 928 1721 solidos
948 1698 976 1722 et
994 1699 1113 1731 quatuor
1129 1694 1264 1727 denarios,
1286 1703 1336 1731 pro
1356 1702 1436 1730 pane,
1457 1691 1533 1724 vino,
1554 1700 1624 1724 cera,
1647 1694 1675 1717 et

178 1739 349 1767 ornamentis
374 1739 504 1767 altarium
529 1740 604 1768 inter
627 1740 699 1778 ipsos
724 1740 880 1778 capellanos
902 1741 970 1768 duos
995 1741 1196 1779 disponendum
1218 1741 1354 1779 equaliter
1373 1739 1523 1768 dividetur.
1564 1737 1603 1766 Et
1627 1737 1675 1764 ubi

178 1785 266 1813 dictos
290 1786 444 1823 capellanos
474 1787 593 1815 servitiis
623 1788 818 1815 communibus
844 1788 920 1815 chori
949 1788 1029 1816 dictae
1060 1789 1179 1817 ecclefiae
1205 1787 1390 1816 Moravienfis
1414 1791 1443 1815 et
1466 1786 1550 1814 miss'ae
1579 1784 1673 1813 Sancti

179 1832 296 1860 Thomae
311 1833 437 1861 interesse
452 1838 480 1861 et
495 1834 596 1862 servire
611 1835 769 1863 ordinatum
785 1835 833 1868 est,
848 1835 914 1862 dicti
933 1836 1066 1873 capellani
1086 1846 1150 1864 cum
1169 1835 1268 1864 ceteris
1286 1835 1364 1863 chori
1383 1833 1530 1872 capellanis
1548 1842 1673 1860 commu-

178 1880 257 1907 nium
273 1881 501 1909 distribucionum
517 1882 570 1910 fint
584 1882 732 1920 participes
747 1888 774 1910 et
789 1882 899 1910 illarum
915 1883 992 1911 suam
1006 1891 1113 1921 partem
1131 1884 1261 1911 habeant.
1302 1883 1340 1911 Et
1354 1883 1388 1910 de
1401 1882 1496 1909 decem
1511 1880 1609 1908 marcis
1622 1888 1672 1917 pro

177 1927 258 1955 dictis
273 1928 475 1962 anniversariis,
488 1929 665 1967 pauperibus,
680 1940 760 1967 pane,
776 1930 851 1963 vinu,
866 1940 928 1958 cera
942 1934 970 1959 et
984 1931 1114 1959 altarium
1127 1930 1299 1959 ornamentis
1313 1929 1489 1968 disponendis
1503 1927 1569 1956 dicti
1584 1926 1673 1965 capel-

176 1974 233 2002 lani
248 1975 393 2003 annuatim
407 1980 569 2014 compotum
584 1981 612 2005 et
626 1977 764 2005 rationem
782 1977 886 2005 decano
904 1982 932 2005 et
949 1978 1072 2016 capitulo
1092 1979 1212 2007 ecclefiae
1234 1977 1419 2006 Moravienfis
1438 1976 1563 2004 reddant.
1604 1974 1672 2002 Pro-

176 2021 235 2049 viso
249 2023 322 2059 quod
336 2023 403 2051 dicti
417 2023 471 2051 duo
486 2024 620 2061 capellani
635 2024 687 2052 sint
702 2024 862 2053 immediate
877 2024 992 2063 subjecti
1006 2030 1034 2054 et
1048 2026 1209 2054 obedientes
1224 2026 1340 2054 Decano
1355 2030 1383 2053 et
1398 2024 1519 2062 capitulo
1536 2022 1604 2050 ficut
1624 2020 1671 2048 alii

176 2070 308 2107 capellani
324 2075 351 2098 et
367 2071 492 2098 choristae
507 2071 587 2099 dictae
601 2072 739 2105 eccleflae;
759 2076 788 2101 et
802 2073 974 2101 tenebuntur
987 2074 1020 2101 ad
1038 2073 1200 2102 continuam
1222 2072 1408 2105 refidenciam,
1427 2081 1478 2099 nec
1498 2070 1598 2098 abhinc
1619 2067 1670 2095 dis-

177 2116 274 2145 cedent
292 2117 348 2145 fine
369 2117 482 2146 licentia
501 2119 598 2147 decani
619 2124 647 2148 et
669 2119 792 2157 capituli,
814 2124 842 2148 et
859 2120 912 2148 hoc
930 2130 980 2158 per
998 2121 1121 2159 spacium
1135 2121 1238 2158 viginti
1259 2125 1379 2159 quatuor
1398 2119 1505 2147 dierum
1527 2117 1555 2144 in
1578 2125 1670 2147 anno;

176 2163 326 2202 viventque
347 2166 461 2193 honeste
482 2166 582 2204 absque
603 2167 764 2195 concubinis
785 2167 833 2196 seu
853 2167 963 2196 focariis
980 2174 1013 2197 ut
1031 2169 1108 2207 prius
1127 2169 1235 2197 dictum
1255 2169 1303 2202 est,
1326 2177 1390 2195 cum
1411 2166 1510 2204 quibus
1531 2164 1549 2191 fi
1570 2163 1666 2200 depre-

175 2210 251 2239 henfl
274 2212 319 2240 vel
343 2213 432 2241 notati
453 2212 558 2241 fuerint
582 2218 609 2242 et
632 2224 681 2252 per
704 2215 839 2242 decanum
860 2220 888 2243 et
910 2215 1064 2253 capitulum
1083 2216 1185 2244 moniti
1205 2216 1238 2243 ad
1258 2215 1439 2243 desistendum
1459 2211 1581 2250 ipsasque
1602 2219 1668 2237 con-

176 2258 288 2288 cubinas
313 2260 361 2288 seu
384 2260 499 2289 focarias
523 2262 718 2296 amovendum,
742 2267 770 2291 et
792 2262 930 2291 mandatis
954 2263 1209 2302 monitionibusque
1233 2261 1391 2301 hujusmodi
1415 2259 1487 2287 infra
1509 2256 1665 2296 quindecim

897 2314 967 2346 301
