2060 2660
608 150 926 187 REGISTRUM
954 150 1169 187 MORAVI
1177 152 1315 189 ENSE.
1658 159 1705 197 73

209 250 288 286 nice
302 249 495 298 optinuerit
512 261 570 284 eas
589 249 715 284 habeat
733 249 770 284 in
787 262 914 297 puram
933 254 969 284 et
985 255 1196 297 perpetuam
1215 249 1439 285 elemosinam
1467 270 1475 278 ·
1505 265 1586 287 cum
1605 266 1703 287 man-

210 306 251 343 fis
266 327 274 335 ·
294 306 438 342 decimis
456 325 464 334 ·
485 306 724 342 oblationibus
743 326 751 334 ·
771 306 1047 342 obventionibus
1065 312 1100 341 et
1118 305 1288 341 universis
1305 307 1579 343 rectitudinibus
1597 310 1706 345 eccle-

210 363 344 399 fiasticis
363 383 371 391 ·
390 364 480 399 adeo
499 363 608 399 libere
628 383 636 391 ·
656 364 775 411 quiete
794 383 803 392 ·
822 364 981 412 plenarie
1001 384 1009 392 -
1028 363 1173 411 pacifice
1191 383 1199 390 ·
1219 368 1255 398 et
1272 363 1469 399 honorifice
1486 363 1572 400 ficut
1590 366 1706 413 aliqua

208 421 389 469 prebenda
402 421 439 456 in
453 421 616 469 predi&a
634 421 775 457 ecclesia
793 421 987 457 cathedrali
1005 421 1150 456 liberius
1165 440 1173 448 ·
1189 421 1343 467 quietius
1358 440 1366 448 ·
1386 421 1525 468 plenius
1543 428 1578 456 et
1596 423 1706 457 hono-

208 478 402 513 rificent-ius
415 478 567 514 habetur
581 484 617 514 et
631 478 824 527 possidetur
839 499 847 507 ·
862 479 964 514 salvis
978 478 1230 527 episcopalibus
1245 497 1253 506 ·
1274 478 1319 513 In
1330 478 1575 526 premissorum
1587 486 1705 515 autem

207 535 446 571 testimonium
464 536 698 572 indubitabile
716 536 777 572 ista
796 549 903 572 manu
922 537 1067 585 propria
1085 534 1270 584 conscripsi
1288 555 1296 563 ·
1312 541 1347 570 et
1365 540 1438 570 tam
1456 535 1705 584 subscriptione

206 606 313 640 quam
331 593 532 629 testimonio
551 594 692 629 Decani
715 594 824 629 nostri
848 599 884 630 et
905 594 1159 629 canonicorum
1183 594 1243 640 qui
1264 593 1414 628 aderant
1431 593 1499 628 feci
1516 593 1677 629 roborari
1697 615 1704 622 ·

207 650 347 685 Actum
365 663 460 686 anno
478 651 593 698 gratie
613 652 845 689 ·co⁰·cc⁰·xxvi·
874 652 953 699 Ego
973 651 1173 700 Freskynus
1200 651 1354 686 decanus
1376 650 1605 687 moraviensis
1631 652 1706 687 sub-

206 707 316 743 scribo
345 727 353 735 ·
382 708 461 756 Ego
482 708 663 744 Henricus
684 709 921 744 thesaurarius
941 707 1173 746 moraviensis
1196 708 1372 744 subscribo
1404 728 1412 735 ·
1446 708 1525 756 Ego
1546 708 1706 756 magister

207 765 407 801 W'illelmus
438 766 631 802 canonicus
662 766 891 803 moraviensis
919 767 1094 802 subscribo
1132 786 1140 794 -
1178 766 1257 814 Ego
1287 766 1483 801 Edwardus
1514 766 1705 802 canonicus

206 822 434 858 moraviensis
460 823 634 859 subscribo
667 844 675 852 ·
709 824 788 872 Ego
816 824 998 860 Robertus
1024 824 1217 860 canonicus
1244 822 1474 860 moraviensis
1501 823 1675 860 subscribo
1695 844 1702 851 ·

207 880 285 928 Ego
307 881 472 916 Andreas
490 882 683 917 canonicus
701 881 932 919 moraviensis
950 882 1124 918 subscribo
1140 901 1148 909 ·

205 1054 442 1090 Confirmatio
461 1060 624 1091 veterum
644 1055 887 1091 Canoniarum
908 1060 944 1092 et
961 1068 1137 1092 novarum
1157 1074 1165 1083 ·
1185 1060 1221 1090 et
1238 1054 1442 1103 subscriptio
1463 1055 1560 1091 Cleri
1577 1075 1584 1083 ·

205 1169 384 1205 Univerfis
414 1170 534 1205 fauste
564 1170 683 1207 matris
711 1169 851 1206 ecclesie
881 1170 961 1205 filiis
989 1171 1058 1206 hoc
1088 1170 1258 1218 scriptum
1288 1170 1413 1205 visuris
1441 1171 1497 1206 vel
1529 1171 1703 1206 audituris

205 1226 371 1262 Andreas
389 1226 613 1275 permissione
632 1228 752 1263 divina
765 1227 995 1264 moraviensis
1014 1228 1196 1275 episcopus
1210 1233 1369 1263 eternam
1384 1229 1422 1262 in
1437 1228 1598 1263 Domino
1617 1229 1704 1264 salu-

203 1290 274 1320 tem
295 1304 303 1312 ·
323 1285 507 1320 Noveritis
530 1283 684 1320 universi
706 1298 772 1320 nos
798 1290 911 1320 ratam
938 1285 1092 1320 habuiss'e
1119 1291 1155 1320 et
1180 1285 1333 1332 presenti
1360 1291 1458 1320 carta
1480 1285 1599 1321 nostra
1620 1299 1703 1321 con-

202 1342 351 1377 firmasse
366 1343 459 1390 piam
475 1342 794 1378 commendabilem
810 1342 1070 1377 ordinationem
1086 1348 1121 1378 et
1135 1342 1349 1378 laudabilem
1363 1342 1598 1390 provisionem
1618 1345 1702 1379 o&0

202 1400 464 1448 prebendarum
483 1400 520 1434 in
539 1398 683 1435 ecclesia
700 1400 894 1435 cathedrali
909 1399 1139 1436 moraviensis
1158 1399 1312 1448 dyocesis
1329 1400 1462 1435 fafitam
1477 1414 1540 1448 per
1557 1414 1703 1437 venera-

200 1457 307 1493 bilem
322 1463 459 1505 patrem
477 1456 636 1492 nostrum
654 1456 940 1493 reverendissime
957 1458 1128 1492 memorie
1144 1457 1330 1493 dominum
1346 1457 1505 1493 Bricium
1519 1459 1700 1505 quondam

203 1515 461 1551 moraviensem
481 1515 682 1563 episcopum
708 1534 716 1542 ·
736 1528 821 1562 quas
839 1515 1005 1550 volumus
1024 1515 1188 1550 omnibus
1206 1515 1428 1550 libertatibus
1447 1520 1482 1550 et
1500 1515 1702 1551 immunita-

201 1572 295 1608 tibus
314 1573 349 1607 in
372 1577 585 1620 perpetuum
612 1572 902 1620 irrefragabiliter
925 1573 1082 1620 gaudere
1109 1572 1235 1620 quibus
1262 1572 1444 1620 prediGtus
1470 1577 1571 1620 pater
1597 1586 1702 1609 vene-

200 1629 319 1664 rabilis
346 1643 404 1665 eas
430 1630 564 1665 donare
591 1630 750 1665 decrevit
779 1649 786 1657 ·
818 1630 875 1665 Ita
898 1635 1019 1665 tamen
1040 1635 1081 1665 ut
1104 1630 1285 1678 prebenda
1303 1630 1346 1665 de
1365 1629 1583 1665 Strathouen
1595 1630 1702 1679 juxta

200 1687 296 1734 quod
316 1687 358 1722 de
378 1686 521 1722 consilio
540 1692 576 1722 et
594 1687 764 1722 consensu
783 1687 927 1735 capituli
945 1687 1053 1722 nostri
1072 1687 1119 1723 est
1137 1687 1317 1735 provisum
1331 1692 1367 1722 et
1380 1686 1548 1723 statutum
1566 1687 1605 1723 fit
1623 1702 1701 1736 per-

199 1750 307 1792 petua
324 1745 476 1780 canonia
493 1745 538 1779 ad
557 1745 803 1780 cancellariam
822 1745 1004 1792 pertinens
1023 1764 1031 1773 ·
1051 1745 1232 1793 prebenda
1253 1758 1340 1780 vero
1359 1745 1403 1780 de
1421 1745 1643 1794 Fotheruays
1661 1746 1700 1782 sit

199 1800 343 1850 simplex
361 1802 512 1837 canonia
537 1822 545 1830 ·
566 1807 601 1838 et
620 1815 697 1838 eam
716 1802 844 1837 habeat
862 1803 1064 1850 quicunque
1082 1816 1147 1851 pro
1165 1807 1327 1850 tempore
1345 1803 1452 1838 fuerit
1470 1804 1700 1840 moraviensis

200 1859 380 1907 episcopus
399 1879 407 1887 ·
428 1865 463 1895 et
477 1859 618 1895 ecclesie
633 1860 845 1895 cathedralis
863 1859 902 1895 fit
920 1859 1065 1908 simplex
1079 1860 1273 1896 canonicus
1291 1879 1299 1887 ·
1320 1860 1496 1896 Predioffis
1510 1874 1596 1897 vero
1614 1863 1698 1897 οᾶὶο

199 1917 358 1953 canoniis
375 1917 421 1952 ad
439 1917 549 1952 divini
569 1917 687 1952 cultus
705 1917 973 1965 ampliationem
991 1918 1126 1965 aliquot
1143 1917 1341 1966 prebendas
1355 1918 1399 1954 de
1417 1931 1513 1954 novo
1532 1919 1698 1955 duximus

198 1974 427 2023 apponendas
446 1994 454 2002 ·
475 1975 695 2023 ampliandas
713 1975 772 2010 seu
791 1975 1034 2022 aggregandas
1053 1995 1061 2003 ·
1082 1975 1216 2011 dandas
1235 1995 1243 2003 ·
1256 1976 1503 2011 concedendas
1522 1996 1530 2004 -
1550 1982 1585 2012 et
1600 1975 1698 2025 affig-

198 2032 333 2067 nandas
352 2052 360 2060 ·
381 2037 416 2068 et
434 2033 499 2067 hac
517 2032 670 2080 presenti
690 2038 788 2067 carta
805 2032 923 2067 nostra
940 2032 1201 2068 confirmandas
1215 2032 1356 2069 ecclesie
1370 2033 1487 2069 nostre
1501 2034 1695 2070 cathedrali

199 2089 242 2125 de
261 2089 429 2125 consensu
448 2095 484 2125 et
501 2089 645 2125 consilio
665 2090 809 2138 capituli
828 2089 959 2125 nostri·
979 2096 1014 2126 et
1032 2087 1076 2126 de
1090 2090 1277 2126 voluntate
1291 2096 1327 2126 et
1341 2091 1591 2127 convenientia
1610 2092 1695 2127 cleri

199 2146 427 2183 moravienfis
442 2167 450 2175 -
471 2147 648 2183 habendas
663 2153 698 2183 et
712 2146 934 2195 poffidendas
947 2148 1202 2196 perpetualiter
1216 2149 1253 2183 in
1267 2148 1414 2184 liberam
1428 2162 1552 2197 puram
1568 2155 1603 2185 et
1617 2163 1694 2198 per-

198 2209 341 2252 petuam
360 2203 583 2240 elemosinam
604 2224 612 2232 ·
632 2218 718 2252 quas
744 2205 788 2240 ad
814 2205 1017 2241 uberiorem
1043 2205 1251 2254 provisionis
1277 2207 1452 2242 cautelam
1479 2206 1692 2254 distinguen-

199 2261 260 2296 das
284 2261 450 2297 duximus
468 2275 508 2298 ac
524 2262 773 2311 exprimendas
798 2282 806 2290 ·
833 2262 952 2298 Prima
970 2262 1018 2299 est
1035 2262 1177 2300 ecclesia
1195 2264 1239 2300 de
1259 2263 1392 2312 Rynyn
1419 2277 1499 2300 cum
1528 2264 1691 2300 omnibus

933 2333 958 2355 K
