2060 2660
548 183 655 219 REG
661 183 864 220 ISTRUM
892 183 1253 223 MORAVIENSE.
1570 194 1638 228 241

154 284 311 320 Thomas
329 282 449 318 Grant
473 287 508 317 et
530 281 689 317 Thomas
711 282 854 317 Steuart
878 282 971 318 dicte
998 282 1139 319 ecclefie
1165 286 1326 321 canonici
1352 288 1642 337 prebendariique

155 341 273 378 Sancti
296 340 415 388 Egidii
447 339 491 375 de
521 339 629 387 Elgin
658 344 694 375 et
718 339 861 375 Duthol
888 340 925 374 in
954 340 1078 375 eadem
1105 360 1114 368 ·
1146 340 1353 378 Alexander
1380 344 1584 381 Suthirland
1608 354 1642 382 et

154 399 329 436 martinus
359 396 583 433 ecclesiarum
615 397 659 432 de
689 397 867 445 Inuernys
896 417 904 425 ·
946 397 1076 445 Pettyn
1104 403 1140 433 et
1167 398 1330 435 Brachlie
1360 401 1481 436 vicarii
1512 422 1520 430 ·
1558 403 1643 438 Wil-

152 456 278 492 lelmus
310 455 445 491 Caldor
476 455 520 490 de
551 455 679 490 eodem
706 474 714 482 ·
752 455 952 490 Duncanus
983 455 1198 491 m⁰kintosch
1228 456 1431 504 capitaneus
1465 459 1508 494 de
1540 459 1643 495 Clan-

152 519 271 550 cattan
297 532 306 540 ·
339 512 548 548 Alexander
580 512 787 560 Cummyng
818 513 862 548 de
891 512 998 548 Altre
1022 531 1031 540 ·
1065 512 1250 549 ,Iohannes
1273 513 1395 562 Brody
1419 515 1462 550 de
1490 516 1614 551 eodem
1635 536 1642 544 ·

152 570 353 606 Willelmus
381 570 465 618 Hay
487 570 531 606 de
556 569 650 605 Park
677 589 685 597 ·
719 569 920 605 Willelmus
945 570 1059 605 Doles
1082 570 1125 606 de
1149 570 1307 619 Cantray
1334 591 1343 599 ·
1378 572 1489 620 Hugo
1509 573 1643 608 Alani·

154 628 334 663 Robertus
359 627 494 663 Caldor
518 647 526 655 ·
555 626 714 663 Thomas
743 627 827 675 Hay
846 646 854 655 ·
883 627 1050 663 Andreas
1077 627 1246 675 Cumyng
1270 648 1278 656 ·
1305 628 1471 665 Andreas
1495 630 1618 666 Fraser
1636 651 1644 658 ·

152 685 361 721 Alexander
386 685 574 721 Cheshelm
601 705 610 713 ·
639 685 841 721 Willelmus
870 685 1058 721 Cheshelm
1087 690 1123 720 et
1150 686 1319 722 moreach
1346 687 1442 723 moir
1460 706 1469 715 ·
1496 688 1617 723 arbitri
1637 708 1644 716 ·

151 743 380 779 arbitratores
411 762 420 771 ·
457 743 658 779 amicabiles
690 741 941 791 compositores
972 748 1007 778 et
1037 755 1245 778 communes
1275 744 1377 779 amici
1404 758 1467 792 per
1493 750 1528 780 et
1554 746 1646 782 inter

151 801 389 836 reverendum
413 801 450 836 in
472 800 612 837 Christo
639 806 777 849 patrem
806 814 847 836 ac
876 800 1062 835 dominum
1089 800 1275 836 dominum
1301 800 1486 837 Andream
1513 803 1584 839 Dei
1613 810 1647 840 et

152 858 339 906 apostolice
357 859 444 894 sedis
462 859 576 906 gratia
594 859 794 907 episcopum
810 858 1070 895 moraviensem
1085 863 1120 893 et
1133 858 1379 894 honorabilem
1392 859 1508 895 virum
1524 860 1648 909 Hugo-

151 928 234 951 nem
254 916 331 951 Ros
348 916 520 952 baronem
539 917 582 952 de
603 916 781 952 Kilravok
805 916 842 951 in
863 916 965 951 causa
987 916 1046 951 seu
1069 915 1176 951 caufis
1199 916 1243 952 de
1262 921 1298 952 et
1315 917 1417 965 super
1440 918 1543 953 terris
1560 918 1648 954 limi-

152 973 245 1008 tibus
272 979 308 1009 et
333 974 498 1010 merchiis
523 973 693 1010 univerfis
716 979 894 1009 terrarum
921 974 965 1009 de
990 973 1166 1008 Kilravok
1189 993 1197 1001 ·
1229 974 1326 1022 Croy
1344 980 1379 1010 et
1401 975 1590 1023 Kildrumy
1608 990 1647 1012 ac

152 1030 304 1077 querelis
322 1036 358 1066 et
375 1031 612 1078 questionibus
630 1030 810 1067 occasione
830 1031 1076 1079 premissorum
1096 1031 1351 1067 debatabilibus
1375 1033 1522 1081 desuper
1544 1035 1648 1069 motis

153 1088 211 1123 seu
236 1089 421 1124 movendis
439 1089 632 1125 secundum
655 1089 805 1124 formam
824 1089 1051 1136 speculatoris
1069 1089 1308 1125 communiter
1325 1090 1430 1125 eleeti
1450 1109 1458 1118 ·
1488 1097 1594 1139 prout
1612 1093 1648 1127 in

153 1146 400 1194 compromisso
415 1147 562 1194 desuper
579 1147 675 1182 edito
693 1146 833 1194 plenius
851 1146 1058 1181 continetur
1077 1165 1085 1173 ·
1104 1146 1275 1194 prefatam
1294 1147 1431 1182 causam
1449 1146 1517 1184 five
1531 1149 1648 1185 causas

154 1202 198 1238 de
221 1208 454 1251 utrarumque
472 1204 625 1252 partium
645 1204 887 1252 predkffizrum
907 1203 1075 1238 consensu
1094 1203 1220 1250 absque
1239 1205 1433 1240 earundem
1451 1206 1647 1254 prejudicio

154 1261 413 1297 continuarunt
431 1262 671 1298 extenderunt
689 1267 725 1297 et
741 1266 984 1309 prorogarunt
997 1261 1105 1296 modo
1121 1266 1156 1295 et
1170 1261 1283 1296 forma
1297 1262 1516 1309 subsequenti
1535 1283 1543 1291 ·
1572 1264 1648 1299 Nos

155 1317 364 1354 Alexander
392 1319 545 1354 Dunbar
572 1319 616 1354 de
639 1317 797 1354 Vestfeld
822 1337 831 1345 ·
862 1318 1018 1354 Jacobus
1046 1317 1199 1353 Dunbar
1226 1318 1270 1353 de
1298 1318 1465 1354 Comnok
1491 1321 1619 1356 milites
1638 1341 1645 1349 ·

156 1374 274 1410 Adam
291 1376 445 1411 Gordon
464 1381 655 1422 precentor
670 1395 678 1403 ·
698 1381 733 1411 et
748 1375 948 1410 VVillelmus
960 1375 1169 1411 Vinchestre
1186 1375 1420 1411 thesaurarius
1438 1377 1647 1413 cathedralis

154 1431 294 1468 ecclesie
313 1433 543 1470 moraviensis
562 1453 571 1461 ·
605 1434 763 1468 Thomas
781 1432 901 1469 Grant
921 1438 957 1468 et
975 1432 1133 1468 Thomas
1152 1432 1304 1468 Stewart
1322 1433 1417 1469 ὀίὁὶθ
1436 1434 1576 1470 ecclesie
1595 1449 1648 1471 ca-

153 1490 510 1526 thedralis'canonici
534 1491 829 1539 prebendariique
854 1490 976 1526 Sanffi
995 1489 1114 1537 Egidii
1136 1490 1179 1525 de
1198 1490 1306 1537 Elgin
1325 1496 1360 1526 et
1379 1491 1520 1526 Duthol
1538 1493 1574 1527 in
1593 1506 1648 1528 ea-

155 1547 234 1582 dem
252 1567 260 1575 ·
282 1547 490 1584 Alexander
509 1548 716 1584 Suthirland
736 1553 771 1584 et
786 1548 964 1584 martinus
983 1546 1206 1583 ecclesiarum
1225 1548 1269 1582 de
1289 1547 1464 1596 Inuernys
1478 1554 1514 1584 et
1528 1549 1648 1585 Pettin

154 1605 274 1640 vicarii
294 1625 302 1633 ·
327 1605 528 1641 lVillelmus
547 1606 681 1642 Caldor
696 1606 739 1641 de
758 1606 884 1641 eodem
900 1625 908 1633 ·
929 1605 1129 1640 Duncanus
1147 1605 1367 1652 m⁰yntosche
1385 1606 1589 1653 capitaneus
1604 1608 1647 1643 de

156 1662 368 1698 Clancattan
397 1682 405 1691 ·
439 1663 648 1699 Alexander
667 1663 826 1710 Cuming
852 1663 896 1698 de
915 1662 1021 1698 Altre
1040 1682 1048 1690 ·
1076 1662 1258 1698 Johannes
1278 1663 1399 1710 Brody
1422 1663 1466 1699 de
1493 1665 1618 1700 eodem
1638 1685 1646 1693 ·

155 1718 356 1755 Willelmus
385 1720 468 1768 Hay
495 1721 539 1756 de
567 1721 660 1756 Park
680 1740 687 1748 ·
716 1720 917 1755 Willelmus
944 1719 1057 1754 Doles
1086 1719 1130 1754 de
1155 1719 1313 1767 Cantray
1332 1739 1340 1747 ·
1373 1720 1485 1768 Hugo
1513 1722 1622 1757 Alani
1638 1743 1646 1750 ·

157 1776 337 1812 Robertus
357 1777 491 1814 Caldor
510 1797 518 1805 ·
548 1778 707 1813 Thomas
728 1777 811 1825 Hay
831 1797 839 1805 ·
868 1777 1035 1812 Andreas
1053 1776 1211 1824 Cuming
1237 1777 1427 1825 burgenses
1452 1778 1496 1814 de
1518 1779 1619 1814 Narn
1638 1800 1645 1807 ·

128 1842 131 1844 ’
156 1834 322 1870 Andreas
341 1835 464 1871 Fraser
483 1855 491 1863 ·
519 1835 727 1871 Alexander
746 1834 932 1871 Cheshelm
952 1840 987 1870 et
1005 1834 1175 1871 moreach
1194 1834 1289 1870 moir
1308 1853 1317 1862 ·
1336 1834 1458 1870 arbitri
1475 1854 1484 1863 ·
1502 1836 1646 1872 arbitra-

155 1898 251 1928 tores
265 1911 274 1920 ·
289 1893 490 1929 amicabiles
508 1892 758 1941 compositores
773 1898 809 1928 et
822 1905 1029 1928 communes
1043 1891 1146 1927 amici
1164 1904 1228 1939 per
1246 1897 1282 1927 et
1299 1892 1393 1927 inter
1410 1894 1646 1929 reverendum

155 1949 193 1985 in
211 1950 350 1986 Christo
372 1956 510 1999 patrem
533 1964 574 1986 ac
599 1951 784 1986 dominum
803 1950 989 1986 dominum
1008 1949 1194 1984 Andream
1213 1949 1285 1984 Dei
1303 1954 1338 1984 et
1355 1949 1543 1998 apostolice
1561 1951 1647 1986 sedis

155 2008 270 2055 gratia
295 2009 496 2057 episcopum
520 2009 779 2046 moraviensem
805 2022 850 2044 ex
876 2021 950 2044 una
976 2013 1012 2044 et
1039 2007 1285 2044 honorabilem
1309 2008 1425 2044 virum
1451 2009 1645 2057 Hugonem

159 2065 234 2100 Ros
251 2065 421 2102 baronem
438 2067 482 2102 de
499 2066 674 2102 Kilravok
688 2066 845 2115 partibus
863 2079 907 2102 ex
925 2066 1037 2101 altera
1050 2085 1058 2093 ·
1078 2066 1115 2101 in
1133 2065 1234 2101 causa
1252 2071 1287 2101 et
1305 2065 1412 2101 caufis
1430 2067 1474 2102 de
1493 2072 1528 2102 et
1545 2067 1646 2115 super

156 2123 259 2158 terris
284 2123 453 2159 limitibus
478 2129 514 2159 et
537 2124 701 2160 merchiis
723 2123 892 2159 universis
913 2129 1089 2159 terrarum
1108 2123 1151 2159 de
1172 2123 1348 2159 Kilravok
1366 2142 1374 2151 ·
1401 2123 1498 2172 Croy
1516 2130 1552 2160 et
1572 2125 1646 2159 Kil-

157 2180 285 2228 drumy
298 2194 338 2216 ac
355 2182 506 2229 querelis
521 2187 556 2217 et
569 2181 806 2229 questionibus
823 2179 1002 2217 occasione
1020 2181 1265 2229 premissorum
1283 2181 1376 2216 inter
1390 2181 1529 2216 eosdem
1543 2182 1645 2217 deba-

158 2237 322 2274 tabilibus
343 2240 448 2275 motis
468 2239 527 2275 seu
550 2240 735 2275 movendis
758 2239 951 2275 secundum
978 2239 1129 2274 formam
1156 2238 1383 2286 speculatoris
1409 2239 1644 2274 communiter

869 2300 892 2331 Q
911 2308 937 2331 Η
