2060 2660
357 168 428 200 130
755 163 1070 202 REGISTRUM
1099 163 1464 202 MORAVIENSE.

353 268 562 310 rogatorum
581 263 754 312 presentia
769 282 778 292 ·
797 269 944 312 propter
960 264 1029 300 hoc
1043 263 1274 312 personaliter
1286 261 1498 298 constitutus
1515 260 1725 308 magnificus
1744 262 1855 298 domi-

353 333 420 356 nus
438 326 474 356 et
492 326 618 369 potens
636 321 802 356 dominus
820 321 980 357 Thomas
1005 320 1049 356 de
1068 319 1222 356 Dunbar
1243 331 1361 354 comes
1379 317 1541 355 moravie
1563 324 1775 366 procurator
1792 332 1855 356 no-

351 378 430 413 bilis
457 378 525 414 viri
549 378 749 414 Alexandri
778 379 822 414 de
846 378 1000 414 Dunbar
1027 377 1146 413 fratris
1174 376 1223 411 sui
1251 375 1415 423 germani
1439 380 1482 410 ut
1510 375 1650 411 dicebat
1680 376 1724 412 de
1750 376 1854 426 ipfius

352 435 553 471 Alexandri
564 436 702 484 speciali
713 436 881 471 mandato
894 435 1018 471 volens
1032 434 1221 482 agnoscere
1233 433 1364 468 bonam
1378 432 1485 467 fidem
1501 433 1712 481 recognovit
1723 440 1759 470 et
1770 448 1852 471 con-

350 493 453 529 sess'us
479 493 528 529 est
553 493 684 529 ibidem
711 494 848 529 dietum
872 492 1017 528 fratrem
1041 491 1141 527 suum
1162 490 1413 526 Alexandrum
1431 489 1571 526 nullum
1584 490 1645 539 jus
1663 504 1728 528 nec
1748 493 1852 541 [titu-

351 550 447 597 lum]
460 551 553 600 juris
567 551 720 587 habuiffe
734 551 790 586 vel
806 550 933 585 habere
948 550 985 584 in
1001 549 1123 584 Domo
1136 548 1208 583 Dei
1219 547 1326 596 juxta
1340 547 1460 595 Elgyn
1474 561 1540 584 nec
1553 549 1598 584 ad
1613 562 1691 585 eam
1705 569 1714 577 ·
1734 550 1792 586 sed
1807 564 1851 586 ex

348 609 506 644 violenta
524 608 717 644 intrusione
737 607 871 643 domini
890 607 999 656 patris
1016 606 1065 641 sui
1085 619 1163 641 eam
1181 618 1247 653 pro
1268 611 1430 654 tempore
1444 607 1626 654 occupasse
1644 626 1653 635 ·
1672 608 1851 657 ipsamque

350 666 511 702 Domum
525 667 596 702 Dei
610 666 655 701 ad
673 666 900 702 collationem
915 670 951 700 et
963 662 1199 713 provisionem
1213 662 1377 711 Episcopi
1391 662 1622 700 moraviensis
1634 664 1746 701 solum
1762 671 1798 702 et
1812 667 1849 702 in

348 724 496 759 solidum
517 743 525 752 ·
547 724 674 771 absque
700 722 925 771 requisitione
951 721 1190 770 cujuscunque
1215 720 1362 756 alterius
1382 721 1531 769 persone
1549 721 1772 760 ecclesiastice
1789 725 1847 761 vel

348 781 511 817 secularis
528 782 585 817 vel
603 781 864 830 presentatioue
878 779 1118 828 cujuscunque
1137 778 1280 826 patroni
1293 778 1400 814 etiam
1415 778 1564 815 Domini
1579 779 1688 816 nostri
1708 781 1819 830 Regis
1838 803 1846 810 ·

348 839 550 887 pertinuisse
578 839 756 887 pertinere
785 844 820 874 et
847 837 1026 885 pertinere
1056 836 1186 872 debere
1213 854 1222 863 ·
1250 836 1349 872 unde
1379 836 1486 884 ipsam
1518 837 1681 874 Domum
1712 839 1785 876 Dei
1811 847 1847 877 et

348 895 451 945 ipsius
476 897 719 932 detentionem
747 909 852 943 quam
877 895 994 930 die'tus
1018 894 1128 929 frater
1151 893 1230 929 suus
1248 893 1375 943 injuste
1393 895 1580 943 occupavit
1600 908 1666 944 pro
1683 902 1845 945 tempore

346 955 382 989 in
402 955 563 989 manibus
582 954 667 989 diet-i
688 953 823 988 domini
837 952 998 1000 Episcopi
1015 949 1142 987 dimisit
1157 955 1192 986 et
1203 964 1292 999 pure
1306 950 1508 999 fimpliciter
1522 957 1558 988 et
1572 953 1681 989 libere
1695 954 1845 1003 resigna-

346 1012 397 1047 vit
417 1031 424 1040 ·
452 1012 498 1047 Et
513 1012 678 1047 dominus
693 1011 885 1058 Episcopus
900 1009 1166 1045 incontinenter
1179 1009 1311 1045 ibidem
1326 1008 1515 1045 discretum
1526 1010 1643 1046 virum
1658 1011 1844 1049 dominum

346 1070 465 1105 Adam
485 1069 528 1104 de
548 1068 798 1104 Dundurkhus
816 1080 940 1103 verum
967 1072 1003 1102 et
1025 1066 1212 1114 antiquum
1231 1065 1335 1115 ipsius
1354 1067 1497 1103 Domus
1514 1067 1587 1103 Dei
1611 1069 1813 1117 magistrum
1835 1091 1842 1099 ·

344 1128 401 1163 sed
415 1127 485 1175 ipsa
498 1140 563 1175 pro
578 1132 738 1174 tempore
753 1125 939 1174 spoliatum
955 1144 963 1153 ·
982 1124 1134 1160 restituit
1151 1125 1197 1160 ad
1216 1124 1322 1173 ipsam
1342 1137 1424 1160 cum
1441 1126 1665 1173 pertinentiis
1682 1127 1751 1163 suis
1765 1130 1843 1165 uni-

343 1183 447 1220 versis
459 1204 468 1213 ·
484 1185 527 1220 de
541 1183 790 1219 benevolentia
804 1183 911 1218 etiam
923 1182 1076 1218 Comitis
1089 1182 1280 1231 supradieti
1294 1201 1303 1210 ·
1318 1182 1421 1231 super
1431 1183 1559 1230 quibus
1571 1185 1736 1221 omnibus
1747 1186 1841 1223 idem

342 1242 506 1277 dominus
526 1241 644 1276 Adam
669 1241 771 1289 petiit
792 1253 856 1288 per
881 1253 938 1276 me
961 1240 1141 1276 notarium
1164 1240 1348 1288 publicum
1370 1240 1629 1290 infrascriptum
1651 1241 1712 1278 fibi
1729 1244 1842 1292 publi-

340 1312 420 1334 cum
451 1299 527 1335 fieri
557 1298 830 1334 instrumentum
858 1298 917 1334 seu
946 1297 1089 1346 publica
1116 1297 1351 1334 instrumenta
1373 1317 1383 1327 ·
1411 1298 1511 1335 Acta
1536 1299 1684 1336 fuerunt
1711 1302 1776 1338 hec
1802 1303 1839 1338 in

339 1356 480 1393 ecclesia
506 1355 719 1393 moraviensi
745 1368 841 1391 anno
866 1375 875 1384 ·
902 1356 1102 1392 indi&ione
1126 1375 1135 1384 ·
1163 1356 1282 1392 mense
1305 1375 1314 1384 ·
1342 1356 1399 1392 die
1422 1361 1459 1393 et
1479 1357 1690 1405 pontificatu
1711 1359 1838 1407 quibus

339 1416 440 1463 supra
466 1434 474 1442 ·
502 1413 721 1463 presentibus
742 1413 1005 1450 venerabilibus
1030 1413 1116 1449 viris
1142 1414 1297 1449 dominis
1323 1419 1360 1450 et
1385 1414 1557 1463 magistris
1585 1415 1766 1452 willelmo
1793 1418 1838 1454 de

339 1472 549 1509 Chesholme
567 1472 783 1507 thesaurario
802 1490 811 1500 ·
838 1470 1005 1508 Johanne
1023 1472 1068 1508 de
1087 1471 1190 1508 Arde
1209 1471 1415 1508 succentore
1434 1491 1442 1500 ·
1472 1472 1655 1509 Willelmo
1673 1474 1837 1511 Garland

338 1530 536 1565 subdecano
555 1550 564 1557 ·
593 1530 803 1565 Alexandro
825 1530 870 1566 de
889 1529 1078 1566 Urcharde
1102 1530 1276 1566 canonico
1301 1528 1443 1566 ecclefie
1465 1530 1696 1567 moraviensis
1714 1551 1723 1561 ·
1751 1532 1837 1569 Wil-

339 1588 445 1623 lelmo
465 1587 508 1623 de
527 1587 679 1623 Camera
696 1588 838 1623 messore
856 1586 999 1624 ecclefie
1017 1588 1062 1624 de
1080 1587 1241 1624 Turreth
1261 1587 1526 1624 Aberdonenfis
1550 1589 1738 1638 dyoceseos
1764 1610 1774 1619 ·
1801 1597 1837 1627 et

336 1645 404 1680 alia
418 1645 602 1680 hominum
615 1645 845 1681 multitudine
860 1646 999 1694 copiosa
1014 1665 1022 1674 ·
1036 1645 1180 1682 testibus
1194 1646 1239 1681 ad
1252 1646 1416 1694 premissa
1428 1646 1625 1694 specialiter
1638 1647 1811 1684 invocatis
1825 1668 1833 1676 ·

339 1703 385 1738 Et
404 1716 470 1750 ego
485 1702 684 1738 willelmus
702 1703 746 1738 de
766 1703 923 1751 Spyneto
942 1703 1091 1740 clericus
1109 1702 1341 1741 moraviensis
1359 1702 1513 1752 dyocesis
1530 1704 1693 1753 publicus
1710 1706 1834 1742 8υᾶὶο-

338 1761 441 1796 ritate
459 1760 630 1808 imperiali
648 1761 808 1795 notarius
829 1760 998 1808 premissis
1019 1762 1185 1797 omnibus
1209 1767 1244 1798 et
1267 1760 1411 1809 singulis
1435 1761 1521 1797 dum
1547 1767 1589 1797 ut
1614 1763 1834 1810 premittitur

337 1823 529 1865 agerentur
550 1823 585 1853 et
608 1817 737 1853 fierent
756 1830 829 1853 una
851 1831 931 1854 cum
955 1819 1125 1868 prediffis
1147 1818 1291 1855 testibus
1313 1819 1455 1868 presens
1480 1819 1627 1855 interfui
1653 1833 1763 1868 eaque
1787 1820 1831 1857 fic

337 1875 413 1910 fieri
426 1875 499 1910 vidi
514 1880 550 1910 et
563 1874 681 1910 audivi
696 1880 732 1910 et
745 1888 809 1923 per
821 1875 930 1911 alium
946 1896 954 1904 ·
974 1890 1030 1913 me
1048 1876 1220 1925 impedito
1235 1896 1244 1905 ·
1263 1877 1390 1925 scripta
1403 1877 1440 1912 in
1454 1877 1546 1912 hanc
1565 1877 1743 1925 publicam
1760 1878 1831 1914 for-

337 1945 430 1967 mam
454 1932 574 1979 redegi
599 1930 766 1980 signoque
792 1946 873 1968 meo
897 1938 933 1969 et
954 1933 1205 1983 subscriptione
1222 1933 1354 1983 sig-navi
1372 1940 1519 1982 rogatus
1536 1934 1573 1970 in
1591 1934 1830 1971 testimonium

335 1990 492 2026 veritatis
509 1989 752 2038 premissorum
773 2010 780 2017 ·
