1912 2660
162 410 233 441 *2224

261 133 332 170 »286
659 134 977 171 REGISTRUM
1006 133 1371 171 MORAVIENSE.

263 291 442 328 Fundatio
460 292 617 340 quinque
635 291 903 340 capellanorum
921 292 959 327 in
977 290 1113 339 capella
1129 290 1223 326 beati
1242 289 1386 325 Thome
1404 288 1570 337 martyris
1586 308 1594 316 ·

262 407 442 444 Univerfis
466 407 584 444 sancte
605 407 725 445 matris
752 405 893 443 ecclefie
920 405 1000 441 filiis
1027 405 1206 453 presentes
1230 403 1351 439 literas
1376 403 1583 452 inspecturis
1608 405 1768 441 Thomas

263 465 447 514 Ranulphi
466 478 585 501 comes
603 465 766 502 moravie
791 464 958 499 dominus
976 462 1091 498 Vallis
1111 461 1306 497 Annandie
1329 466 1365 496 et
1383 462 1531 498 mannie
1557 462 1704 498 salutem
1731 464 1769 499 in

263 523 425 559 Domino
444 523 693 572 sempiternam
713 542 721 550 ·
751 521 906 557 Noverit
927 518 1135 556 univerfitas
1154 519 1268 555 vestra
1286 519 1384 566 quod
1402 532 1484 555 cum
1502 533 1569 555 nos
1587 520 1643 568 pie
1663 521 1769 557 devo-

262 582 369 617 tionis
394 581 522 617 affectu
541 587 576 617 et
594 580 743 629 provide
769 578 1035 615 deliberationis
1057 582 1144 613 voto
1170 577 1442 625 disposuerimus
1467 590 1576 613 unam
1597 579 1769 626 capellam

262 639 419 675 nobilem
447 639 492 674 ad
519 639 686 674 decorem
713 635 855 673 ecclesie
880 635 1092 672 cathedralis
1111 633 1343 672 moraviensis
1361 636 1398 670 in
1416 635 1591 671 cimiterio
1613 636 1770 685 ejusdem

263 696 405 733 ecclesie
437 710 481 733 ex
511 702 612 745 parte
644 695 785 732 australi
814 695 851 729 in
879 694 1018 729 honore
1050 694 1144 729 beati
1172 693 1314 729 Thome
1346 693 1498 742 episcopi
1534 699 1570 729 et
1605 695 1770 743 martyris

262 755 456 803 sumptibus
485 754 610 790 nostris
639 753 843 790 construere
873 757 909 787 et
936 751 1103 787 edificare
1123 771 1131 779 ·
1160 751 1353 787 accedente
1374 752 1420 787 ad
1445 752 1514 787 hoc
1540 752 1710 788 consensu
1735 758 1770 789 et

263 813 489 849 ordinatione
518 826 559 848 ac
587 812 733 848 licentia
760 810 948 859 episcopali
971 810 1184 846 venerabilis
1207 810 1245 845 in
1266 809 1406 846 Christo
1424 809 1533 858 patris
1554 810 1691 846 domini
1709 811 1771 848 Jo-

263 871 390 906 hannis
414 871 486 907 Dei
510 870 626 918 gratia
650 868 802 918 episcopi
827 867 1060 905 moraviensis
1086 873 1122 903 et
1147 867 1378 904 dominorum
1404 868 1545 903 Decani
1569 874 1604 904 et
1625 869 1771 917 capituli
1808 913 1813 921 Ι

263 929 417 977 ejusdem
438 948 446 956 ·
474 942 540 964 nos
571 929 616 963 ad
647 928 822 963 honorem
855 926 928 962 Dei
960 932 996 962 et
1023 926 1135 962 divini
1165 926 1283 962 cultus
1314 926 1582 974 ampliationem
1613 927 1772 975 quinque

263 988 465 1037 capellanos
483 993 676 1036 perpetuos
695 1005 703 1014 ·
723 998 789 1034 pro
801 985 911 1021 salute
929 985 1048 1021 anime
1066 985 1247 1033 magnifici
1265 985 1435 1033 principis
1454 990 1490 1020 et
1508 985 1645 1020 domini
1663 985 1772 1021 nostri

264 1046 400 1081 domini
421 1045 571 1081 Roberti
587 1045 659 1080 Dei
677 1044 793 1092 gratia
812 1043 923 1091 Regis
943 1043 1150 1079 Scottorum
1170 1042 1312 1078 illustris
1329 1042 1499 1078 avunculi
1517 1042 1625 1078 nostri
1645 1063 1653 1071 ·
1673 1044 1772 1080 here-

265 1104 349 1139 dum
378 1109 413 1139 et
440 1103 671 1138 successorum
702 1102 845 1137 suorum
866 1120 874 1129 ·
904 1107 940 1137 et
962 1115 1028 1149 pro
1053 1101 1163 1137 salute
1190 1101 1309 1137 anime
1336 1101 1452 1137 nostre
1472 1120 1481 1129 ·
1512 1107 1547 1137 et
1571 1102 1771 1138 animarum

265 1161 536 1209 progenitorum
548 1159 750 1196 nostrorum
766 1179 774 1187 ·
795 1159 968 1195 heredum
984 1178 992 1187 ·
1012 1159 1173 1195 affinium
1188 1165 1224 1195 et
1238 1159 1436 1195 amicorum
1452 1159 1693 1195 celebraturos
1706 1179 1714 1187 ·
1734 1160 1772 1195 in

265 1219 388 1255 eadem
415 1219 566 1254 fundare
589 1218 756 1254 volumus
783 1223 819 1253 et
842 1217 1110 1266 promittimus·
1137 1217 1183 1253 ad
1211 1230 1366 1265 quorum
1389 1217 1546 1264 quinque
1573 1217 1772 1265 capellano-

265 1291 343 1313 rum
362 1276 650 1312 sustentationem
666 1276 790 1311 damus
805 1276 1035 1312 concedimus
1050 1282 1086 1311 et
1099 1274 1312 1324 assignanius
1327 1281 1363 1310 et
1376 1275 1530 1323 presenti
1544 1280 1642 1310 carta
1655 1275 1773 1311 nostra

263 1335 515 1370 confirmamus
533 1348 599 1383 pro
618 1334 721 1370 nobis
740 1334 931 1370 heredibus
950 1340 986 1370 et
1004 1333 1254 1370 successoribus
1273 1333 1399 1369 nostris
1416 1333 1544 1381 viginti
1567 1339 1640 1369 tres
1666 1333 1772 1369 libras

263 1393 455 1429 tresdecem
475 1393 604 1428 solidos
633 1398 669 1428 et
697 1398 853 1440 quatuor
881 1393 1046 1428 denarios
1074 1392 1345 1440 esterlingorum
1373 1392 1484 1427 annui
1511 1392 1672 1428 redditus
1695 1406 1773 1441 per-

262 1452 378 1500 petuis
404 1451 625 1499 temporibus
652 1451 899 1499 percipiendas
926 1457 962 1487 et
989 1451 1175 1487 solvendas
1198 1450 1328 1486 eisdem
1352 1450 1543 1498 capellanis
1564 1464 1628 1499 per
1647 1464 1773 1486 manus

263 1509 383 1545 ballivi
403 1509 510 1545 nostri
531 1509 575 1545 de
595 1509 716 1558 Elgyn
730 1510 790 1557 qui
802 1523 869 1558 pro
883 1515 1045 1558 tempore
1059 1509 1168 1545 fuerit
1183 1509 1227 1544 de
1241 1508 1352 1543 firmis
1366 1507 1492 1543 nostris
1504 1509 1773 1544 vicecomitatus

264 1567 419 1616 ejusdem
437 1568 481 1602 ad
495 1568 585 1603 duos
603 1568 688 1603 anni
705 1569 879 1603 terminos
899 1587 907 1596 ·
926 1567 1157 1603 medietatem
1169 1567 1337 1602 videlicet
1349 1566 1394 1601 ad
1409 1566 1532 1602 festum
1549 1566 1773 1603 Pentecostes

265 1632 299 1660 et
326 1625 429 1660 aliam
449 1626 676 1662 medietatem
695 1626 740 1661 ad
758 1625 883 1662 festum
903 1626 1027 1662 Sancti
1047 1625 1196 1662 martini
1220 1625 1258 1660 in
1280 1625 1397 1660 hieme
1417 1643 1425 1652 ·
1455 1624 1503 1659 Et
1520 1623 1544 1659 fi
1562 1624 1749 1672 contingat
1763 1644 1772 1653 ·

264 1684 360 1731 quod
378 1682 462 1719 abfit
481 1703 489 1711 ·
509 1684 628 1731 aliquo
653 1684 733 1720 casu
758 1684 992 1731 contingente
1017 1684 1138 1719 firmas
1164 1682 1299 1719 nostras
1323 1682 1411 1718 dicti
1433 1682 1702 1718 vicecomitatus
1729 1683 1773 1718 de

268 1742 384 1789 Elgyn
402 1742 447 1777 ad
466 1742 676 1778 solutionem
697 1743 877 1778 dic-'tarum
894 1742 1023 1790 viginti
1042 1742 1152 1777 trium
1171 1742 1343 1777 librarum
1362 1740 1556 1776 tresdecem
1578 1740 1772 1776 solidorum

266 1805 301 1835 et
328 1806 483 1847 quatuor
502 1800 730 1836 denariorum
758 1800 795 1836 in
822 1806 900 1836 toto
918 1801 977 1837 vel
999 1800 1037 1836 in
1062 1806 1163 1848 parte
1187 1813 1263 1835 non
1285 1799 1444 1835 sufficere
1464 1818 1472 1826 ·
1495 1798 1663 1834 volumus
1690 1812 1773 1834 con-

266 1858 425 1893 cedimus
452 1863 487 1893 et
513 1858 728 1906 precipimus
754 1872 820 1907 pro
839 1859 942 1894 nobis
968 1858 1160 1894 heredibus
1184 1864 1220 1894 et
1247 1857 1499 1893 successoribus
1524 1856 1650 1892 nostris
1676 1857 1773 1904 quod

267 1915 425 1963 plenaria
442 1915 504 1950 fiat
522 1916 649 1951 solutio
668 1917 812 1964 prefatis
832 1917 1022 1965 capellanis
1048 1917 1092 1952 de
1117 1916 1228 1952 firmis
1253 1921 1289 1951 et
1312 1915 1510 1951 redditibus
1533 1914 1659 1950 nostris
1681 1915 1773 1950 vice-

267 1974 455 2008 comitatus
474 1974 518 2008 de
538 1973 670 2022 Forays
689 1980 724 2009 et
743 1975 787 2010 de
808 1974 985 2023 Inuernys
1004 1988 1067 2023 per
1086 1988 1213 2010 manus
1233 1973 1447 2009 ballivorum
1475 1972 1677 2008 nostrorum
1703 1974 1772 2009 dic-

267 2037 386 2066 torum
412 2031 521 2066 trium
540 2031 854 2067 vicecomitatuum
874 2033 933 2080 qui
953 2046 1018 2081 pro
1037 2039 1200 2081 tempore
1218 2032 1353 2068 fuerint
1372 2051 1380 2059 ·
1406 2031 1647 2078 undecunque
1669 2032 1772 2067 citius

267 2089 376 2124 levari
403 2094 574 2136 poterunt
598 2095 633 2124 et
655 2090 859 2137 expedicins
877 2091 1038 2125 terminis
1059 2110 1066 2118 ·
1087 2090 1325 2139 suprascriptis
1352 2089 1479 2137 absque
1507 2089 1577 2124 alio
1604 2089 1771 2124 mandato

268 2146 481 2194 requirendo
495 2166 502 2173 ·
525 2147 572 2182 Et
590 2160 635 2182 ne
654 2147 854 2194 contingat·
871 2148 966 2194 quod
979 2147 1063 2183 absit
1079 2167 1086 2175 ·
1105 2149 1150 2183 ob
1170 2148 1352 2184 defthum
1370 2147 1554 2182 solutionis
1572 2147 1771 2195 hujusmodi

267 2204 428 2240 divinum
447 2204 603 2239 officium
631 2204 854 2252 aliquatenus
873 2211 934 2240 aut
953 2205 1116 2254 impediri
1134 2206 1192 2242 vel
1211 2205 1342 2241 differri
1363 2225 1371 2234 ·
1395 2206 1562 2241 volumus
1580 2210 1616 2240 et
1634 2205 1774 2241 ordina-
