2060 2660
352 168 424 200 200
749 164 854 201 REG
862 164 1064 201 ISTRUM
1094 163 1411 201 MORAVIENS
1418 164 1457 199 E.

352 263 513 311 dampnis
540 264 584 299 de
612 263 866 312 Auchonkeny
890 277 955 312 pro
983 263 1110 311 quibus
1138 262 1363 311 respondebit
1389 261 1555 296 dominus
1583 260 1824 297 Tezaurarius
1844 282 1851 290 ·

354 321 410 356 De
428 321 594 357 fratribus
613 322 656 357 de
675 322 768 357 mala
785 322 870 357 villa
889 342 896 349 ·
924 321 1054 357 Comes
1078 321 1279 356 committat
1297 319 1434 354 causam
1454 318 1559 353 alicui
1578 318 1673 354 bono
1691 319 1770 355 viro
1789 321 1849 367 qui

350 379 454 414 faciet
468 378 641 428 Episcopo
661 386 696 415 et
713 380 790 414 aliis
808 378 1109 426 conquerentibus
1128 379 1171 412 de
1191 376 1267 425 ipfis
1280 376 1456 424 justiciam
1472 394 1480 402 ·
1502 375 1549 410 Et
1569 376 1664 412 idem
1683 377 1727 412 de
1749 377 1849 413 Hen-

351 436 424 471 rico
444 436 580 473 Grame
606 457 614 465 ·
646 436 856 472 Alexandro
877 436 1040 472 Grenlau
1068 455 1076 463 ·
1107 435 1253 470 Slorach
1286 453 1294 460 ·
1326 433 1494 469 Johanne
1515 433 1609 469 Bard
1633 440 1668 470 et
1688 435 1851 471 Roberto

349 494 529 529 Craufurd
543 514 551 522 ·
572 495 665 530 Item
679 495 774 542 quod
790 493 994 529 immunitas
1005 498 1041 528 et
1052 492 1212 527 honestas
1228 490 1367 526 claustri
1382 496 1418 526 et
1433 491 1582 526 canonie
1598 492 1829 529 observentur
1842 514 1850 521 ·

347 558 382 587 et
406 553 502 599 quod
526 565 641 600 neque
666 552 796 588 Comes
822 557 884 586 aut
910 551 1098 586 familiares
1124 550 1174 584 sui
1199 554 1261 584 aut
1286 548 1439 596 hospites
1463 548 1639 585 stabulent
1657 563 1766 597 equos
1784 564 1850 587 nec

346 616 522 658 occupent
540 611 666 645 domos
683 623 749 646 nec
768 614 936 657 rumpant
964 613 1062 643 ortos
1096 607 1351 642 canonicorum
1379 619 1446 642 nec
1473 607 1686 643 comburant
1718 627 1726 636 ·
1756 609 1849 645 Item

346 668 441 714 quod
460 668 662 716 capellanus
682 667 832 703 Comitis
850 680 924 701 non
943 666 1089 713 recipiat
1107 665 1436 700 excommunicatos
1455 665 1499 699 de
1519 670 1639 701 cetero
1658 666 1695 701 in
1714 667 1850 715 capella

345 725 404 760 sua
417 726 462 761 ad
481 726 697 761 sacramenta
715 738 780 760 nec
799 725 886 759 alios
905 724 940 758 in
960 723 1196 771 prejudicium
1216 723 1372 758 matricis
1391 721 1533 759 ecclefie
1553 742 1561 751 ·
1582 728 1618 759 et
1636 725 1732 771 quod
1754 725 1848 761 resti-

344 789 421 818 tuat
447 783 644 818 oblationes
670 782 848 818 universas
873 780 1012 817 ecelefie
1039 780 1233 828 parochiali
1253 800 1261 808 ·
1288 780 1444 817 ,Iacobus
1470 781 1514 816 de
1531 781 1733 829 Jonystoun
1756 783 1845 818 satis-

342 841 446 876 faciat
469 841 649 876 Willelmo
680 841 781 876 Swan
804 840 993 875 vulnerato
1013 858 1021 866 ·
1052 838 1110 874 De
1136 838 1304 874 Johanne
1333 838 1457 874 Fraser
1481 838 1643 874 familiari
1675 840 1844 888 Hugonis

344 899 485 934 Fraser·
505 899 608 934 faciat
623 898 752 934 Comes
771 897 882 945 ipsum
897 897 1088 932 emendare
1109 896 1251 932 Thome
1271 897 1315 931 de
1337 896 1521 932 Kirktoun
1541 916 1549 924 ·
1579 897 1638 932 De
1657 898 1755 945 equis
1774 899 1844 934 Co-

342 957 434 992 mitis
453 976 460 984 ·
490 970 562 991 non
582 957 769 991 mittantur
788 955 831 990 de
850 960 969 990 cetero
989 955 1025 989 in
1044 954 1147 990 terris
1167 954 1331 1002 Episcopi
1347 974 1355 982 -
1373 954 1490 989 Boves
1508 955 1589 1001 equi
1609 961 1644 990 et
1662 955 1757 991 bona
1774 957 1843 992 alia

340 1016 525 1050 hominum
546 1014 708 1062 Episcopi
730 1018 831 1061 capta
854 1018 1016 1060 tempore
1040 1013 1283 1048 nundinarum
1304 1012 1427 1048 Sancti
1447 1012 1564 1060 Egidii
1584 1012 1813 1050 restituantur
1832 1034 1840 1042 ·

341 1072 487 1108 Nobiles
502 1072 744 1107 mendicantes
758 1071 863 1106 blada
875 1070 932 1105 vel
947 1070 1042 1105 bona
1055 1070 1124 1105 alia
1139 1070 1182 1106 de
1197 1075 1318 1106 cetero
1332 1083 1406 1105 non
1419 1070 1624 1106 mendicent
1635 1084 1702 1107 nec
1716 1072 1841 1108 adhoc

338 1130 500 1165 laborent
518 1129 575 1165 vel
590 1129 733 1164 mittant
748 1129 840 1164 inter
855 1127 1054 1163 huibandos
1069 1148 1077 1156 ·
1106 1128 1165 1164 De
1185 1128 1244 1163 ·xl·
1259 1128 1376 1163 solidis
1395 1128 1545 1176 receptis
1564 1141 1627 1176 per
1646 1128 1839 1176 Symonem

336 1188 473 1223 fabrum
492 1187 596 1222 faciat
616 1187 746 1222 Comes
765 1186 875 1234 ipsum
895 1186 1078 1222 restituere
1098 1206 1105 1214 -
1133 1186 1242 1222 Ysaac
1262 1186 1305 1221 de
1326 1186 1355 1221 F
1357 1199 1421 1234 orp
1440 1185 1644 1221 restituatur
1664 1186 1838 1236 Episcopo

337 1252 370 1280 et
395 1245 498 1280 saciat
521 1245 590 1292 ipse
613 1244 656 1279 de
680 1257 721 1279 eo
738 1243 910 1292 justitiam
932 1263 939 1271 ·
969 1244 1027 1279 De
1048 1244 1259 1279 Alexandro
1279 1246 1470 1292 oe⁰caneny
1497 1263 1505 1271 ·
1533 1243 1557 1279 fi
1578 1244 1782 1280 inveniatur
1800 1246 1837 1281 in

335 1303 517 1350 regalitate
536 1302 739 1337 inveniatur
757 1301 915 1350 plegium
938 1307 973 1337 et
994 1302 1126 1338 Comes
1144 1302 1249 1337 saciat
1261 1301 1432 1350 justitiam
1453 1321 1460 1329 ·
1491 1302 1549 1337 De
1568 1301 1713 1338 decimis
1732 1316 1837 1339 cano-

334 1361 496 1396 nicorum
523 1365 558 1395 et
584 1360 795 1395 clericorum
824 1359 994 1395 abstineat
1023 1360 1154 1396 Comes
1183 1361 1226 1395 de
1255 1366 1375 1395 cetero
1403 1372 1467 1394 nec
1487 1360 1702 1395 intromittat
1720 1360 1835 1409 seper

334 1420 364 1454 se
384 1418 439 1453 vel
459 1418 536 1453 suos
556 1418 599 1453 de
619 1418 667 1453 eis
683 1437 690 1445 ·
719 1417 799 1453 Hec
819 1423 938 1453 autem
958 1418 1079 1453 omnia
1097 1424 1132 1453 et
1150 1417 1285 1465 lingula
1299 1417 1501 1465 supradicta
1514 1417 1672 1465 precepit
1687 1423 1722 1453 et
1738 1431 1833 1454 man-

333 1477 428 1511 ‹lavit
457 1476 501 1511 de
530 1474 673 1511 consilio
702 1474 835 1510 consilii
863 1476 913 1510 sui
942 1476 1100 1524 prefatus
1129 1476 1295 1511 dominus
1327 1475 1453 1511 Custos
1483 1475 1623 1523 impleri
1654 1481 1689 1510 et
1720 1476 1833 1511 obser-

334 1535 407 1570 vari
430 1534 582 1568 fideliter
605 1546 668 1581 per
693 1533 808 1568 dictos
828 1534 1041 1582 Episcopum
1061 1539 1096 1569 et
1116 1534 1296 1569 Comitem
1321 1539 1357 1568 et
1380 1533 1458 1567 suos
1482 1552 1490 1560 ·
1515 1532 1576 1567 sub
1595 1546 1687 1580 pena
1705 1534 1835 1570 ducen-

333 1598 448 1627 tarum
468 1591 638 1626 librarum
656 1591 785 1626 usualis
803 1598 947 1627 monete
966 1592 1257 1640 applicandarum
1276 1589 1347 1626 fine
1362 1589 1561 1626 remissione
1579 1590 1710 1627 fabrice
1728 1592 1837 1628 eccle-

331 1648 374 1684 sie
390 1647 618 1685 moraviensis
637 1649 780 1696 quando
800 1654 835 1684 et
853 1650 1018 1696 quotiens
1037 1649 1301 1685 contrafactum
1327 1649 1435 1684 suerit
1459 1649 1496 1683 in
1521 1648 1640 1695 aliquo
1659 1650 1836 1697 premisso-

333 1720 410 1742 rum
443 1726 451 1734 ·
495 1706 537 1741 In
556 1720 708 1753 quorum
728 1707 888 1742 omnium
908 1707 1147 1743 testimonium
1167 1708 1260 1755 parti
1278 1707 1383 1755 hujus
1402 1707 1593 1742 indenture
1613 1720 1721 1755 penes
1741 1708 1836 1756 Epis-

330 1778 459 1812 copum
488 1764 686 1799 remanenti
715 1762 864 1811 sigillum
895 1766 982 1801 dieti
1002 1766 1137 1801 domini
1158 1765 1322 1801 Custodis
1344 1778 1417 1800 una
1435 1777 1517 1800 cuin
1536 1763 1648 1812 figillo
1668 1765 1755 1800 dicti
1774 1766 1835 1801 do-

331 1822 415 1857 mini
437 1822 587 1858 Comitis
611 1822 772 1857 moravie
800 1822 847 1857 est
872 1824 1064 1871 appensum
1094 1843 1101 1851 ·
1131 1824 1223 1871 parti
1243 1836 1328 1858 vero
1353 1836 1462 1871 penes
1484 1822 1621 1857 dic‘cum
1647 1823 1833 1859 dominum

331 1880 509 1915 Comitem
537 1879 738 1915 remansuro
766 1881 957 1928 appensum
988 1881 1034 1916 est
1068 1881 1220 1929 sigillum
1258 1881 1346 1916 dicti
1383 1880 1520 1916 domini
1558 1880 1722 1916 Custodis
1761 1895 1833 1916 una

330 1950 410 1973 cum
430 1936 541 1985 sigillo
560 1937 695 1972 domini
716 1937 878 1986 Episcopi
898 1939 1088 1987 supradi&i
1109 1959 1117 1967 ·
1147 1939 1246 1975 Afzta
1263 1939 1343 1974 sunt
1357 1939 1422 1974 hec
1441 1938 1501 1973 ubi
1521 1938 1624 1986 supra
1639 1958 1647 1966 ·
1666 1939 1832 1986 presenti-

330 1996 393 2030 bus
415 1995 620 2030 reverendis
644 1995 801 2043 patribus
826 1996 978 2031 dominis
998 1998 1210 2033 Alexandro
1230 2003 1265 2033 et
1285 1996 1496 2032 Alexandro
1516 1996 1587 2031 Dei
1611 1996 1726 2043 gratia
1745 1996 1831 2032 Ros-

328 2052 428 2088 sensis
447 2059 483 2088 et
502 2051 706 2088 Catenensls
725 2052 947 2089 ecclesiarum
967 2056 1135 2104 episcopis
1163 2075 1171 2083 ·
1193 2055 1278 2091 Ada
1296 2055 1422 2090 abbate
1441 2054 1484 2089 de
1506 2053 1658 2102 Kynloss
1677 2073 1685 2081 ·
1705 2054 1830 2089 nobili-

328 2111 391 2146 bus
422 2111 575 2146 dominis
602 2111 749 2145 domino
767 2111 933 2147 Johanne
952 2113 995 2148 de
1016 2114 1206 2149 Swintoun
1232 2114 1379 2148 domino
1399 2113 1443 2148 de
1462 2114 1562 2148 marr
1591 2130 1599 2138 ·
1637 2111 1757 2147 David
1785 2113 1829 2148 de

330 2168 513 2218 Lyndesay
533 2187 540 2196 ·
556 2168 692 2204 Jacobo
712 2168 836 2204 Fraser
855 2189 862 2196 ·
885 2169 1095 2205 Alexandro
1116 2172 1159 2207 de
1175 2171 1361 2219 Lyndesay
1377 2190 1385 2198 ·
1403 2170 1524 2206 Alano
1544 2169 1587 2204 de
1609 2168 1798 2218 Herskyne
1818 2191 1825 2198 ·

325 2227 491 2264 Johanne
511 2226 554 2261 de
570 2225 674 2274 Haya
687 2246 695 2254 ·
716 2226 887 2274 Georgeo
907 2228 950 2262 de
965 2228 1065 2276 Leily
1079 2248 1086 2256 ·
1107 2229 1249 2264 Thoma
1265 2228 1396 2277 Sybald
1412 2247 1419 2255 ·
1442 2227 1604 2262 Roberto
1623 2226 1667 2261 de
1684 2226 1824 2276 Levyn-

324 2285 422 2333 yston
442 2304 450 2312 ·
481 2283 647 2321 Johanne
669 2285 713 2320 de
740 2284 924 2333 Lyndesay
946 2285 989 2320 de
1010 2286 1054 2320 W
1057 2287 1183 2334 alhope
1204 2306 1211 2314 ·
1245 2292 1281 2322 et
1299 2286 1466 2323 Johanne
1486 2285 1608 2320 Brune
1627 2285 1798 2321 militibus
1813 2307 1821 2314 ·
