<?xml version="1.0" encoding="UTF-8"?>
<!DOCTYPE html PUBLIC "-//W3C//DTD XHTML 1.0 Transitional//EN"
    "http://www.w3.org/TR/xhtml1/DTD/xhtml1-transitional.dtd">
<html xmlns="http://www.w3.org/1999/xhtml" xml:lang="en" lang="en">
 <head>
  <title>
</title>
<meta http-equiv="Content-Type" content="text/html;charset=utf-8" />
  <meta name='ocr-system' content='tesseract 3.04.00' />
  <meta name='ocr-capabilities' content='ocr_page ocr_carea ocr_par ocr_line ocrx_word'/>
</head>
<body>
  <div class='ocr_page' id='page_1' title='image "./registrumepisc5800morauoft_0430.png"; bbox 0 0 1912 2660; ppageno 0'>
   <div class='ocr_carea' id='block_1_1' title="bbox 146 2036 218 2075">
    <p class='ocr_par' dir='ltr' id='par_1_1' title="bbox 146 2036 218 2075">
     <span class='ocr_line' id='line_1_1' title="bbox 146 2036 218 2075; baseline 0.014 -8"><span class='ocrx_word' id='word_1_1' title='bbox 146 2036 218 2075; x_wconf 74' lang='lat'>247</span> 
     </span>
    </p>
   </div>
   <div class='ocr_carea' id='block_1_2' title="bbox 272 136 1380 174">
    <p class='ocr_par' dir='ltr' id='par_1_2' title="bbox 272 136 1380 174">
     <span class='ocr_line' id='line_1_2' title="bbox 272 136 1380 174; baseline 0.004 -4"><span class='ocrx_word' id='word_1_2' title='bbox 272 138 346 171; x_wconf 65' lang='lat'>322</span> <span class='ocrx_word' id='word_1_3' title='bbox 667 137 771 174; x_wconf 86' lang='lat' dir='ltr'>REG</span> <span class='ocrx_word' id='word_1_4' title='bbox 779 137 983 174; x_wconf 91' lang='lat' dir='ltr'><strong>ISTRUM</strong></span> <span class='ocrx_word' id='word_1_5' title='bbox 1011 136 1380 174; x_wconf 87' lang='lat' dir='ltr'><strong>MORAVIENSE.</strong></span> 
     </span>
    </p>
   </div>
   <div class='ocr_carea' id='block_1_3' title="bbox 252 235 1780 1315">
    <p class='ocr_par' dir='ltr' id='par_1_3' title="bbox 252 235 1780 1315">
     <span class='ocr_line' id='line_1_3' title="bbox 271 235 1780 286; baseline 0.003 -16"><span class='ocrx_word' id='word_1_6' title='bbox 271 235 443 284; x_wconf 85' lang='lat' dir='ltr'>percipiet</span> <span class='ocrx_word' id='word_1_7' title='bbox 464 235 510 271; x_wconf 88' lang='lat' dir='ltr'>ad</span> <span class='ocrx_word' id='word_1_8' title='bbox 536 236 619 272; x_wconf 85' lang='lat' dir='ltr'>festa</span> <span class='ocrx_word' id='word_1_9' title='bbox 644 236 867 273; x_wconf 77' lang='lat' dir='ltr'>pentecostes</span> <span class='ocrx_word' id='word_1_10' title='bbox 886 242 921 273; x_wconf 90' lang='lat' dir='ltr'>et</span> <span class='ocrx_word' id='word_1_11' title='bbox 941 237 1063 273; x_wconf 69' lang='lat' dir='ltr'>Sancti</span> <span class='ocrx_word' id='word_1_12' title='bbox 1083 237 1234 274; x_wconf 73' lang='lat' dir='ltr'>martini</span> <span class='ocrx_word' id='word_1_13' title='bbox 1253 237 1290 271; x_wconf 90' lang='lat' dir='ltr'>in</span> <span class='ocrx_word' id='word_1_14' title='bbox 1308 236 1435 284; x_wconf 85' lang='lat' dir='ltr'>hyeme</span> <span class='ocrx_word' id='word_1_15' title='bbox 1452 247 1516 283; x_wconf 89' lang='lat' dir='ltr'>per</span> <span class='ocrx_word' id='word_1_16' title='bbox 1534 236 1678 284; x_wconf 83' lang='lat' dir='ltr'>equales</span> <span class='ocrx_word' id='word_1_17' title='bbox 1699 251 1780 286; x_wconf 87' lang='lat' dir='ltr'>por-</span> 
     </span>
     <span class='ocr_line' id='line_1_4' title="bbox 270 293 1778 343; baseline 0.003 -15"><span class='ocrx_word' id='word_1_18' title='bbox 270 294 385 329; x_wconf 83' lang='lat' dir='ltr'>tiones</span> <span class='ocrx_word' id='word_1_19' title='bbox 404 312 413 322; x_wconf 91' lang='lat'><strong>·</strong></span> <span class='ocrx_word' id='word_1_20' title='bbox 431 307 513 330; x_wconf 89' lang='lat' dir='ltr'>cum</span> <span class='ocrx_word' id='word_1_21' title='bbox 532 294 711 331; x_wconf 84' lang='lat' dir='ltr'>manfione</span> <span class='ocrx_word' id='word_1_22' title='bbox 729 296 789 331; x_wconf 88' lang='lat' dir='ltr'>sua</span> <span class='ocrx_word' id='word_1_23' title='bbox 807 314 816 324; x_wconf 90' lang='lat'><strong>·</strong></span> <span class='ocrx_word' id='word_1_24' title='bbox 835 301 872 332; x_wconf 92' lang='lat' dir='ltr'>et</span> <span class='ocrx_word' id='word_1_25' title='bbox 886 300 1040 343; x_wconf 89' lang='lat' dir='ltr'>quatuor</span> <span class='ocrx_word' id='word_1_26' title='bbox 1055 296 1146 331; x_wconf 88' lang='lat' dir='ltr'>acris</span> <span class='ocrx_word' id='word_1_27' title='bbox 1160 300 1256 330; x_wconf 89' lang='lat' dir='ltr'>terre</span> <span class='ocrx_word' id='word_1_28' title='bbox 1271 293 1365 341; x_wconf 89' lang='lat' dir='ltr'>apud</span> <span class='ocrx_word' id='word_1_29' title='bbox 1381 293 1591 330; x_wconf 86' lang='lat' dir='ltr'>Ladardach</span> <span class='ocrx_word' id='word_1_30' title='bbox 1605 293 1666 331; x_wconf 87' lang='lat' dir='ltr'>fibi</span> <span class='ocrx_word' id='word_1_31' title='bbox 1679 308 1778 332; x_wconf 88' lang='lat' dir='ltr'>nunc</span> 
     </span>
     <span class='ocr_line' id='line_1_5' title="bbox 269 349 1778 402; baseline 0.003 -16"><span class='ocrx_word' id='word_1_32' title='bbox 269 349 445 399; x_wconf 83' lang='lat' dir='ltr'>aflignatis</span> <span class='ocrx_word' id='word_1_33' title='bbox 464 372 472 381; x_wconf 92' lang='lat'><strong>·</strong></span> <span class='ocrx_word' id='word_1_34' title='bbox 499 366 540 388; x_wconf 91' lang='lat' dir='ltr'>ac</span> <span class='ocrx_word' id='word_1_35' title='bbox 557 353 696 402; x_wconf 82' lang='lat' dir='ltr'>pastura</span> <span class='ocrx_word' id='word_1_36' title='bbox 719 353 850 389; x_wconf 87' lang='lat' dir='ltr'>ibidem</span> <span class='ocrx_word' id='word_1_37' title='bbox 876 366 942 402; x_wconf 89' lang='lat' dir='ltr'>pro</span> <span class='ocrx_word' id='word_1_38' title='bbox 961 352 1153 388; x_wconf 88' lang='lat' dir='ltr'>duodecim</span> <span class='ocrx_word' id='word_1_39' title='bbox 1172 351 1289 387; x_wconf 89' lang='lat' dir='ltr'>vaccis</span> <span class='ocrx_word' id='word_1_40' title='bbox 1313 363 1396 386; x_wconf 91' lang='lat' dir='ltr'>cum</span> <span class='ocrx_word' id='word_1_41' title='bbox 1414 355 1519 386; x_wconf 83' lang='lat' dir='ltr'>tauro</span> <span class='ocrx_word' id='word_1_42' title='bbox 1538 364 1579 388; x_wconf 86' lang='lat' dir='ltr'>ac</span> <span class='ocrx_word' id='word_1_43' title='bbox 1597 352 1778 402; x_wconf 81' lang='lat' dir='ltr'>sexaginta</span> 
     </span>
     <span class='ocr_line' id='line_1_6' title="bbox 269 408 1776 460; baseline 0.003 -16"><span class='ocrx_word' id='word_1_44' title='bbox 269 409 394 445; x_wconf 87' lang='lat' dir='ltr'>ovibus</span> <span class='ocrx_word' id='word_1_45' title='bbox 412 423 494 446; x_wconf 91' lang='lat' dir='ltr'>cum</span> <span class='ocrx_word' id='word_1_46' title='bbox 521 411 750 447; x_wconf 82' lang='lat' dir='ltr'>nutrimentis</span> <span class='ocrx_word' id='word_1_47' title='bbox 776 424 820 446; x_wconf 89' lang='lat' dir='ltr'>ex</span> <span class='ocrx_word' id='word_1_48' title='bbox 847 411 897 446; x_wconf 86' lang='lat' dir='ltr'>eis</span> <span class='ocrx_word' id='word_1_49' title='bbox 914 409 1207 458; x_wconf 79' lang='lat' dir='ltr'>provenientibus</span> <span class='ocrx_word' id='word_1_50' title='bbox 1222 408 1390 444; x_wconf 86' lang='lat' dir='ltr'>videlicet</span> <span class='ocrx_word' id='word_1_51' title='bbox 1403 408 1526 444; x_wconf 90' lang='lat' dir='ltr'>vitulis</span> <span class='ocrx_word' id='word_1_52' title='bbox 1544 414 1580 445; x_wconf 89' lang='lat' dir='ltr'>et</span> <span class='ocrx_word' id='word_1_53' title='bbox 1597 411 1698 458; x_wconf 86' lang='lat' dir='ltr'>agnis</span> <span class='ocrx_word' id='word_1_54' title='bbox 1710 424 1776 460; x_wconf 89' lang='lat' dir='ltr'>pro</span> 
     </span>
     <span class='ocr_line' id='line_1_7' title="bbox 267 465 1775 515; baseline 0.002 -12"><span class='ocrx_word' id='word_1_55' title='bbox 267 473 421 515; x_wconf 86' lang='lat' dir='ltr'>quatuor</span> <span class='ocrx_word' id='word_1_56' title='bbox 439 469 540 504; x_wconf 85' lang='lat' dir='ltr'>annis</span> <span class='ocrx_word' id='word_1_57' title='bbox 559 469 602 505; x_wconf 91' lang='lat' dir='ltr'>de</span> <span class='ocrx_word' id='word_1_58' title='bbox 620 482 716 504; x_wconf 85' lang='lat' dir='ltr'>anno</span> <span class='ocrx_word' id='word_1_59' title='bbox 734 469 771 504; x_wconf 93' lang='lat' dir='ltr'>in</span> <span class='ocrx_word' id='word_1_60' title='bbox 789 481 922 503; x_wconf 85' lang='lat' dir='ltr'>annum</span> <span class='ocrx_word' id='word_1_61' title='bbox 943 468 980 502; x_wconf 91' lang='lat' dir='ltr'>in</span> <span class='ocrx_word' id='word_1_62' title='bbox 998 467 1124 503; x_wconf 85' lang='lat' dir='ltr'>eadem</span> <span class='ocrx_word' id='word_1_63' title='bbox 1143 465 1283 514; x_wconf 87' lang='lat' dir='ltr'>pastura</span> <span class='ocrx_word' id='word_1_64' title='bbox 1301 465 1534 502; x_wconf 85' lang='lat' dir='ltr'>sustentandis</span> <span class='ocrx_word' id='word_1_65' title='bbox 1553 487 1562 496; x_wconf 92' lang='lat'><strong>·</strong></span> <span class='ocrx_word' id='word_1_66' title='bbox 1582 474 1618 504; x_wconf 85' lang='lat' dir='ltr'>et</span> <span class='ocrx_word' id='word_1_67' title='bbox 1636 468 1775 506; x_wconf 90' lang='lat' dir='ltr'>duobus</span> 
     </span>
     <span class='ocr_line' id='line_1_8' title="bbox 266 524 1775 575; baseline 0.001 -14"><span class='ocrx_word' id='word_1_68' title='bbox 266 526 364 573; x_wconf 89' lang='lat' dir='ltr'>equis</span> <span class='ocrx_word' id='word_1_69' title='bbox 384 546 392 554; x_wconf 91' lang='lat'><strong>·</strong></span> <span class='ocrx_word' id='word_1_70' title='bbox 419 540 572 575; x_wconf 89' lang='lat' dir='ltr'>quorum</span> <span class='ocrx_word' id='word_1_71' title='bbox 591 540 684 562; x_wconf 84' lang='lat' dir='ltr'>unus</span> <span class='ocrx_word' id='word_1_72' title='bbox 708 526 882 562; x_wconf 85' lang='lat' dir='ltr'>hakneius</span> <span class='ocrx_word' id='word_1_73' title='bbox 905 524 1081 573; x_wconf 86' lang='lat' dir='ltr'>capellani</span> <span class='ocrx_word' id='word_1_74' title='bbox 1105 524 1143 559; x_wconf 91' lang='lat' dir='ltr'>in</span> <span class='ocrx_word' id='word_1_75' title='bbox 1167 529 1271 572; x_wconf 85' lang='lat' dir='ltr'>prato</span> <span class='ocrx_word' id='word_1_76' title='bbox 1290 537 1373 560; x_wconf 92' lang='lat' dir='ltr'>cum</span> <span class='ocrx_word' id='word_1_77' title='bbox 1392 524 1490 572; x_wconf 91' lang='lat' dir='ltr'>equis</span> <span class='ocrx_word' id='word_1_78' title='bbox 1514 525 1601 561; x_wconf 87' lang='lat' dir='ltr'>meis</span> <span class='ocrx_word' id='word_1_79' title='bbox 1623 526 1775 575; x_wconf 85' lang='lat' dir='ltr'>propriis</span> 
     </span>
     <span class='ocr_line' id='line_1_9' title="bbox 265 581 1774 633; baseline 0.002 -15"><span class='ocrx_word' id='word_1_80' title='bbox 265 582 440 631; x_wconf 82' lang='lat' dir='ltr'>pasturam</span> <span class='ocrx_word' id='word_1_81' title='bbox 460 584 586 620; x_wconf 89' lang='lat' dir='ltr'>habeat</span> <span class='ocrx_word' id='word_1_82' title='bbox 604 583 788 633; x_wconf 86' lang='lat' dir='ltr'>specialem</span> <span class='ocrx_word' id='word_1_83' title='bbox 808 602 816 611; x_wconf 93' lang='lat'><strong>·</strong></span> <span class='ocrx_word' id='word_1_84' title='bbox 837 582 885 618; x_wconf 84' lang='lat' dir='ltr'>Et</span> <span class='ocrx_word' id='word_1_85' title='bbox 902 582 964 618; x_wconf 87' lang='lat' dir='ltr'>fiet</span> <span class='ocrx_word' id='word_1_86' title='bbox 982 582 1048 617; x_wconf 88' lang='lat' dir='ltr'>hec</span> <span class='ocrx_word' id='word_1_87' title='bbox 1064 581 1193 617; x_wconf 84' lang='lat' dir='ltr'>solutio</span> <span class='ocrx_word' id='word_1_88' title='bbox 1212 595 1333 617; x_wconf 86' lang='lat' dir='ltr'>annua</span> <span class='ocrx_word' id='word_1_89' title='bbox 1345 581 1446 618; x_wconf 89' lang='lat' dir='ltr'>firme</span> <span class='ocrx_word' id='word_1_90' title='bbox 1464 582 1625 631; x_wconf 66' lang='lat' dir='ltr'>predicte</span> <span class='ocrx_word' id='word_1_91' title='bbox 1639 597 1704 633; x_wconf 87' lang='lat' dir='ltr'>per</span> <span class='ocrx_word' id='word_1_92' title='bbox 1716 597 1774 621; x_wconf 88' lang='lat' dir='ltr'>me</span> 
     </span>
     <span class='ocr_line' id='line_1_10' title="bbox 265 638 1771 688; baseline 0.002 -12"><span class='ocrx_word' id='word_1_93' title='bbox 265 646 301 677; x_wconf 86' lang='lat' dir='ltr'>et</span> <span class='ocrx_word' id='word_1_94' title='bbox 327 642 476 678; x_wconf 85' lang='lat' dir='ltr'>heredes</span> <span class='ocrx_word' id='word_1_95' title='bbox 503 655 600 678; x_wconf 89' lang='lat' dir='ltr'>meos</span> <span class='ocrx_word' id='word_1_96' title='bbox 625 642 683 677; x_wconf 88' lang='lat' dir='ltr'>scu</span> <span class='ocrx_word' id='word_1_97' title='bbox 709 640 937 688; x_wconf 89' lang='lat' dir='ltr'>quoscunque</span> <span class='ocrx_word' id='word_1_98' title='bbox 964 639 1053 675; x_wconf 85' lang='lat' dir='ltr'>alios</span> <span class='ocrx_word' id='word_1_99' title='bbox 1080 639 1183 675; x_wconf 91' lang='lat' dir='ltr'>nobis</span> <span class='ocrx_word' id='word_1_100' title='bbox 1207 639 1421 675; x_wconf 79' lang='lat' dir='ltr'>successuros</span> <span class='ocrx_word' id='word_1_101' title='bbox 1444 638 1514 676; x_wconf 87' lang='lat' dir='ltr'>five</span> <span class='ocrx_word' id='word_1_102' title='bbox 1540 640 1689 677; x_wconf 85' lang='lat' dir='ltr'>ballivos</span> <span class='ocrx_word' id='word_1_103' title='bbox 1714 642 1771 679; x_wconf 90' lang='lat' dir='ltr'>seu</span> 
     </span>
     <span class='ocr_line' id='line_1_11' title="bbox 265 697 1772 748; baseline 0.001 -13"><span class='ocrx_word' id='word_1_104' title='bbox 265 698 492 748; x_wconf 87' lang='lat' dir='ltr'>quoscunque</span> <span class='ocrx_word' id='word_1_105' title='bbox 510 700 688 735; x_wconf 69' lang='lat' dir='ltr'>dictarum</span> <span class='ocrx_word' id='word_1_106' title='bbox 707 699 891 734; x_wconf 91' lang='lat' dir='ltr'>firmarum</span> <span class='ocrx_word' id='word_1_107' title='bbox 916 702 1121 746; x_wconf 87' lang='lat' dir='ltr'>receptores</span> <span class='ocrx_word' id='word_1_108' title='bbox 1138 710 1228 745; x_wconf 86' lang='lat' dir='ltr'>quos</span> <span class='ocrx_word' id='word_1_109' title='bbox 1251 697 1297 733; x_wconf 89' lang='lat' dir='ltr'>ad</span> <span class='ocrx_word' id='word_1_110' title='bbox 1321 697 1390 733; x_wconf 90' lang='lat' dir='ltr'>hoc</span> <span class='ocrx_word' id='word_1_111' title='bbox 1407 697 1492 733; x_wconf 86' lang='lat' dir='ltr'>volo</span> <span class='ocrx_word' id='word_1_112' title='bbox 1510 698 1661 735; x_wconf 87' lang='lat' dir='ltr'>firmiter</span> <span class='ocrx_word' id='word_1_113' title='bbox 1685 699 1772 736; x_wconf 88' lang='lat' dir='ltr'>obli-</span> 
     </span>
     <span class='ocr_line' id='line_1_12' title="bbox 263 753 1771 806; baseline 0.001 -14"><span class='ocrx_word' id='word_1_114' title='bbox 263 757 342 804; x_wconf 85' lang='lat' dir='ltr'>gari</span> <span class='ocrx_word' id='word_1_115' title='bbox 361 777 369 786; x_wconf 89' lang='lat'><em>-</em></span> <span class='ocrx_word' id='word_1_116' title='bbox 398 763 434 793; x_wconf 92' lang='lat' dir='ltr'>et</span> <span class='ocrx_word' id='word_1_117' title='bbox 464 757 485 793; x_wconf 87' lang='lat' dir='ltr'><strong>fi</strong></span> <span class='ocrx_word' id='word_1_118' title='bbox 507 758 722 805; x_wconf 82' lang='lat' dir='ltr'>contingat·</span> <span class='ocrx_word' id='word_1_119' title='bbox 749 756 845 804; x_wconf 90' lang='lat' dir='ltr'>quod</span> <span class='ocrx_word' id='word_1_120' title='bbox 870 753 955 790; x_wconf 90' lang='lat' dir='ltr'>abfit</span> <span class='ocrx_word' id='word_1_121' title='bbox 975 775 983 783; x_wconf 93' lang='lat'><strong>·</strong></span> <span class='ocrx_word' id='word_1_122' title='bbox 1012 768 1069 791; x_wconf 91' lang='lat' dir='ltr'>me</span> <span class='ocrx_word' id='word_1_123' title='bbox 1087 755 1145 790; x_wconf 89' lang='lat' dir='ltr'>vel</span> <span class='ocrx_word' id='word_1_124' title='bbox 1171 755 1322 792; x_wconf 88' lang='lat' dir='ltr'>heredes</span> <span class='ocrx_word' id='word_1_125' title='bbox 1349 768 1448 791; x_wconf 90' lang='lat' dir='ltr'>meos</span> <span class='ocrx_word' id='word_1_126' title='bbox 1466 756 1524 791; x_wconf 90' lang='lat' dir='ltr'>seu</span> <span class='ocrx_word' id='word_1_127' title='bbox 1542 756 1771 806; x_wconf 89' lang='lat' dir='ltr'>quoscunque</span> 
     </span>
     <span class='ocr_line' id='line_1_13' title="bbox 263 812 1769 861; baseline 0.001 -11"><span class='ocrx_word' id='word_1_128' title='bbox 263 815 365 851; x_wconf 87' lang='lat' dir='ltr'>nobis</span> <span class='ocrx_word' id='word_1_129' title='bbox 391 815 604 852; x_wconf 77' lang='lat' dir='ltr'>successuros</span> <span class='ocrx_word' id='word_1_130' title='bbox 626 820 753 850; x_wconf 88' lang='lat' dir='ltr'>contra</span> <span class='ocrx_word' id='word_1_131' title='bbox 777 814 869 850; x_wconf 86' lang='lat' dir='ltr'>hanc</span> <span class='ocrx_word' id='word_1_132' title='bbox 894 812 1047 849; x_wconf 87' lang='lat' dir='ltr'>nostram</span> <span class='ocrx_word' id='word_1_133' title='bbox 1074 813 1324 849; x_wconf 84' lang='lat' dir='ltr'>fundationem</span> <span class='ocrx_word' id='word_1_134' title='bbox 1351 813 1389 848; x_wconf 90' lang='lat' dir='ltr'>in</span> <span class='ocrx_word' id='word_1_135' title='bbox 1415 813 1535 861; x_wconf 89' lang='lat' dir='ltr'>aliquo</span> <span class='ocrx_word' id='word_1_136' title='bbox 1562 815 1686 851; x_wconf 87' lang='lat' dir='ltr'>venire</span> <span class='ocrx_word' id='word_1_137' title='bbox 1712 816 1769 852; x_wconf 90' lang='lat' dir='ltr'>vel</span> 
     </span>
     <span class='ocr_line' id='line_1_14' title="bbox 262 870 1768 921; baseline 0.001 -12"><span class='ocrx_word' id='word_1_138' title='bbox 262 873 377 909; x_wconf 89' lang='lat' dir='ltr'>eidem</span> <span class='ocrx_word' id='word_1_139' title='bbox 397 873 642 909; x_wconf 85' lang='lat' dir='ltr'>contradicere</span> <span class='ocrx_word' id='word_1_140' title='bbox 659 877 721 908; x_wconf 86' lang='lat' dir='ltr'>aut</span> <span class='ocrx_word' id='word_1_141' title='bbox 740 872 843 920; x_wconf 89' lang='lat' dir='ltr'>super</span> <span class='ocrx_word' id='word_1_142' title='bbox 862 884 939 906; x_wconf 89' lang='lat' dir='ltr'>eam</span> <span class='ocrx_word' id='word_1_143' title='bbox 959 871 1059 907; x_wconf 88' lang='lat' dir='ltr'>litem</span> <span class='ocrx_word' id='word_1_144' title='bbox 1077 884 1223 907; x_wconf 87' lang='lat' dir='ltr'>movere</span> <span class='ocrx_word' id='word_1_145' title='bbox 1241 870 1361 919; x_wconf 88' lang='lat' dir='ltr'>obligo</span> <span class='ocrx_word' id='word_1_146' title='bbox 1380 884 1437 907; x_wconf 90' lang='lat' dir='ltr'>me</span> <span class='ocrx_word' id='word_1_147' title='bbox 1456 876 1491 907; x_wconf 84' lang='lat' dir='ltr'>et</span> <span class='ocrx_word' id='word_1_148' title='bbox 1505 885 1566 907; x_wconf 89' lang='lat' dir='ltr'>eos</span> <span class='ocrx_word' id='word_1_149' title='bbox 1587 872 1624 908; x_wconf 90' lang='lat' dir='ltr'>in</span> <span class='ocrx_word' id='word_1_150' title='bbox 1641 873 1768 921; x_wconf 86' lang='lat' dir='ltr'>viginti</span> 
     </span>
     <span class='ocr_line' id='line_1_15' title="bbox 260 927 1768 979; baseline 0.001 -13"><span class='ocrx_word' id='word_1_151' title='bbox 260 930 358 966; x_wconf 88' lang='lat' dir='ltr'>libris</span> <span class='ocrx_word' id='word_1_152' title='bbox 377 949 737 959; x_wconf 88' lang='lat'><strong>·············</strong></span> <span class='ocrx_word' id='word_1_153' title='bbox 756 929 888 965; x_wconf 83' lang='lat' dir='ltr'>fabrice</span> <span class='ocrx_word' id='word_1_154' title='bbox 906 927 1049 965; x_wconf 90' lang='lat' dir='ltr'>ecclefie</span> <span class='ocrx_word' id='word_1_155' title='bbox 1068 929 1282 965; x_wconf 87' lang='lat' dir='ltr'>cathedralis</span> <span class='ocrx_word' id='word_1_156' title='bbox 1300 929 1345 965; x_wconf 93' lang='lat' dir='ltr'>de</span> <span class='ocrx_word' id='word_1_157' title='bbox 1364 929 1483 977; x_wconf 82' lang='lat' dir='ltr'>Elgyn</span> <span class='ocrx_word' id='word_1_158' title='bbox 1507 930 1653 966; x_wconf 89' lang='lat' dir='ltr'>nomine</span> <span class='ocrx_word' id='word_1_159' title='bbox 1676 944 1768 979; x_wconf 89' lang='lat' dir='ltr'>pene</span> 
     </span>
     <span class='ocr_line' id='line_1_16' title="bbox 259 987 1768 1036; baseline 0 -12"><span class='ocrx_word' id='word_1_160' title='bbox 259 988 436 1025; x_wconf 89' lang='lat' dir='ltr'>solvendis</span> <span class='ocrx_word' id='word_1_161' title='bbox 453 994 536 1024; x_wconf 81' lang='lat' dir='ltr'>ante</span> <span class='ocrx_word' id='word_1_162' title='bbox 555 1001 698 1024; x_wconf 90' lang='lat' dir='ltr'>omnem</span> <span class='ocrx_word' id='word_1_163' title='bbox 718 987 788 1023; x_wconf 83' lang='lat' dir='ltr'>litis</span> <span class='ocrx_word' id='word_1_164' title='bbox 809 987 1001 1035; x_wconf 80' lang='lat' dir='ltr'>ingressum</span> <span class='ocrx_word' id='word_1_165' title='bbox 1020 1006 1030 1016; x_wconf 90' lang='lat'><strong>·</strong></span> <span class='ocrx_word' id='word_1_166' title='bbox 1057 987 1213 1036; x_wconf 88' lang='lat' dir='ltr'>presenti</span> <span class='ocrx_word' id='word_1_167' title='bbox 1231 987 1445 1023; x_wconf 86' lang='lat' dir='ltr'>fundatione</span> <span class='ocrx_word' id='word_1_168' title='bbox 1469 1000 1548 1023; x_wconf 88' lang='lat' dir='ltr'>mea</span> <span class='ocrx_word' id='word_1_169' title='bbox 1571 987 1606 1022; x_wconf 91' lang='lat' dir='ltr'>in</span> <span class='ocrx_word' id='word_1_170' title='bbox 1626 988 1687 1023; x_wconf 91' lang='lat' dir='ltr'>suo</span> <span class='ocrx_word' id='word_1_171' title='bbox 1712 1002 1768 1024; x_wconf 89' lang='lat' dir='ltr'>ro-</span> 
     </span>
     <span class='ocr_line' id='line_1_17' title="bbox 258 1045 1767 1096; baseline 0.001 -14"><span class='ocrx_word' id='word_1_172' title='bbox 258 1046 344 1082; x_wconf 91' lang='lat' dir='ltr'>bore</span> <span class='ocrx_word' id='word_1_173' title='bbox 369 1047 601 1096; x_wconf 85' lang='lat' dir='ltr'>perhenniter</span> <span class='ocrx_word' id='word_1_174' title='bbox 624 1046 797 1081; x_wconf 86' lang='lat' dir='ltr'>duratura</span> <span class='ocrx_word' id='word_1_175' title='bbox 816 1065 825 1074; x_wconf 88' lang='lat'><strong>·</strong></span> <span class='ocrx_word' id='word_1_176' title='bbox 853 1051 889 1081; x_wconf 88' lang='lat' dir='ltr'>et</span> <span class='ocrx_word' id='word_1_177' title='bbox 906 1046 990 1081; x_wconf 90' lang='lat' dir='ltr'>volo</span> <span class='ocrx_word' id='word_1_178' title='bbox 1008 1046 1107 1094; x_wconf 90' lang='lat' dir='ltr'>quod</span> <span class='ocrx_word' id='word_1_179' title='bbox 1131 1045 1263 1081; x_wconf 87' lang='lat' dir='ltr'>totiens</span> <span class='ocrx_word' id='word_1_180' title='bbox 1282 1045 1381 1081; x_wconf 64' lang='lat' dir='ltr'>dieta</span> <span class='ocrx_word' id='word_1_181' title='bbox 1403 1057 1498 1094; x_wconf 86' lang='lat' dir='ltr'>pena</span> <span class='ocrx_word' id='word_1_182' title='bbox 1520 1046 1767 1083; x_wconf 86' lang='lat' dir='ltr'>committatur</span> 
     </span>
     <span class='ocr_line' id='line_1_18' title="bbox 257 1103 1764 1152; baseline 0.001 -12"><span class='ocrx_word' id='word_1_183' title='bbox 257 1110 293 1140; x_wconf 92' lang='lat' dir='ltr'>et</span> <span class='ocrx_word' id='word_1_184' title='bbox 306 1105 446 1141; x_wconf 89' lang='lat' dir='ltr'>levetur</span> <span class='ocrx_word' id='word_1_185' title='bbox 456 1105 621 1152; x_wconf 87' lang='lat' dir='ltr'>quotiens</span> <span class='ocrx_word' id='word_1_186' title='bbox 635 1104 787 1152; x_wconf 86' lang='lat' dir='ltr'>presenti</span> <span class='ocrx_word' id='word_1_187' title='bbox 801 1104 1003 1139; x_wconf 87' lang='lat' dir='ltr'>fundationi</span> <span class='ocrx_word' id='word_1_188' title='bbox 1018 1117 1097 1140; x_wconf 90' lang='lat' dir='ltr'>mee</span> <span class='ocrx_word' id='word_1_189' title='bbox 1108 1103 1218 1140; x_wconf 89' lang='lat' dir='ltr'>fuerit</span> <span class='ocrx_word' id='word_1_190' title='bbox 1232 1103 1497 1139; x_wconf 86' lang='lat' dir='ltr'>contradictum</span> <span class='ocrx_word' id='word_1_191' title='bbox 1511 1116 1592 1139; x_wconf 90' lang='lat' dir='ltr'>cum</span> <span class='ocrx_word' id='word_1_192' title='bbox 1609 1104 1738 1141; x_wconf 70' lang='lat' dir='ltr'>effee‘cu</span> <span class='ocrx_word' id='word_1_193' title='bbox 1755 1125 1764 1133; x_wconf 87' lang='lat'><em>-</em></span> 
     </span>
     <span class='ocr_line' id='line_1_19' title="bbox 255 1161 1763 1210; baseline 0.001 -13"><span class='ocrx_word' id='word_1_194' title='bbox 255 1163 426 1198; x_wconf 83' lang='lat' dir='ltr'>subiciens</span> <span class='ocrx_word' id='word_1_195' title='bbox 444 1163 550 1198; x_wconf 86' lang='lat' dir='ltr'>etiam</span> <span class='ocrx_word' id='word_1_196' title='bbox 570 1176 627 1198; x_wconf 89' lang='lat' dir='ltr'>me</span> <span class='ocrx_word' id='word_1_197' title='bbox 642 1169 678 1198; x_wconf 87' lang='lat' dir='ltr'>et</span> <span class='ocrx_word' id='word_1_198' title='bbox 696 1162 845 1198; x_wconf 86' lang='lat' dir='ltr'>heredes</span> <span class='ocrx_word' id='word_1_199' title='bbox 860 1175 958 1198; x_wconf 87' lang='lat' dir='ltr'>meos</span> <span class='ocrx_word' id='word_1_200' title='bbox 972 1167 1009 1198; x_wconf 88' lang='lat' dir='ltr'>et</span> <span class='ocrx_word' id='word_1_201' title='bbox 1021 1162 1125 1198; x_wconf 87' lang='lat' dir='ltr'>nobis</span> <span class='ocrx_word' id='word_1_202' title='bbox 1141 1162 1355 1198; x_wconf 81' lang='lat' dir='ltr'>successuros</span> <span class='ocrx_word' id='word_1_203' title='bbox 1369 1161 1613 1210; x_wconf 62' lang='lat' dir='ltr'>jurisdictioni</span> <span class='ocrx_word' id='word_1_204' title='bbox 1628 1162 1763 1198; x_wconf 91' lang='lat' dir='ltr'>domini</span> 
     </span>
     <span class='ocr_line' id='line_1_20' title="bbox 254 1219 1763 1269; baseline 0.001 -14"><span class='ocrx_word' id='word_1_205' title='bbox 254 1220 404 1269; x_wconf 90' lang='lat' dir='ltr'>episcopi</span> <span class='ocrx_word' id='word_1_206' title='bbox 417 1219 647 1258; x_wconf 76' lang='lat' dir='ltr'>(Doravienfis</span> <span class='ocrx_word' id='word_1_207' title='bbox 662 1221 720 1269; x_wconf 93' lang='lat' dir='ltr'>qui</span> <span class='ocrx_word' id='word_1_208' title='bbox 736 1234 801 1269; x_wconf 91' lang='lat' dir='ltr'>pro</span> <span class='ocrx_word' id='word_1_209' title='bbox 820 1226 983 1269; x_wconf 87' lang='lat' dir='ltr'>tempore</span> <span class='ocrx_word' id='word_1_210' title='bbox 1002 1220 1110 1256; x_wconf 87' lang='lat' dir='ltr'>fuerit</span> <span class='ocrx_word' id='word_1_211' title='bbox 1129 1225 1164 1256; x_wconf 92' lang='lat' dir='ltr'>et</span> <span class='ocrx_word' id='word_1_212' title='bbox 1183 1219 1260 1269; x_wconf 86' lang='lat' dir='ltr'>ejus</span> <span class='ocrx_word' id='word_1_213' title='bbox 1273 1219 1370 1256; x_wconf 84' lang='lat' dir='ltr'>vices</span> <span class='ocrx_word' id='word_1_214' title='bbox 1387 1220 1546 1268; x_wconf 86' lang='lat' dir='ltr'>gerentis</span> <span class='ocrx_word' id='word_1_215' title='bbox 1563 1225 1599 1256; x_wconf 91' lang='lat' dir='ltr'>et</span> <span class='ocrx_word' id='word_1_216' title='bbox 1617 1221 1763 1269; x_wconf 88' lang='lat' dir='ltr'>capituli</span> 
     </span>
     <span class='ocr_line' id='line_1_21' title="bbox 252 1277 1762 1315; baseline 0 -1"><span class='ocrx_word' id='word_1_217' title='bbox 252 1278 302 1314; x_wconf 90' lang='lat' dir='ltr'>sui</span> <span class='ocrx_word' id='word_1_218' title='bbox 321 1278 400 1314; x_wconf 90' lang='lat' dir='ltr'>sede</span> <span class='ocrx_word' id='word_1_219' title='bbox 418 1285 568 1315; x_wconf 84' lang='lat' dir='ltr'>vacante</span> <span class='ocrx_word' id='word_1_220' title='bbox 585 1284 627 1314; x_wconf 93' lang='lat' dir='ltr'>ut</span> <span class='ocrx_word' id='word_1_221' title='bbox 645 1279 749 1314; x_wconf 88' lang='lat' dir='ltr'>liceat</span> <span class='ocrx_word' id='word_1_222' title='bbox 768 1279 818 1314; x_wconf 88' lang='lat' dir='ltr'>eis</span> <span class='ocrx_word' id='word_1_223' title='bbox 835 1279 893 1314; x_wconf 89' lang='lat' dir='ltr'>vel</span> <span class='ocrx_word' id='word_1_224' title='bbox 912 1291 1036 1314; x_wconf 89' lang='lat' dir='ltr'>eorum</span> <span class='ocrx_word' id='word_1_225' title='bbox 1057 1278 1205 1314; x_wconf 84' lang='lat' dir='ltr'>cuilibet</span> <span class='ocrx_word' id='word_1_226' title='bbox 1228 1291 1285 1313; x_wconf 92' lang='lat' dir='ltr'>me</span> <span class='ocrx_word' id='word_1_227' title='bbox 1310 1277 1459 1313; x_wconf 88' lang='lat' dir='ltr'>heredes</span> <span class='ocrx_word' id='word_1_228' title='bbox 1483 1291 1582 1313; x_wconf 87' lang='lat' dir='ltr'>meos</span> <span class='ocrx_word' id='word_1_229' title='bbox 1607 1284 1642 1314; x_wconf 90' lang='lat' dir='ltr'>et</span> <span class='ocrx_word' id='word_1_230' title='bbox 1660 1278 1762 1314; x_wconf 90' lang='lat' dir='ltr'>nobis</span> 
     </span>
    </p>
   </div>
   <div class='ocr_carea' id='block_1_4' title="bbox 251 1335 1761 1500">
    <p class='ocr_par' dir='ltr' id='par_1_4' title="bbox 251 1335 1761 1500">
     <span class='ocr_line' id='line_1_22' title="bbox 252 1335 1761 1384; baseline 0.001 -13"><span class='ocrx_word' id='word_1_231' title='bbox 252 1336 462 1372; x_wconf 79' lang='lat' dir='ltr'>successuros</span> <span class='ocrx_word' id='word_1_232' title='bbox 481 1351 521 1373; x_wconf 85' lang='lat' dir='ltr'>ac</span> <span class='ocrx_word' id='word_1_233' title='bbox 541 1337 719 1372; x_wconf 65' lang='lat' dir='ltr'>dictarum</span> <span class='ocrx_word' id='word_1_234' title='bbox 739 1342 916 1372; x_wconf 85' lang='lat' dir='ltr'>terrarum</span> <span class='ocrx_word' id='word_1_235' title='bbox 935 1336 1113 1372; x_wconf 89' lang='lat' dir='ltr'>firmarios</span> <span class='ocrx_word' id='word_1_236' title='bbox 1132 1354 1466 1364; x_wconf 84' lang='lat'><strong>············</strong></span> <span class='ocrx_word' id='word_1_237' title='bbox 1486 1335 1530 1370; x_wconf 88' lang='lat' dir='ltr'>ad</span> <span class='ocrx_word' id='word_1_238' title='bbox 1550 1336 1671 1371; x_wconf 90' lang='lat' dir='ltr'>omnia.</span> <span class='ocrx_word' id='word_1_239' title='bbox 1683 1349 1761 1384; x_wconf 86' lang='lat' dir='ltr'>pre-</span> 
     </span>
     <span class='ocr_line' id='line_1_23' title="bbox 251 1393 1758 1443; baseline 0.001 -14"><span class='ocrx_word' id='word_1_240' title='bbox 251 1394 347 1429; x_wconf 84' lang='lat' dir='ltr'>miffa</span> <span class='ocrx_word' id='word_1_241' title='bbox 368 1400 404 1430; x_wconf 92' lang='lat' dir='ltr'>et</span> <span class='ocrx_word' id='word_1_242' title='bbox 421 1395 606 1442; x_wconf 88' lang='lat' dir='ltr'>quodlibet</span> <span class='ocrx_word' id='word_1_243' title='bbox 630 1395 877 1443; x_wconf 79' lang='lat' dir='ltr'>premissorum</span> <span class='ocrx_word' id='word_1_244' title='bbox 902 1394 1157 1430; x_wconf 89' lang='lat' dir='ltr'>inviolabiliter</span> <span class='ocrx_word' id='word_1_245' title='bbox 1182 1393 1401 1429; x_wconf 87' lang='lat' dir='ltr'>observanda</span> <span class='ocrx_word' id='word_1_246' title='bbox 1428 1406 1492 1441; x_wconf 90' lang='lat' dir='ltr'>per</span> <span class='ocrx_word' id='word_1_247' title='bbox 1515 1393 1758 1430; x_wconf 89' lang='lat' dir='ltr'>omnimodam</span> 
     </span>
     <span class='ocr_line' id='line_1_24' title="bbox 251 1451 1759 1500; baseline 0.001 -13"><span class='ocrx_word' id='word_1_248' title='bbox 251 1452 432 1487; x_wconf 86' lang='lat' dir='ltr'>censuram</span> <span class='ocrx_word' id='word_1_249' title='bbox 460 1451 721 1488; x_wconf 79' lang='lat' dir='ltr'>ecclesiasticam</span> <span class='ocrx_word' id='word_1_250' title='bbox 742 1470 1336 1480; x_wconf 88' lang='lat'><strong>·····················</strong></span> <span class='ocrx_word' id='word_1_251' title='bbox 1365 1451 1433 1486; x_wconf 90' lang='lat' dir='ltr'>hoc</span> <span class='ocrx_word' id='word_1_252' title='bbox 1452 1451 1544 1486; x_wconf 84' lang='lat' dir='ltr'>facto</span> <span class='ocrx_word' id='word_1_253' title='bbox 1564 1464 1629 1500; x_wconf 88' lang='lat' dir='ltr'>pro</span> <span class='ocrx_word' id='word_1_254' title='bbox 1649 1465 1705 1488; x_wconf 89' lang='lat' dir='ltr'>me</span> <span class='ocrx_word' id='word_1_255' title='bbox 1724 1458 1759 1488; x_wconf 90' lang='lat' dir='ltr'>et</span> 
     </span>
    </p>
   </div>
   <div class='ocr_carea' id='block_1_5' title="bbox 250 1508 1757 1733">
    <p class='ocr_par' dir='ltr' id='par_1_5' title="bbox 250 1508 1757 1733">
     <span class='ocr_line' id='line_1_25' title="bbox 251 1508 1757 1558; baseline 0.001 -14"><span class='ocrx_word' id='word_1_256' title='bbox 251 1510 439 1545; x_wconf 81' lang='lat' dir='ltr'>heredibus</span> <span class='ocrx_word' id='word_1_257' title='bbox 458 1511 545 1546; x_wconf 88' lang='lat' dir='ltr'>meis</span> <span class='ocrx_word' id='word_1_258' title='bbox 557 1516 593 1546; x_wconf 88' lang='lat' dir='ltr'>et</span> <span class='ocrx_word' id='word_1_259' title='bbox 611 1511 713 1546; x_wconf 77' lang='lat' dir='ltr'>nobis</span> <span class='ocrx_word' id='word_1_260' title='bbox 731 1510 933 1546; x_wconf 78' lang='lat' dir='ltr'>successuris</span> <span class='ocrx_word' id='word_1_261' title='bbox 951 1509 1153 1558; x_wconf 88' lang='lat' dir='ltr'>exceptioni</span> <span class='ocrx_word' id='word_1_262' title='bbox 1166 1508 1305 1546; x_wconf 79' lang='lat' dir='ltr'>lesionis</span> <span class='ocrx_word' id='word_1_263' title='bbox 1324 1528 1332 1537; x_wconf 92' lang='lat'><strong>·</strong></span> <span class='ocrx_word' id='word_1_264' title='bbox 1353 1509 1572 1557; x_wconf 89' lang='lat' dir='ltr'>deceptionis</span> <span class='ocrx_word' id='word_1_265' title='bbox 1584 1528 1593 1537; x_wconf 87' lang='lat'><strong>·</strong></span> <span class='ocrx_word' id='word_1_266' title='bbox 1613 1509 1686 1545; x_wconf 92' lang='lat' dir='ltr'>doli</span> <span class='ocrx_word' id='word_1_267' title='bbox 1701 1510 1757 1546; x_wconf 90' lang='lat' dir='ltr'>vel</span> 
     </span>
     <span class='ocr_line' id='line_1_26' title="bbox 250 1566 1755 1617; baseline 0.001 -15"><span class='ocrx_word' id='word_1_268' title='bbox 250 1568 384 1602; x_wconf 84' lang='lat' dir='ltr'>fraudis</span> <span class='ocrx_word' id='word_1_269' title='bbox 408 1574 444 1603; x_wconf 91' lang='lat' dir='ltr'>et</span> <span class='ocrx_word' id='word_1_270' title='bbox 472 1569 569 1604; x_wconf 91' lang='lat' dir='ltr'>omni</span> <span class='ocrx_word' id='word_1_271' title='bbox 588 1569 647 1604; x_wconf 89' lang='lat' dir='ltr'>alii</span> <span class='ocrx_word' id='word_1_272' title='bbox 667 1568 869 1617; x_wconf 89' lang='lat' dir='ltr'>exceptioni</span> <span class='ocrx_word' id='word_1_273' title='bbox 882 1568 976 1617; x_wconf 86' lang='lat' dir='ltr'>juris</span> <span class='ocrx_word' id='word_1_274' title='bbox 994 1568 1051 1603; x_wconf 90' lang='lat' dir='ltr'>vel</span> <span class='ocrx_word' id='word_1_275' title='bbox 1075 1567 1161 1603; x_wconf 67' lang='lat' dir='ltr'>sacti</span> <span class='ocrx_word' id='word_1_276' title='bbox 1181 1566 1342 1603; x_wconf 89' lang='lat' dir='ltr'>canonici</span> <span class='ocrx_word' id='word_1_277' title='bbox 1362 1567 1419 1602; x_wconf 88' lang='lat' dir='ltr'>vel</span> <span class='ocrx_word' id='word_1_278' title='bbox 1438 1567 1550 1602; x_wconf 87' lang='lat' dir='ltr'>civilis</span> <span class='ocrx_word' id='word_1_279' title='bbox 1568 1580 1632 1615; x_wconf 88' lang='lat' dir='ltr'>per</span> <span class='ocrx_word' id='word_1_280' title='bbox 1649 1581 1755 1615; x_wconf 88' lang='lat' dir='ltr'>quam</span> 
     </span>
     <span class='ocr_line' id='line_1_27' title="bbox 251 1624 1756 1674; baseline 0.001 -14"><span class='ocrx_word' id='word_1_281' title='bbox 251 1631 376 1660; x_wconf 84' lang='lat' dir='ltr'>contra</span> <span class='ocrx_word' id='word_1_282' title='bbox 402 1627 562 1673; x_wconf 81' lang='lat' dir='ltr'>premissa</span> <span class='ocrx_word' id='word_1_283' title='bbox 585 1627 642 1662; x_wconf 88' lang='lat' dir='ltr'>vel</span> <span class='ocrx_word' id='word_1_284' title='bbox 669 1626 803 1674; x_wconf 87' lang='lat' dir='ltr'>aliquid</span> <span class='ocrx_word' id='word_1_285' title='bbox 830 1626 1076 1674; x_wconf 74' lang='lat' dir='ltr'>premissorum</span> <span class='ocrx_word' id='word_1_286' title='bbox 1104 1625 1285 1674; x_wconf 78' lang='lat' dir='ltr'>possumus</span> <span class='ocrx_word' id='word_1_287' title='bbox 1312 1637 1377 1660; x_wconf 90' lang='lat' dir='ltr'>nos</span> <span class='ocrx_word' id='word_1_288' title='bbox 1403 1624 1674 1672; x_wconf 87' lang='lat' dir='ltr'>quomodolibet</span> <span class='ocrx_word' id='word_1_289' title='bbox 1697 1626 1756 1661; x_wconf 90' lang='lat' dir='ltr'>de-</span> 
     </span>
     <span class='ocr_line' id='line_1_28' title="bbox 250 1682 1751 1733; baseline 0.001 -16"><span class='ocrx_word' id='word_1_290' title='bbox 250 1683 395 1719; x_wconf 87' lang='lat' dir='ltr'>fendere</span> <span class='ocrx_word' id='word_1_291' title='bbox 414 1684 470 1719; x_wconf 80' lang='lat' dir='ltr'>vel</span> <span class='ocrx_word' id='word_1_292' title='bbox 485 1685 578 1720; x_wconf 89' lang='lat' dir='ltr'>tueri</span> <span class='ocrx_word' id='word_1_293' title='bbox 598 1704 606 1712; x_wconf 91' lang='lat'><strong>·</strong></span> <span class='ocrx_word' id='word_1_294' title='bbox 629 1685 672 1720; x_wconf 90' lang='lat' dir='ltr'>In</span> <span class='ocrx_word' id='word_1_295' title='bbox 691 1684 793 1733; x_wconf 86' lang='lat' dir='ltr'>cujus</span> <span class='ocrx_word' id='word_1_296' title='bbox 807 1684 859 1720; x_wconf 88' lang='lat' dir='ltr'>rei</span> <span class='ocrx_word' id='word_1_297' title='bbox 877 1683 1116 1720; x_wconf 88' lang='lat' dir='ltr'>testimonium</span> <span class='ocrx_word' id='word_1_298' title='bbox 1137 1682 1287 1731; x_wconf 84' lang='lat' dir='ltr'>sigillum</span> <span class='ocrx_word' id='word_1_299' title='bbox 1307 1695 1428 1719; x_wconf 92' lang='lat' dir='ltr'>meum</span> <span class='ocrx_word' id='word_1_300' title='bbox 1444 1702 1751 1711; x_wconf 90' lang='lat'><strong>·············</strong></span> 
     </span>
    </p>
   </div>
   <div class='ocr_carea' id='block_1_6' title="bbox 248 1856 1752 1951">
    <p class='ocr_par' dir='ltr' id='par_1_6' title="bbox 248 1856 1752 1951">
     <span class='ocr_line' id='line_1_29' title="bbox 248 1856 1752 1905; baseline -0.001 -12"><span class='ocrx_word' id='word_1_301' title='bbox 248 1856 405 1893; x_wconf 86' lang='lat' dir='ltr'>Provifio</span> <span class='ocrx_word' id='word_1_302' title='bbox 424 1857 493 1891; x_wconf 89' lang='lat' dir='ltr'>·W·</span> <span class='ocrx_word' id='word_1_303' title='bbox 509 1857 552 1893; x_wconf 88' lang='lat' dir='ltr'>de</span> <span class='ocrx_word' id='word_1_304' title='bbox 572 1857 726 1893; x_wconf 85' lang='lat' dir='ltr'>Camera</span> <span class='ocrx_word' id='word_1_305' title='bbox 744 1859 788 1894; x_wconf 90' lang='lat' dir='ltr'>de</span> <span class='ocrx_word' id='word_1_306' title='bbox 806 1864 902 1894; x_wconf 89' lang='lat' dir='ltr'>terra</span> <span class='ocrx_word' id='word_1_307' title='bbox 921 1858 965 1894; x_wconf 91' lang='lat' dir='ltr'>de</span> <span class='ocrx_word' id='word_1_308' title='bbox 984 1857 1156 1895; x_wconf 80' lang='lat' dir='ltr'>Grefioco</span> <span class='ocrx_word' id='word_1_309' title='bbox 1175 1869 1240 1905; x_wconf 89' lang='lat' dir='ltr'>pro</span> <span class='ocrx_word' id='word_1_310' title='bbox 1260 1856 1477 1892; x_wconf 84' lang='lat' dir='ltr'>exhibitione</span> <span class='ocrx_word' id='word_1_311' title='bbox 1495 1856 1556 1892; x_wconf 87' lang='lat' dir='ltr'>sua</span> <span class='ocrx_word' id='word_1_312' title='bbox 1573 1857 1609 1891; x_wconf 92' lang='lat' dir='ltr'>in</span> <span class='ocrx_word' id='word_1_313' title='bbox 1628 1856 1752 1892; x_wconf 88' lang='lat' dir='ltr'>scholis</span> 
     </span>
     <span class='ocr_line' id='line_1_30' title="bbox 248 1913 504 1951; baseline 0 -1"><span class='ocrx_word' id='word_1_314' title='bbox 248 1913 504 1951; x_wconf 82' lang='lat' dir='ltr'>Parilienssbus.</span> 
     </span>
    </p>
   </div>
   <div class='ocr_carea' id='block_1_7' title="bbox 245 2030 1749 2254">
    <p class='ocr_par' dir='ltr' id='par_1_7' title="bbox 245 2030 1749 2254">
     <span class='ocr_line' id='line_1_31' title="bbox 247 2030 1749 2080; baseline -0.001 -14"><span class='ocrx_word' id='word_1_315' title='bbox 247 2031 456 2066; x_wconf 89' lang='lat' dir='ltr'>Alexander</span> <span class='ocrx_word' id='word_1_316' title='bbox 484 2030 554 2066; x_wconf 83' lang='lat' dir='ltr'>Dei</span> <span class='ocrx_word' id='word_1_317' title='bbox 580 2031 697 2078; x_wconf 83' lang='lat' dir='ltr'>gratia</span> <span class='ocrx_word' id='word_1_318' title='bbox 722 2032 903 2080; x_wconf 83' lang='lat' dir='ltr'>episcopus</span> <span class='ocrx_word' id='word_1_319' title='bbox 929 2031 1160 2070; x_wconf 69' lang='lat' dir='ltr'>ffloravienfis</span> <span class='ocrx_word' id='word_1_320' title='bbox 1187 2033 1318 2069; x_wconf 90' lang='lat' dir='ltr'>dilecto</span> <span class='ocrx_word' id='word_1_321' title='bbox 1349 2031 1468 2067; x_wconf 85' lang='lat' dir='ltr'>nostro</span> <span class='ocrx_word' id='word_1_322' title='bbox 1497 2030 1678 2066; x_wconf 88' lang='lat' dir='ltr'>Willelmo</span> <span class='ocrx_word' id='word_1_323' title='bbox 1705 2031 1749 2066; x_wconf 94' lang='lat' dir='ltr'>de</span> 
     </span>
     <span class='ocr_line' id='line_1_32' title="bbox 247 2089 1748 2137; baseline -0.001 -12"><span class='ocrx_word' id='word_1_324' title='bbox 247 2090 400 2125; x_wconf 87' lang='lat' dir='ltr'>Camera</span> <span class='ocrx_word' id='word_1_325' title='bbox 417 2089 490 2124; x_wconf 90' lang='lat' dir='ltr'>filio</span> <span class='ocrx_word' id='word_1_326' title='bbox 510 2089 655 2124; x_wconf 90' lang='lat' dir='ltr'>salutem</span> <span class='ocrx_word' id='word_1_327' title='bbox 672 2108 679 2116; x_wconf 94' lang='lat'><strong>·</strong></span> <span class='ocrx_word' id='word_1_328' title='bbox 708 2089 792 2124; x_wconf 87' lang='lat' dir='ltr'>Tibi</span> <span class='ocrx_word' id='word_1_329' title='bbox 810 2090 855 2126; x_wconf 85' lang='lat' dir='ltr'>de</span> <span class='ocrx_word' id='word_1_330' title='bbox 873 2104 1005 2137; x_wconf 84' lang='lat' dir='ltr'>genere</span> <span class='ocrx_word' id='word_1_331' title='bbox 1023 2089 1299 2128; x_wconf 68' lang='lat' dir='ltr'>moraviensium</span> <span class='ocrx_word' id='word_1_332' title='bbox 1319 2089 1496 2126; x_wconf 88' lang='lat' dir='ltr'>exisstenti</span> <span class='ocrx_word' id='word_1_333' title='bbox 1520 2089 1748 2137; x_wconf 90' lang='lat' dir='ltr'>cupientique</span> 
     </span>
     <span class='ocr_line' id='line_1_33' title="bbox 245 2145 1749 2185; baseline -0.001 -3"><span class='ocrx_word' id='word_1_334' title='bbox 245 2148 282 2182; x_wconf 92' lang='lat' dir='ltr'>in</span> <span class='ocrx_word' id='word_1_335' title='bbox 301 2147 443 2183; x_wconf 89' lang='lat' dir='ltr'>civitate</span> <span class='ocrx_word' id='word_1_336' title='bbox 464 2145 642 2183; x_wconf 82' lang='lat' dir='ltr'>Parisienfi</span> <span class='ocrx_word' id='word_1_337' title='bbox 659 2147 696 2181; x_wconf 90' lang='lat' dir='ltr'>in</span> <span class='ocrx_word' id='word_1_338' title='bbox 714 2146 881 2184; x_wconf 87' lang='lat' dir='ltr'>facultate</span> <span class='ocrx_word' id='word_1_339' title='bbox 899 2149 1029 2184; x_wconf 87' lang='lat' dir='ltr'>artium</span> <span class='ocrx_word' id='word_1_340' title='bbox 1048 2148 1170 2185; x_wconf 88' lang='lat' dir='ltr'>studiis</span> <span class='ocrx_word' id='word_1_341' title='bbox 1187 2149 1352 2184; x_wconf 88' lang='lat' dir='ltr'>inherere</span> <span class='ocrx_word' id='word_1_342' title='bbox 1372 2167 1380 2175; x_wconf 90' lang='lat'>·</span> <span class='ocrx_word' id='word_1_343' title='bbox 1395 2152 1436 2183; x_wconf 92' lang='lat' dir='ltr'>ut</span> <span class='ocrx_word' id='word_1_344' title='bbox 1454 2147 1498 2183; x_wconf 86' lang='lat' dir='ltr'>de</span> <span class='ocrx_word' id='word_1_345' title='bbox 1517 2152 1613 2182; x_wconf 87' lang='lat' dir='ltr'>terra</span> <span class='ocrx_word' id='word_1_346' title='bbox 1630 2145 1749 2182; x_wconf 87' lang='lat' dir='ltr'>nostra</span> 
     </span>
     <span class='ocr_line' id='line_1_34' title="bbox 246 2203 1746 2254; baseline -0.001 -13"><span class='ocrx_word' id='word_1_347' title='bbox 246 2206 289 2241; x_wconf 92' lang='lat' dir='ltr'>de</span> <span class='ocrx_word' id='word_1_348' title='bbox 318 2203 490 2241; x_wconf 80' lang='lat' dir='ltr'>Grefioco</span> <span class='ocrx_word' id='word_1_349' title='bbox 518 2205 705 2253; x_wconf 86' lang='lat' dir='ltr'>disponere</span> <span class='ocrx_word' id='word_1_350' title='bbox 723 2204 928 2253; x_wconf 62' lang='lat' dir='ltr'>fruetusque</span> <span class='ocrx_word' id='word_1_351' title='bbox 956 2212 992 2242; x_wconf 86' lang='lat' dir='ltr'>et</span> <span class='ocrx_word' id='word_1_352' title='bbox 1018 2212 1215 2254; x_wconf 88' lang='lat' dir='ltr'>proventus</span> <span class='ocrx_word' id='word_1_353' title='bbox 1242 2206 1397 2254; x_wconf 89' lang='lat' dir='ltr'>ejusdem</span> <span class='ocrx_word' id='word_1_354' title='bbox 1424 2205 1462 2240; x_wconf 91' lang='lat' dir='ltr'>in</span> <span class='ocrx_word' id='word_1_355' title='bbox 1488 2205 1568 2241; x_wconf 86' lang='lat' dir='ltr'>usus</span> <span class='ocrx_word' id='word_1_356' title='bbox 1595 2210 1676 2240; x_wconf 87' lang='lat' dir='ltr'>tuos</span> <span class='ocrx_word' id='word_1_357' title='bbox 1702 2217 1746 2240; x_wconf 89' lang='lat' dir='ltr'>ex</span> 
     </span>
    </p>
   </div>
  </div>
 </body>
</html>
