2060 2660
566 175 881 214 REGISTRUM
909 179 1271 216 MORAVIENSE.
1597 189 1663 220 155

174 333 282 369 Carta
300 332 345 370 ·J·
362 332 513 381 episcopi
532 332 695 369 Roberto
715 334 758 370 de
778 333 956 381 Lawadyr
975 334 1078 369 militi
1097 353 1104 361 ·
1126 334 1284 370 Abriach
1304 354 1311 362 ·

75 449 144 482 138
173 446 351 483 Univerfis
369 446 488 482 sancte
506 448 626 484 matris
645 447 785 484 ecclefie
802 448 883 483 filiis
901 449 946 484 ad
961 462 1050 496 quos
1064 449 1242 496 presentes
1255 448 1357 484 litere
1371 452 1597 497 pervenerint
1607 453 1628 488 J
1632 467 1666 488 0-

171 505 305 540 hannes
322 503 544 552 permiffione
564 505 686 541 divina
707 505 847 541 ecclefie
869 505 1099 542 moraviensis
1123 505 1279 541 minister
1301 506 1444 541 humilis
1464 507 1608 543 salutem
1632 510 1667 544 in

171 562 332 598 Domino
351 562 598 609 sempiternam
615 582 623 591 ·
648 563 803 599 Noverit
820 562 1028 599 univerfitas
1045 563 1158 599 vestra
1175 577 1241 599 nos
1260 563 1304 599 de
1323 562 1466 599 confilio
1485 570 1520 600 et
1537 565 1668 601 affensu

170 620 309 656 Decani
323 625 358 655 et
372 620 518 668 capituli
533 620 640 655 nostri
655 640 663 648 ·
681 619 822 656 ecclesie
840 620 957 657 nostre
976 621 1138 669 predicte
1156 621 1310 657 utilitate
1328 622 1510 656 communi
1527 623 1669 670 pensata

170 683 204 713 et
218 677 338 713 habito
353 677 455 725 super
469 677 536 713 hoe
549 678 648 726 prius
662 678 825 725 diligenti
839 678 996 714 tractatu
1011 698 1019 706 ·
1036 678 1165 714 dedifl'e
1184 698 1192 706 ·
1208 677 1404 714 concessiss'e
1419 684 1455 714 et
1469 679 1514 714 ad
1527 679 1667 715 feodam

168 735 306 770 firmam
331 733 489 770 dimififfe
512 735 623 770 nobili
642 736 720 771 viro
739 736 887 771 domino
908 736 1069 772 Roberto
1089 736 1133 771 de
1152 736 1331 784 Lawadyr
1345 736 1449 771 militi
1467 749 1532 784 pro
1552 737 1668 772 multi-

168 792 315 840 plicibus
333 793 481 829 servitiis
497 793 565 828 suis
580 793 673 829 dicte
688 792 830 829 ecclefie
848 793 965 829 nostre
979 792 1142 842 impenfis
1161 794 1344 829 dimidiam
1359 793 1555 829 dauacham
1574 802 1667 830 terre

169 849 283 886 nostre
295 851 339 886 de
348 850 617 899 Aberbreachy·
623 850 803 899 jacentem
817 851 911 887 inter
922 851 1107 887 baroniam
1119 851 1163 887 de
1171 851 1318 887 Bonach
1332 864 1376 886 ex
1390 856 1489 899 parte
1504 851 1668 887 orientali

168 921 212 943 ex
229 913 329 956 parte
347 922 420 943 una
437 914 473 944 et
490 908 674 944 baroniam
692 909 736 944 de
756 908 921 945 Urchard
939 922 985 945 ex
1001 914 1101 957 parte
1124 909 1335 945 occidentali
1361 922 1404 944 ex
1430 909 1542 944 altera
1561 929 1569 936 ·
1597 923 1669 944 una

168 978 249 1000 cum
263 971 358 1001 terra
369 965 486 1001 nostra
498 966 541 1002 de
548 966 780 1002 Auchmunie
793 986 800 994 ·
808 966 989 1015 jacentem
1003 967 1097 1003 inter
1111 972 1243 1002 terram
1256 966 1300 1002 de
1309 966 1497 1014 Drumbay
1510 980 1554 1002 ex
1568 974 1667 1015 parte

168 1023 333 1058 orientali
351 1037 394 1058 ex
412 1029 512 1071 parte
530 1037 604 1059 una
621 1030 657 1059 et
674 1030 806 1060 terram
826 1025 870 1060 de
890 1024 1036 1073 Cartaly
1054 1038 1099 1060 ex
1116 1030 1216 1073 parte
1236 1025 1448 1060 occidentali
1467 1038 1511 1060 ex
1528 1025 1640 1061 altera
1659 1045 1666 1053 ·

168 1080 259 1116 infra
271 1080 454 1116 baroniam
470 1081 514 1116 de
526 1081 692 1117 Urchard
702 1082 898 1130 predictam
911 1102 919 1110 ·
934 1096 1015 1118 cum
1027 1082 1252 1131 pertinentiis
1265 1102 1272 1110 ·
1289 1083 1480 1118 tenendam
1493 1088 1528 1118 et
1539 1083 1668 1118 haben-

168 1138 248 1173 dam
272 1138 368 1174 dicto
394 1139 540 1174 domino
562 1139 724 1175 Roberto
743 1145 779 1175 et
797 1140 987 1176 heredibus
1004 1140 1072 1175 suis
1090 1140 1134 1175 de
1153 1139 1254 1175 nobis
1273 1145 1308 1175 et
1326 1140 1574 1176 succefl'oribus
1593 1140 1668 1176 nos-

168 1196 231 1231 tris
256 1196 292 1230 in
319 1202 532 1244 perpetuum
550 1210 614 1245 per
632 1210 756 1233 omnes
778 1197 853 1232 suas
872 1203 985 1233 rectas
1003 1203 1115 1233 metas
1138 1203 1173 1233 et
1198 1197 1322 1233 divisas
1345 1197 1456 1233 libere
1484 1217 1492 1225 ·
1520 1198 1638 1245 quiete
1658 1217 1665 1224 -

167 1255 326 1302 plenarie
346 1274 354 1283 ·
374 1255 519 1303 pacifice
538 1261 574 1291 et
592 1256 788 1291 honorifice
804 1276 812 1284 ·
828 1257 865 1291 in
883 1256 1020 1304 placitis
1035 1276 1043 1283 ·
1060 1256 1166 1291 curiis
1185 1275 1193 1283 ·
1209 1255 1360 1291 bracinis
1375 1276 1383 1283 ·
1404 1256 1618 1291 molendinis
1632 1261 1667 1291 et

167 1312 332 1348 multuris
351 1332 359 1340 ·
379 1318 415 1348 et
433 1326 514 1348 cum
534 1313 698 1348 omnibus
716 1313 792 1349 aliis
810 1313 1031 1349 libertatibus
1050 1333 1058 1341 ·
1084 1312 1396 1349 commoditatibus
1416 1332 1423 1340 ·
1449 1314 1664 1361 azyamentis

167 1375 202 1405 et
215 1369 317 1418 justis
335 1370 559 1418 pertinentiis
580 1371 625 1406 ad
649 1371 760 1406 dictas
777 1377 890 1407 terras
907 1371 1143 1420 spectantibus
1161 1371 1220 1406 seu
1238 1371 1393 1419 spectare
1412 1370 1611 1406 valentibus
1630 1371 1666 1405 in

165 1427 327 1463 futurum
356 1433 392 1463 et
418 1441 486 1475 que
515 1429 559 1463 ad
590 1428 678 1476 ipsas
709 1429 975 1477 quibuscunque
1003 1428 1186 1464 transactis
1216 1441 1511 1475 quorumcunque
1542 1429 1666 1476 prede·

165 1485 335 1520 cefforum
356 1485 557 1521 nostrorum
575 1486 633 1521 vel
651 1486 776 1522 nostris
794 1487 1013 1535 temporibus
1039 1485 1274 1534 spectaverint
1298 1485 1358 1521 seu
1382 1485 1536 1533 spectare
1562 1492 1665 1533 potu-

166 1543 259 1577 erint
277 1542 321 1578 de
333 1542 417 1591 jure
437 1562 445 1570 ·
465 1543 649 1579 reddendo
668 1543 751 1579 inde
770 1545 953 1580 annuatim
973 1544 1074 1579 nobis
1092 1549 1128 1579 et
1146 1543 1394 1579 successoribus
1408 1542 1534 1578 nostris
1550 1543 1665 1578 dictus

165 1600 331 1635 dominus
351 1600 533 1636 Robertus
552 1607 587 1636 et
605 1601 753 1637 heredes
771 1602 821 1637 sui
836 1607 990 1649 quatuor
1005 1614 1140 1636 marcas
1153 1600 1402 1648 sterlingorum
1417 1600 1461 1635 ad
1476 1601 1567 1636 duos
1581 1601 1665 1636 anni

165 1657 337 1692 terminos
363 1658 550 1694 consuetos
575 1671 639 1706 per
664 1659 806 1706 equales
829 1659 1012 1707 portiones
1033 1672 1099 1707 pro
1118 1658 1216 1694 omni
1234 1658 1303 1693 alia
1320 1658 1505 1693 exactione
1523 1658 1664 1694 servitio

164 1720 200 1750 et
219 1715 396 1750 demanda
410 1735 418 1743 ·
437 1721 472 1751 et
489 1716 652 1751 faciendo
671 1716 754 1752 inde
773 1717 876 1752 nobis
890 1722 926 1752 et
939 1715 1188 1752 successoribus
1202 1715 1328 1751 nostris
1341 1721 1377 1751 et
1390 1713 1532 1751 ecclefie
1546 1717 1664 1752 (Dora-

163 1770 271 1808 vienfi
297 1772 392 1808 idem
417 1773 583 1809 dominus
610 1773 792 1809 Robertus
819 1780 855 1810 et
881 1774 1029 1810 heredes
1056 1774 1106 1809 sui
1132 1773 1339 1809 fidelitatem
1368 1778 1404 1809 et
1428 1773 1634 1821 homagium
1654 1793 1661 1801 ·

121 1831 123 1834 ’
164 1830 208 1865 In
232 1829 333 1878 cujus
354 1830 406 1866 rei
431 1830 671 1866 testimonium
694 1831 756 1867 has
782 1832 902 1867 literas
927 1831 1062 1867 nostras
1084 1830 1196 1879 figillo
1220 1830 1340 1866 nostro
1361 1844 1434 1866 una
1451 1844 1533 1866 cum
1550 1830 1662 1879 figillo

162 1888 344 1923 communi
358 1887 503 1936 capituli
517 1888 626 1924 nostri
640 1889 810 1925 antedicti
824 1888 974 1937 signatas
990 1887 1051 1924 fibi
1063 1888 1141 1924 fieri
1154 1888 1302 1924 fecimus
1315 1893 1476 1937 patentes
1495 1908 1503 1916 ·
1524 1889 1661 1925 Datum

162 1945 256 1993 apud
287 1944 404 1993 Elgyn
434 1946 472 1981 in
499 1945 584 1981 festo
615 1946 735 1982 Sancti
763 1947 930 1983 Nicholai
958 1947 1110 1995 episcopi
1136 1951 1171 1982 et
1198 1946 1401 1982 confessoris
1426 1959 1521 1982 anno
1547 1947 1660 1994 gratie

162 2006 319 2040 ·m⁰·ccc⁰·
339 2002 513 2039 tricefimo
532 2009 659 2051 quarto
679 2024 687 2031 ·
