2060 2660
220 1245 289 1280 149

318 160 387 198 166
712 156 1030 195 REGISTRUM
1059 155 1427 193 MORAVIENSE.

316 260 403 295 alios
428 264 606 295 terrarum
634 256 941 294 ecclesiasticarum
959 256 1051 291 infra
1068 260 1186 304 partes
1205 255 1249 290 de
1268 253 1469 302 Strathspee
1488 258 1524 288 et
1543 252 1587 288 de
1607 253 1821 301 Baydenach

316 316 525 353 constitutos
549 316 845 365 qualitercunque
868 313 1079 364 perpetratis
1102 326 1143 348 ac
1164 312 1293 358 punire
1314 316 1350 346 et
1370 310 1490 359 puniri
1508 310 1624 346 facere
1641 311 1680 346 in
1697 324 1821 361 corpo-

317 375 413 412 ribus
437 380 474 411 et
497 374 600 410 bonis
626 379 735 423 prout
761 374 798 409 in
825 373 936 408 literis
960 371 1085 407 nostris
1107 370 1210 416 super
1228 370 1295 403 hoc
1314 367 1374 403 fibi
1392 366 1559 403 conceffis
1580 368 1720 417 plenius
1738 383 1821 406 con-

316 434 453 469 tinetur
471 452 480 460 ·
508 432 718 468 mandamus
736 431 837 467 vobis
861 436 897 466 et
920 428 1134 478 precipimus
1152 432 1328 474 quatenus
1345 424 1369 460 fi
1388 431 1424 461 et
1441 439 1523 461 cum
1541 426 1733 475 contigerit
1750 428 1821 464 dic-

317 497 372 527 tos
385 491 464 527 suos
482 491 645 526 homines
663 490 815 537 aliquem
831 488 887 523 vel
906 487 1042 534 aliquos
1060 484 1222 520 arrestari
1241 484 1299 519 seu
1318 497 1439 519 coram
1457 484 1558 519 vobis
1576 485 1770 533 presentari
1784 487 1821 522 in

310 548 449 597 judicio
469 548 525 584 vel
540 554 641 584 extra
655 568 663 576 ·
682 547 773 596 ipsos
787 559 868 582 cum
888 557 1014 580 eorum
1032 542 1233 578 actionibus
1252 547 1288 577 et
1306 541 1517 590 calumpniis
1535 541 1605 579 fine
1623 544 1822 580 contradic-

316 607 414 643 tione
433 607 491 643 seu
510 606 716 654 cognitione
735 603 892 655 qualibet
910 602 1009 637 dieto
1026 600 1200 648 Episcopo
1215 599 1272 635 vel
1291 599 1368 648 ejus
1385 600 1517 636 ballivo
1536 600 1646 637 libere
1665 601 1823 638 restitua-

317 666 360 700 tis
380 685 388 692 ·
417 670 559 713 recepta
582 670 702 699 tamen
722 676 743 698 a
760 661 898 710 prefato
918 659 1093 708 Episcopo
1118 663 1154 693 et
1176 657 1309 693 ballivo
1331 657 1393 693 suo
1415 658 1602 694 securitate
1627 659 1673 695 de
1694 660 1822 696 satissa-

317 723 443 759 ciendo
472 722 635 758 fidelibus
663 720 789 756 nostris
820 720 864 754 de
897 716 1060 765 dampnis
1088 721 1124 752 et
1151 715 1290 763 injuriis
1318 729 1382 764 per
1411 716 1527 752 ἀίὁὶοε
1555 717 1718 754 homines
1744 718 1822 754 suos

318 780 423 817 illatis
441 794 481 816 ac
500 780 606 815 etiam
625 778 837 828 perpetratis
858 796 865 805 ·
894 776 941 811 Et
959 776 1027 810 hoc
1046 774 1107 809 sub
1126 786 1218 822 pena
1232 787 1301 821 que
1316 775 1487 823 competit
1500 775 1705 814 nullatenus
1719 777 1822 813 omit-

316 839 398 875 tatis
417 858 425 866 ·
445 851 519 873 non
538 837 753 873 obstantibus
767 834 1033 883 quibuscunque
1047 832 1159 867 literis
1173 831 1299 867 nostris
1314 832 1379 867 hiis
1397 833 1617 881 presentibus
1634 835 1822 870 contrariis

317 910 379 944 per
398 909 463 932 nos
482 894 585 931 missis
603 895 660 930 vel
678 893 861 929 mittendis
889 912 897 920 ·
939 891 1076 927 Datum
1104 890 1165 925 sub
1192 888 1304 938 figillo
1331 890 1451 927 nostro
1477 892 1573 940 apud
1598 892 1822 941 Edynburgh

318 953 585 1002 quartodecimo
600 953 656 988 die
675 950 799 988 menfis
816 950 917 988 Junii
937 969 945 977 ·
965 962 1061 984 anno
1076 949 1179 996 regni
1197 947 1305 983 nostri
1325 947 1498 985 tricesimo
1518 950 1648 985 octavo
1664 969 1672 977 ·

321 1128 599 1164 Instrumentum
619 1127 721 1174 super
739 1125 914 1161 solutione
933 1124 1069 1160 decime
1089 1124 1225 1160 itineris
1244 1123 1449 1159 Camerarie
1465 1143 1472 1151 ·

323 1244 364 1279 ln
384 1244 529 1279 nomine
549 1241 699 1278 Domini
717 1254 821 1277 amen
845 1260 853 1290 ;
882 1253 945 1289 per
964 1240 1032 1275 hoc
1051 1240 1192 1288 presens
1211 1239 1391 1288 publicum
1413 1239 1687 1276 instrumentum
1705 1246 1824 1288 pateat

319 1300 486 1337 univerfis
510 1301 606 1348 qnod
633 1313 728 1336 anno
755 1313 776 1335 a
803 1299 989 1334 nativitate
1019 1298 1170 1334 Domini
1200 1302 1359 1334 ·sn⁰·ccc⁰·
1384 1297 1596 1346 sexagesimo
1615 1299 1745 1335 oetavo
1766 1300 1824 1335 die

317 1359 560 1395 tertiadecima
586 1357 710 1394 mensis
738 1357 924 1393 Februarii
952 1377 960 1385 ·
989 1357 1188 1392 indictione
1217 1357 1274 1391 ·vi·
1305 1356 1533 1405 pontificatus
1559 1355 1760 1392 samffiffimi
1786 1357 1823 1393 in

317 1417 455 1453 Christo
480 1417 589 1464 patris
610 1430 650 1452 ac
670 1416 806 1452 domini
824 1415 935 1451 nostri
953 1415 1090 1451 domini
1110 1414 1249 1451 Urbani
1265 1415 1386 1450 divina
1404 1414 1594 1450 clementia
1611 1415 1824 1463 providente

321 1476 412 1523 Papo
430 1488 476 1511 ·v·
495 1489 590 1511 anno
609 1475 706 1511 sexto
726 1494 734 1502 ·
755 1475 791 1509 in
810 1474 880 1510 mei
907 1473 1039 1522 publici
1064 1473 1195 1509 notarii
1221 1478 1256 1508 et
1282 1472 1420 1508 testium
1447 1472 1721 1521 subscriptorum
1748 1486 1826 1521 pre-

319 1534 427 1569 sentia
453 1533 624 1569 Patricius
649 1533 692 1568 de
718 1533 904 1581 Creython
929 1538 965 1568 et
986 1531 1168 1567 Henricus
1192 1531 1286 1566 filius
1311 1530 1461 1566 Roberti
1487 1535 1573 1566 tunc
1596 1537 1638 1566 ut
1661 1531 1826 1567 dicebant

322 1591 440 1626 ballivi
459 1591 561 1638 burgi
581 1591 623 1626 de
639 1591 757 1639 Elgyn
772 1610 780 1618 ·
797 1604 841 1626 ex
860 1596 959 1639 parte
979 1590 1164 1626 camerarii
1184 1589 1379 1637 regalitatis
1394 1589 1556 1625 moravie
1572 1608 1579 1616 ·
1595 1589 1778 1625 solverunt
1791 1595 1826 1626 et

322 1648 563 1684 deliberarunt
585 1649 782 1684 reverendo
802 1649 839 1684 in
859 1648 999 1684 Christo
1018 1648 1109 1696 patri
1129 1662 1169 1684 ac
1189 1648 1336 1683 domino
1355 1647 1502 1682 domino
1524 1646 1735 1683 Alexandro
1755 1648 1826 1684 Dei

321 1707 435 1754 gratia
463 1706 623 1754 episcopo
652 1705 865 1743 moraviensi
893 1707 1040 1742 nomine
1068 1713 1103 1742 et
1130 1720 1174 1742 ex
1197 1711 1298 1754 parte
1326 1703 1468 1741 ecclesie
1491 1704 1549 1740 sue
1573 1705 1734 1753 predicte
1760 1719 1826 1754 pro

323 1764 468 1799 decimis
491 1764 616 1799 finium
639 1765 774 1800 itineris
794 1765 999 1800 Camerarie
1018 1765 1114 1811 apud
1135 1765 1253 1812 Elgyn
1273 1769 1372 1799 tente
1390 1776 1499 1798 unam
1519 1776 1675 1798 marcam
1694 1763 1828 1800 sterlin-

322 1835 452 1870 gorum
471 1822 508 1856 in
526 1835 614 1857 auro
634 1842 642 1850 ·
668 1828 703 1857 et
727 1822 830 1871 super
852 1822 1026 1858 solutione
1045 1822 1247 1871 hujusmodi
1267 1822 1362 1857 faeta
1379 1821 1482 1868 petiit
1500 1834 1520 1856 a
1539 1834 1595 1856 me
1614 1821 1710 1857 idem
1729 1835 1828 1858 reve·

257 1888 262 1894 “
324 1880 456 1916 rendus
474 1885 574 1928 pater
592 1880 773 1928 publicum
792 1879 850 1915 fibi
870 1880 945 1916 fieri
962 1880 1235 1916 instrumentum
1257 1900 1264 1908 ·
1296 1880 1433 1915 Aetum
1452 1879 1547 1927 apud
1568 1879 1690 1928 Spyny
1706 1893 1802 1915 anno
1819 1900 1826 1908 ·

325 1937 382 1974 die
395 1957 402 1966 ·
416 1937 533 1973 mense
546 1956 554 1965 ·
571 1938 767 1973 indietione
780 1944 814 1973 et
826 1938 1036 1986 pontificatu
1048 1939 1219 1988 predictis
1232 1958 1239 1966 ·
1253 1937 1473 1985 presentibus
1485 1937 1632 1973 domino
1645 1937 1828 1974 Willelmo

325 1996 477 2033 Oliverii
504 1994 706 2044 presbytero
726 2016 733 2023 ·
756 1995 905 2032 Andrea
932 1997 975 2032 de
1002 1997 1131 2033 Felton
1150 2018 1158 2025 ·
1185 1996 1353 2033 Johanne
1378 1996 1423 2032 de
1449 1995 1580 2044 Spensa
1598 2015 1606 2023 ·
1635 1995 1756 2032 David
1784 1997 1827 2032 de

328 2054 425 2090 Aula
441 2060 527 2089 tunc
555 2054 587 2089 se
611 2059 759 2101 gerente
784 2068 849 2102 pro
875 2055 1035 2103 serjando
1056 2055 1151 2091 ἀίἇὶθ
1170 2055 1253 2091 ville
1273 2056 1316 2091 de
1337 2054 1455 2103 Elgyn
1474 2060 1510 2090 et
1527 2054 1603 2089 aliis
1621 2053 1764 2090 testibus
1782 2055 1827 2090 ad

327 2112 487 2161 premissa
515 2112 649 2147 vocatis
677 2118 712 2147 et
740 2111 910 2159 requisitis
938 2132 946 2140 ·
984 2113 1031 2148 Et
1058 2126 1124 2160 ego
1151 2114 1336 2162 Philippus
1360 2113 1403 2148 de
1429 2111 1653 2160 Dunkeldyn
1680 2111 1829 2149 clericus

328 2168 591 2206 Dunkeldenfis
618 2169 797 2205 dioceseos
823 2170 986 2218 publicus
1012 2171 1227 2207 auGtoritate
1254 2170 1444 2220 apostolica
1471 2170 1632 2205 notarius
1659 2169 1829 2218 premissis

327 2228 492 2264 omnibus
519 2233 555 2263 et
577 2226 721 2276 singulis
750 2228 834 2263 dum
864 2227 907 2263 fic
934 2228 1060 2264 fierent
1090 2235 1125 2264 et
1151 2235 1345 2277 agerentur
1370 2242 1443 2264 una
1466 2241 1547 2265 cum
1572 2228 1830 2274 prenominatis

328 2285 471 2322 testibus
489 2286 630 2335 presens
647 2286 878 2334 personaliter
897 2286 1041 2322 interfui
1061 2293 1095 2322 et
1115 2287 1150 2322 in
1169 2288 1260 2324 hanc
1279 2288 1429 2323 formam
1452 2286 1583 2335 publici
1607 2285 1830 2323 instrumenti
