2060 2660
263 859 332 890 180

363 185 435 216 ζ210
758 180 1074 217 REGISTRUM
1103 178 1468 215 MORAVIENSE.

364 281 516 316 Camera
541 280 671 316 clerico
692 279 884 328 justiciarie
910 280 1004 328 apud
1028 279 1146 327 Elgyn
1165 279 1202 313 in
1224 278 1308 313 festo
1330 277 1532 312 san&arum
1553 276 1635 310 ·xi¹¹¹·
1655 276 1835 325 virginum
1857 298 1865 305 ·

362 351 457 374 anno
475 352 546 386 quo
564 338 667 387 supra
686 358 694 366 ·
722 338 769 374 Et
787 338 964 386 presentes
978 338 1124 373 fuerunt
1143 336 1281 371 discreti
1300 335 1366 369 viri
1386 334 1553 369 dominus
1574 334 1754 370 Robertus
1773 335 1866 372 Can-

362 397 449 432 toris
467 397 660 432 canonicus
680 395 854 431 Ross'enfis
873 415 881 423 ·
910 395 1110 443 Stephanus
1130 393 1246 428 Wode
1266 398 1301 427 et
1320 391 1506 427 Galfridus
1525 391 1569 426 de
1590 392 1764 429 Rainfreu
1783 394 1865 430 bur-

360 454 482 502 genses
511 455 555 490 de
585 454 770 490 Abirdene
790 474 798 482 ·
826 458 862 489 et
895 453 1076 488 Robertus
1108 451 1152 486 de
1181 450 1344 486 moravia
1372 447 1553 496 burgensis
1582 450 1626 485 de
1652 450 1770 499 Elgyn
1790 472 1797 479 ·
1829 459 1863 488 et

362 512 464 547 multi
488 512 547 547 alii
574 512 676 548 testes
702 512 747 547 ad
773 511 935 560 premissa
953 529 961 537 ·
987 522 1051 557 per
1069 509 1205 544 dietum
1226 507 1412 542 dominum
1433 506 1646 556 Episcopum
1670 508 1783 546 clause
1802 511 1863 546 sub

361 569 471 619 sigillo
490 570 551 606 suo
566 590 574 598 ·

362 745 483 780 Litera
499 743 688 781 Justiciarii
706 743 808 791 super
820 741 958 790 judicio
978 746 1013 776 et
1031 740 1269 789 appellatione
1290 760 1297 767 ·

359 861 569 897 murthacus
588 859 774 895 Senescalli
797 858 963 893 dominus
990 857 1034 892 de
1061 856 1295 905 Kynclevyne
1314 856 1528 905 justiciarius
1547 870 1591 893 ex
1609 862 1709 906 parte
1728 858 1861 894 boreali

358 932 448 966 aque
467 919 511 954 de
531 918 641 954 Forth
660 916 860 952 vicecomiti
880 922 915 951 et
933 915 1072 950 ballivis
1091 915 1158 950 suis
1178 915 1222 950 de
1238 915 1416 963 Inuernys
1435 915 1581 951 salutem
1613 935 1621 943 ·
1666 916 1761 958 Quia
1779 930 1861 952 con-

358 977 421 1012 stat
440 976 541 1012 nobis
559 989 622 1023 per
641 975 808 1010 clericum
827 973 985 1008 nostrum
998 972 1192 1021 justiciarie
1210 973 1307 1021 quod
1326 973 1538 1009 venerabilis
1555 973 1592 1008 in
1608 973 1748 1009 Christo
1762 980 1862 1022 pater

359 1034 524 1069 dominus
539 1033 740 1068 WVillelmus
756 1032 826 1067 Dei
841 1031 956 1079 gratia
970 1031 1153 1079 episcopus
1167 1030 1398 1067 moraviensis
1416 1044 1437 1066 a
1454 1031 1607 1079 quodam
1622 1031 1761 1080 judicio
1780 1046 1862 1068 con-

358 1099 413 1128 tra
433 1092 543 1140 ipsum
564 1091 647 1126 dato
668 1110 675 1118 ·
703 1089 915 1139 fijudicium
935 1089 1004 1124 dici
1027 1089 1154 1125 debeat
1173 1109 1181 1117 ·
1201 1089 1238 1124 in
1257 1090 1356 1125 curia
1373 1089 1487 1125 vestra
1504 1089 1743 1138 pronunciato
1767 1091 1862 1139 apud

362 1151 536 1197 Inuernys
563 1149 678 1197 primo
706 1148 762 1183 die
790 1147 914 1183 mensis
941 1146 1114 1183 Oetobris
1137 1147 1266 1183 ultimo
1293 1148 1465 1196 preterito
1493 1148 1537 1182 ad
1565 1148 1699 1183 curiam
1728 1148 1863 1184 itineris

352 1207 543 1256 justiciarie
562 1206 678 1241 nostre
696 1206 861 1254 proximo
880 1206 1072 1241 tenendam
1092 1205 1184 1241 infra
1202 1205 1344 1241 balliam
1363 1205 1511 1241 vestram
1531 1206 1723 1254 appellavit
1741 1226 1749 1234 ·
1769 1212 1805 1242 et
1823 1214 1862 1243 ut

358 1266 443 1300 dicit
460 1265 557 1312 quod
579 1265 716 1299 dietum
735 1264 912 1312 judicium
936 1262 982 1312 [fi
999 1263 1200 1312 judicium]
1225 1264 1294 1299 dici
1320 1264 1446 1300 debeat
1471 1263 1519 1300 est
1542 1264 1682 1299 nullum
1708 1265 1746 1299 in
1770 1265 1802 1301 se
1828 1272 1862 1301 et

357 1323 448 1359 male
467 1323 590 1358 datum
610 1342 618 1350 ·
638 1328 674 1357 et
689 1323 825 1358 dictum
839 1322 1018 1370 judicium
1034 1322 1247 1357 contradicit
1262 1335 1325 1370 per
1339 1322 1458 1358 literas
1476 1322 1552 1357 suas
1570 1328 1732 1370 patentes
1750 1329 1786 1358 et
1800 1337 1862 1371 per

358 1382 512 1417 rationes
537 1381 573 1416 in
598 1381 665 1415 illis
684 1386 871 1416 contentas
890 1380 1110 1416 ostendendo
1129 1394 1193 1429 per
1208 1381 1322 1416 dietas
1336 1381 1492 1416 rationes
1510 1381 1607 1428 quod
1626 1394 1699 1415 uon
1718 1386 1862 1416 tenetur

357 1440 470 1474 facere
489 1439 618 1475 seetam
638 1439 681 1474 ad
701 1439 836 1474 curiam
854 1438 1004 1474 vestram
1029 1439 1226 1487 predie‘ffim
1255 1458 1262 1466 ·
1293 1444 1329 1474 et
1347 1439 1502 1487 petendo
1521 1438 1736 1474 auctoritate
1754 1438 1861 1474 nostri

358 1497 463 1533 officii
495 1502 530 1532 et
555 1497 688 1532 virtute
716 1497 774 1532 sue
801 1497 1049 1544 appellationis
1071 1497 1142 1532 tale
1169 1497 1366 1532 remedium
1396 1510 1440 1531 ne
1462 1510 1526 1532 vos
1553 1496 1703 1531 ulterius
1727 1495 1786 1531 fibi
1805 1497 1861 1532 vel

358 1556 416 1590 sue
435 1553 576 1590 ecclefie
595 1554 808 1591 moraviensi
827 1556 864 1590 in
883 1569 1008 1591 eorum
1026 1555 1249 1591 libertatibus
1267 1554 1505 1603 prejudicium
1524 1554 1685 1590 faceretis
1705 1575 1712 1583 ·
1749 1555 1863 1590 Vobis

358 1613 573 1648 auetoritate
588 1613 695 1648 nostri
714 1613 820 1648 officii
836 1614 1052 1662 precipimus
1070 1619 1106 1649 et
1125 1613 1337 1649 mandamus
1355 1618 1531 1660 quatenus
1549 1611 1626 1648 vifis
1644 1613 1862 1659 presentibus

360 1672 395 1706 in
415 1671 512 1706 dieto
531 1671 689 1716 process'u
708 1671 960 1718 supersedeatis
978 1685 1044 1708 nec
1060 1672 1211 1707 ulterius
1228 1685 1292 1707 vos
1307 1671 1547 1707 intromittere
1566 1671 1696 1707 curetis
1711 1671 1748 1706 in
1763 1672 1861 1707 (1ὶᾶῒο

353 1728 490 1777 judicio
519 1728 576 1764 vel
606 1729 643 1763 in
673 1729 790 1776 aliquo
819 1731 979 1776 process'u
1009 1730 1105 1765 illam
1134 1731 1271 1766 causam
1301 1735 1472 1778 tangente
1500 1730 1537 1765 in
1565 1731 1738 1776 petitione
1769 1732 1862 1767 seete

359 1787 415 1822 vel
434 1786 471 1821 in
493 1787 699 1833 receptione
724 1789 991 1824 amerciamenti
1018 1789 1076 1824 vel
1101 1788 1343 1837 cujuscunque
1369 1801 1461 1835 pene
1488 1788 1572 1824 inde
1596 1789 1860 1836 contingentis·

359 1845 540 1893 quousque
559 1845 595 1879 in
614 1845 713 1880 curia
741 1845 877 1881 itineris
902 1847 1019 1882 nostre
1032 1847 1225 1896 justiciarie
1244 1847 1410 1894 proximo
1429 1847 1584 1883 tenenda
1603 1846 1694 1882 infra
1720 1847 1861 1882 balliam

361 1903 508 1939 vestram
531 1902 638 1937 fuerit
663 1903 938 1940 determinatum
961 1911 1083 1940 utrum
1104 1906 1240 1940 dietum
1255 1905 1431 1953 judicium
1451 1903 1494 1940 fic
1514 1905 1637 1940 datum
1657 1910 1692 1940 et
1710 1918 1774 1951 per
1792 1905 1862 1940 dic-

359 1967 435 1996 tum
462 1960 675 2008 Episcopum
704 1962 968 1998 contradie‘mm
996 1968 1032 1998 et
1057 1962 1100 1998 fic
1125 1963 1169 1998 ab
1188 1977 1230 1999 eo
1249 1963 1466 2010 appellatum
1486 1962 1526 1998 fit
1544 1963 1667 1998 datum
1691 1963 1782 1998 bene
1804 1964 1860 1999 vel

361 2019 451 2054 male
471 2038 479 2046 ·
510 2018 746 2053 Premuniatis
771 2020 912 2068 iusuper
938 2034 1062 2057 omnes
1088 2022 1279 2057 seetatores
1306 2021 1403 2057 curie
1430 2020 1542 2057 vestre
1566 2021 1727 2069 prediehe
1745 2022 1859 2068 quiin

359 2076 657 2123 pronunciatione
687 2077 773 2112 diffi
796 2077 923 2125 judicii
951 2085 1053 2114 erant
1079 2080 1339 2116 consentientes
1365 2079 1462 2127 quod
1489 2084 1719 2128 compareant
1740 2092 1860 2114 coram

359 2134 460 2170 uobis
479 2134 514 2169 in
534 2134 698 2182 proximo
716 2135 844 2171 itinere
862 2136 980 2172 nostro
993 2137 1184 2185 justiciarie
1203 2139 1248 2174 ad
1266 2138 1480 2174 audiendam
1500 2137 1587 2173 dieti
1599 2137 1726 2185 judicii
1746 2137 1859 2173 deter-

360 2192 592 2228 minationem
621 2193 658 2227 in
686 2193 800 2227 forma
820 2194 912 2241 juris
932 2214 939 2222 ·
968 2201 1003 2230 et
1027 2196 1091 2231 hec
1114 2196 1175 2231 sub
1194 2197 1292 2232 omni
1311 2209 1404 2245 pena
1421 2209 1489 2243 que
1508 2195 1590 2230 inde
1609 2195 1703 2242 sequi
1728 2196 1860 2240 poterit

359 2250 460 2286 nullo
480 2251 586 2285 modo
606 2251 777 2286 omittatis
796 2264 861 2287 nec
880 2253 1045 2288 omittant
1066 2273 1074 2281 ·
1103 2254 1248 2290 scientes
1275 2255 1369 2302 quod
1394 2254 1511 2289 dietus
1533 2253 1700 2288 dominus
1720 2253 1860 2301 Episco-

359 2322 424 2354 pus
443 2309 580 2344 invenit
599 2308 635 2343 in
655 2322 762 2344 manu
782 2309 900 2346 clerici
920 2311 1026 2346 nostri
1046 2311 1237 2359 justiciarie
1255 2313 1335 2348 loco
1355 2311 1461 2347 nostri
1479 2311 1636 2359 plegium
1655 2311 1752 2358 quod
1765 2311 1861 2359 judi-
