2060 2660
359 181 427 213 184-
749 178 1064 216 REGISTRUM
1094 178 1308 214 MORAVI
1318 177 1456 214 ENSE.

357 278 481 313 damus
494 278 661 326 quatinus
678 278 765 314 cites
783 278 1020 314 reverendum
1040 279 1076 313 in
1096 277 1235 314 Christo
1250 283 1387 323 patrem
1403 274 1589 310 dominum
1606 273 1854 311 Alexandrum

358 334 427 370 Dei
440 336 557 383 gratia
570 336 771 383 episcopum
787 336 1046 373 moraviensem
1067 335 1161 384 apud
1178 333 1488 381 Logachnacheny
1506 331 1587 366 loco
1605 331 1782 380 legittimo
1797 360 1805 368 .
1821 341 1856 369 et

355 392 518 429 distin&e
535 394 631 440 apud
652 393 838 429 Ardinche
856 406 921 439 per
938 393 972 428 se
991 412 999 420 ·
1021 393 1127 428 etiam
1151 391 1246 437 apud
1270 396 1402 425 terram
1421 386 1680 425 ecclesiasticam
1703 390 1747 426 de
1769 390 1856 426 Kin-

353 463 446 498 gucy
465 470 474 478 ·
493 451 588 497 apud
617 457 750 487 terram
782 450 916 497 capelle
945 450 989 485 de
1015 450 1107 484 Rate
1128 468 1136 476 ·
1155 448 1252 494 apud
1280 452 1412 482 terram
1441 445 1575 492 capelle
1598 447 1642 483 de
1660 447 1826 484 Nachtan
1846 468 1854 476 ·

353 508 447 554 apud
471 514 602 544 terram
626 508 777 555 episcopi
803 508 846 543 de
873 506 1093 555 Kyncardyn
1113 525 1120 533 ·
1141 506 1185 541 ad
1205 504 1400 552 quemlibet
1418 503 1537 539 locum
1560 503 1793 542 diverfimode
1820 513 1855 542 et

353 565 494 601 diverfis
522 566 664 602 testibus
683 586 691 594 ·
721 567 805 601 item
824 565 919 611 apud
938 570 1070 599 terram
1090 563 1133 598 de
1153 561 1451 610 Gartinenagally
1469 566 1651 598 tenentem
1670 562 1824 611 ejusdem
1845 584 1853 592 ·

351 624 446 669 apud
468 624 686 672 Kyncardyn
702 628 881 659 tenentem
892 621 1051 670 'ejusdem
1069 640 1076 648 ·
1093 620 1189 668 quod
1204 625 1435 666 compareant
1448 633 1568 655 coram
1588 620 1689 656 nobis
1707 622 1801 667 apud
1822 622 1854 658 le

352 682 546 717 standand
562 687 694 729 stanys
707 681 751 717 de
766 681 798 716 le
819 679 936 715 Rathe
955 679 999 714 de
1020 678 1199 726 Kyngucy
1218 677 1297 713 estir
1316 677 1454 713 decimo
1470 677 1526 713 die
1545 677 1669 713 menfis
1682 678 1854 715 Getobris

350 740 514 784 proximo
532 740 654 775 futuro
674 759 681 767 ·
701 739 745 774 ad
769 737 1025 773 ostendendum
1047 735 1150 771 nobis
1176 749 1240 782 per
1264 748 1350 783 quas
1377 735 1572 771 evidentias
1600 736 1714 772 dietas
1741 742 1853 773 terras

350 797 441 833 infra
459 803 570 833 metas
588 796 704 832 nostre
723 795 916 843 regalitatis
934 794 1096 840 predffike
1114 799 1238 829 tenere
1256 793 1290 829 se
1303 793 1458 829 clamant
1477 813 1485 821 ·
1505 793 1550 829 ad
1568 794 1770 830 faciendum
1790 795 1852 831 ibi-

350 855 430 890 dem
445 855 512 890 hoc
526 854 622 902 quod
636 853 863 900 postulaverit
883 852 972 887 ordo
985 851 1078 899 juris
1093 871 1101 879 ·
1117 857 1153 886 et
1171 849 1211 886 fis
1230 850 1360 886 ibidem
1378 850 1542 887 habendo
1556 859 1674 887 tecum
1694 853 1756 888 has
1775 853 1851 890 lite-

348 926 404 947 ras
422 912 555 948 nostras
573 918 609 948 et
627 918 687 947 tue
706 910 883 947 citationis
901 909 1140 945 testimonium
1160 909 1354 944 secundum
1377 914 1541 944 tenorem
1562 909 1668 958 hujus
1692 911 1849 947 mandati

348 970 455 1006 nostri
475 990 482 998 ·
513 970 556 1005 In
581 969 682 1018 cujus
704 968 755 1004 rei
779 967 1017 1003 testimonium
1039 966 1259 1013 presentibus
1281 965 1433 1014 figillum
1451 966 1609 1002 noflrum
1627 969 1851 1015 precepimus

346 1028 476 1074 apponi
495 1028 589 1074 apud
608 1026 755 1063 castrum
776 1026 820 1061 de
836 1025 985 1061 Ruthan
1005 1025 1116 1060 -xiiii⁰·
1137 1025 1194 1060 die
1209 1023 1335 1060 menfis
1352 1024 1440 1061 Julii
1458 1037 1554 1060 anno
1574 1025 1724 1061 Domini
1741 1027 1850 1064 mille-

346 1085 429 1121 fimo
441 1084 677 1121 tricentefimo
689 1082 905 1131 octogesimo
917 1103 925 1111 ·
965 1082 1266 1129 Comparentibus
1280 1082 1390 1130 igitur
1404 1082 1575 1129 predictis
1588 1084 1732 1119 tandem
1747 1084 1850 1121 sectis

345 1143 477 1179 vocatis
491 1149 527 1178 et
541 1156 584 1178 ex
599 1155 698 1178 more
712 1142 852 1177 firmata
865 1141 963 1177 curia
978 1160 986 1168 ·
1003 1141 1221 1176 reverendus
1236 1141 1272 1176 in
1288 1140 1427 1176 Christo
1442 1146 1542 1187 pater
1556 1141 1723 1177 dominus
1739 1142 1848 1179 Alex-

344 1201 454 1236 ander
470 1201 539 1236 Dei
554 1201 668 1248 gratia
683 1200 865 1246 episcopus
878 1197 1109 1236 moravienfis
1126 1199 1311 1234 affociatus
1324 1198 1468 1234 honeste
1479 1199 1612 1247 grefl'us
1626 1199 1705 1235 suos
1719 1201 1847 1237 direxit

342 1259 385 1293 ad
407 1259 540 1293 curiam
566 1263 602 1293 ct
627 1257 718 1292 stans
741 1262 842 1293 extra
865 1257 1000 1292 curiam
1020 1257 1157 1292 indicto
1175 1255 1313 1292 filentio
1332 1270 1373 1292 ea
1391 1270 1460 1304 que
1478 1257 1673 1305 sequuntur
1692 1259 1847 1295 modeste

343 1316 490 1365 protulit
506 1336 514 1343 ·
530 1314 573 1351 fic
592 1315 736 1351 exorsus
755 1335 763 1343 ·
805 1315 973 1350 Premiffa
990 1314 1244 1363 protestatione
1262 1315 1359 1362 quod
1374 1328 1438 1363 pro
1454 1314 1514 1350 ista
1528 1317 1771 1364 compar-entia
1789 1318 1845 1353 vel

341 1375 457 1422 aliqua
470 1374 537 1409 alia
551 1386 620 1421 que
634 1373 691 1408 hic
706 1373 865 1409 dicemus
879 1373 936 1408 vel
955 1373 1125 1409 faciemus
1138 1386 1211 1408 non
1228 1373 1446 1408 intendimus
1460 1386 1524 1408 vos
1542 1373 1711 1410 illustrem
1725 1375 1843 1411 virum

340 1432 524 1467 dominum
546 1431 796 1467 Alexandrum
824 1431 1012 1467 Senescalli
1040 1431 1226 1466 dominum
1252 1431 1296 1466 de
1322 1431 1512 1467 Badenach
1532 1433 1844 1479 recognoscerent

341 1491 525 1525 dominum
545 1489 761 1538 superiorem
777 1495 954 1525 terrarum
970 1502 1057 1537 quas
1075 1487 1218 1525 ecclefia
1235 1488 1353 1524 nostra
1366 1488 1597 1525 moravienfis
1610 1496 1646 1526 et
1664 1504 1730 1526 nos
1747 1497 1844 1528 tene-

341 1561 417 1583 mus
436 1548 471 1582 in
492 1547 681 1583 Badenach
702 1567 709 1575 ·
737 1547 786 1583 set
812 1548 895 1595 quia
922 1547 1068 1583 devenit
1093 1547 1138 1582 ad
1165 1547 1330 1582 notitiam
1356 1546 1508 1582 nostram
1535 1548 1632 1595 quod
1654 1562 1718 1584 vos
1736 1557 1845 1598 prout

339 1605 439 1640 vobis
457 1605 589 1653 placuit
603 1604 726 1640 fecistis
741 1618 806 1641 nos
825 1605 926 1641 citari
945 1605 982 1640 in
1002 1605 1107 1641 dietis
1125 1605 1230 1641 terris
1248 1604 1373 1640 nostris
1387 1605 1432 1640 ad
1448 1605 1542 1640 diem
1556 1605 1656 1641 istum
1673 1613 1709 1642 et
1723 1607 1842 1644 locum

340 1664 383 1698 ad
408 1662 664 1698 ostendendum
687 1663 788 1698 vobis
815 1663 967 1711 qualiter
993 1669 1106 1699 terras
1132 1662 1209 1698 illas
1235 1668 1401 1699 tenemus
1427 1683 1435 1691 ·
1463 1663 1596 1699 idcirco
1620 1664 1657 1699 in
1681 1666 1842 1702 omnium

340 1721 395 1756 hic
422 1720 636 1768 presentium
664 1721 828 1756 notitiam
856 1721 1065 1757 deducimus
1091 1721 1188 1769 quod
1215 1734 1281 1756 nos
1308 1721 1443 1756 dudum
1473 1721 1516 1757 de
1544 1722 1661 1758 mense
1690 1722 1841 1772 Augusti

340 1779 466 1814 ultimo
491 1779 662 1827 preterito
689 1778 725 1813 in
752 1779 887 1827 capella
904 1779 1005 1815 beate
1025 1779 1139 1816 (Darie
1158 1779 1201 1815 de
1222 1779 1400 1827 Inuernys
1418 1792 1538 1815 coram
1557 1779 1704 1816 domino
1722 1781 1842 1818 nostro

344 1837 442 1884 Rege
471 1842 506 1871 et
532 1836 616 1871 viris
643 1835 832 1872 illustribus
859 1837 1013 1872 dominis
1037 1838 1081 1873 de
1101 1837 1242 1886 Carryk
1266 1842 1301 1872 et
1325 1837 1369 1873 de
1389 1837 1476 1886 Fyfe
1495 1838 1683 1874 comitibus
1704 1839 1840 1875 domini

340 1893 446 1929 nostri
467 1893 577 1941 Regis
594 1894 675 1929 filiis
704 1914 712 1921 ·
742 1894 888 1930 domino
907 1895 1036 1931 comite
1055 1895 1218 1932 moravie
1248 1915 1255 1923 ·
1286 1895 1484 1931 reverendo
1512 1895 1549 1931 in
1573 1895 1712 1932 Christo
1739 1903 1840 1946 patre

339 1953 485 1988 domino
503 1952 669 1989 Johannc
689 1952 759 1988 Dei
782 1953 896 2000 gratia
921 1953 1083 2002 episcopo
1103 1952 1351 1989 Dunkeldenfi
1369 1953 1581 1990 cancellario
1601 1954 1723 1990 Scocie
1742 1974 1751 1983 ·
1778 1955 1840 1992 Jo-

339 2011 455 2046 hanne
480 2010 631 2058 Lyoune
660 2011 853 2046 camerario
881 2011 1003 2047 Scocie
1030 2031 1038 2039 ·
1069 2011 1103 2047 T
1106 2012 1212 2047 homa
1236 2012 1280 2047 de
1305 2010 1436 2047 Erlkin'
1452 2031 1459 2039 ·
1490 2011 1652 2048 Roberto
1670 2012 1715 2048 de
1734 2012 1839 2049 Ches-

339 2068 432 2104 helm
452 2068 622 2104 militibus
640 2074 676 2104 et
694 2068 814 2103 multis
831 2069 907 2104 aliis
924 2082 989 2104 vos
1007 2069 1191 2105 dominum
1213 2069 1463 2105 Alexandrum
1483 2075 1518 2105 et
1535 2070 1669 2105 curiam
1689 2069 1837 2106 vestram

338 2126 618 2162 disclamavimus
649 2132 685 2161 et
708 2126 893 2162 dominum
918 2126 1075 2162 nostrum
1107 2128 1245 2175 Regem
1271 2127 1544 2163 acclamavimus
1577 2147 1584 2155 ·
1621 2133 1657 2163 et
1677 2127 1753 2176 jam
1782 2129 1837 2165 hic

337 2185 464 2220 iterato
489 2184 639 2220 dicimus
661 2189 696 2219 et
719 2185 951 2232 proponimus
969 2185 1065 2232 quod
1085 2185 1198 2221 dictas
1225 2192 1337 2222 terras
1355 2185 1485 2221 scilicet
1502 2185 1546 2221 de
1567 2185 1783 2222 Ratmorcus
1801 2194 1837 2223 et

338 2242 558 2291 Logykeny·
579 2242 623 2277 de
645 2241 810 2290 Kingucy
831 2262 839 2270 ·
860 2242 904 2278 de
926 2242 1034 2278 Inche
1059 2248 1092 2278 et
1116 2243 1160 2279 de
1182 2243 1367 2279 Ardinche
1386 2249 1421 2279 et
1439 2243 1655 2291 capellarum
1678 2243 1722 2279 de
1744 2244 1835 2281 Rate
