2060 2660
573 168 678 205 REG
686 170 889 207 ISTRUM
919 171 1282 208 MORAVIENSE.
1601 182 1670 217 139

178 328 236 363 De
253 327 356 363 terris
373 326 418 362 de
437 326 662 363 Strathnavir
676 346 684 354 -

55 443 123 480 126
176 441 352 479 Omnibus
381 441 502 477 sanae
531 441 650 478 matris
681 438 822 476 ecclefie
851 439 932 474 filiis
963 440 1031 475 hoc
1060 440 1229 488 scriptum
1256 440 1380 475 visuris
1409 442 1466 477 vel
1496 445 1668 480 audituris

176 499 424 536 Archebaldus
438 499 510 534 Dei
523 498 639 547 gratia
652 496 882 535 (Doravienfis
900 497 1083 545 episcopus
1095 497 1243 533 salutem
1261 498 1299 532 in
1313 498 1474 534 Domino
1490 519 1498 527 ·
1519 500 1671 537 Noverit

173 556 379 594 univerfitas
396 556 510 593 vestra
526 570 592 592 nos
611 556 655 592 de
669 555 856 592 voluntate
875 560 911 590 et
928 555 1097 590 consensu
1112 555 1253 590 Decani
1271 560 1307 590 et
1325 556 1469 603 capituli
1487 557 1595 592 nostri
1613 559 1671 594 de-

174 615 256 651 diffe
275 634 283 643 ·
303 612 500 650 conceffifl'e
519 619 555 650 et
570 614 638 649 hac
657 618 754 649 carta
771 612 889 648 nostra
902 613 1122 648 confirmafl'e
1141 613 1287 648 domino
1304 613 1506 660 Reginaldo
1520 614 1553 649 le
1569 615 1671 651 Chen

174 672 304 708 minori
326 672 472 707 domino
497 672 541 707 de
564 671 696 707 Duffus
718 676 754 707 et
779 671 893 707 marie
917 670 1038 718 sponse
1062 670 1122 706 sue
1143 670 1215 706 filie
1239 671 1419 717 quondam
1440 671 1601 719 Friikyni
1628 673 1672 708 de

175 730 337 768 moravia
355 734 391 765 et
408 729 598 765 heredibus
614 729 683 764 suis
701 742 746 764 ex
763 727 840 776 ipfis
861 728 1056 776 procreatis
1074 733 1109 763 et
1127 728 1356 778 procreandis
1373 729 1418 763 ad
1436 728 1671 765 feodifirmam

174 793 286 824 totam
310 793 443 823 terram
469 787 622 822 nostram
650 787 694 822 de
722 786 948 822 Strathnauir
967 784 1188 821 Cattenenfis
1212 784 1356 821 diocefis
1378 805 1387 813 ·
1414 799 1519 833 quam
1544 787 1672 823 nobilis

175 846 303 881 mulier
321 846 467 881 domina
483 845 652 882 Johanna
669 844 849 892 quondam
871 844 994 892 sponsa
1011 843 1148 879 domini
1167 842 1329 891 Friikyni
1348 844 1391 879 de
1410 845 1572 880 (Doravia
1589 858 1672 881 con-

174 903 258 939 tulit
270 904 372 939 nobis
390 908 426 939 et
443 902 584 939 ecclefie
601 902 718 938 nostre
737 900 951 939 moravienfi
968 902 1006 936 in
1023 914 1149 950 puram
1168 907 1204 937 et
1222 907 1431 950 perpetuam
1447 901 1671 938 elemosinam

174 961 219 997 ad
230 961 517 997 sustentationem
529 961 683 996 duorum
696 960 961 1008 capellanorum
973 960 1011 994 in
1022 960 1145 995 eadem
1158 965 1331 1008 perpetuo
1344 959 1655 996 ministrandorum
1665 981 1672 989 ·

174 1018 340 1054 videlicet
362 1019 407 1054 de
430 1018 614 1066 Langeval
636 1023 672 1054 et
691 1017 869 1053 Roffewal
887 1037 896 1045 ·
919 1017 963 1053 de
981 1017 1101 1065 tofftys
1120 1017 1164 1053 de
1183 1017 1312 1066 Dovyr
1331 1037 1339 1045 ·
1359 1018 1404 1053 de
1423 1017 1651 1055 Achenedess
1664 1039 1671 1047 ·

174 1077 218 1112 de
237 1076 346 1113 Clibr’
365 1095 374 1105 ·
398 1076 570 1124 Ardovyr
592 1081 629 1112 et
650 1075 860 1112 Cornefern’
884 1088 967 1111 cum
990 1075 1155 1111 omnibus
1179 1075 1340 1123 [focariis
1354 1075 1391 1121 Ρ]
1414 1081 1450 1111 61
1471 1076 1547 1111 31115
1570 1076 1673 1125 ayfia-

174 1135 303 1170 mentis
320 1135 365 1170 ad
384 1134 497 1170 (116135
514 1139 627 1169 terras
644 1133 904 1181 pertinentibus
926 1153 935 1161 ·
960 1133 1153 1168 tenendam
1172 1138 1208 1168 et
1226 1133 1424 1169 habendam
1442 1132 1502 1169 fibi
1521 1139 1557 1169 et
1574 1135 1673 1170 here-

174 1192 276 1228 dibus
294 1192 362 1227 11115
380 1192 589 1240 supradictis
607 1192 651 1227 de
669 1191 772 1227 nobis
794 1196 830 1227 et
853 1191 1102 1226 successoribus
1126 1190 1251 1226 nostris
1274 1191 1364 1226 adeo
1386 1191 1496 1227 libere
1514 1192 1673 1239 plenarie

174 1254 210 1285 et
235 1249 432 1285 honorifice
459 1249 496 1284 in
522 1249 687 1284 omnibus
714 1254 749 1284 et
774 1261 838 1296 per
864 1248 985 1284 omnia
1006 1247 1093 1284 ficut
1114 1254 1212 1284 carta
1230 1249 1326 1284 (11616
1345 1249 1488 1285 domine
1506 1249 1673 1286 Johanne

173 1320 237 1355 per
254 1320 360 1354 quam
379 1312 491 1342 totam
513 1307 711 1355 predictam
734 1311 866 1342 terram
891 1306 993 1341 nobis
1011 1311 1047 1341 et
1065 1304 1205 1342 ecclefie
1223 1306 1340 1342 nostre
1359 1306 1573 1343 moravienfi
1591 1321 1674 1343 con-

173 1364 256 1400 tulit
278 1364 418 1412 plenius
442 1363 588 1400 testatur
607 1383 615 1392 ·
639 1364 823 1399 reddendo
841 1364 925 1399 inde
943 1362 1086 1411 fingulis
1103 1364 1206 1399 annis
1223 1364 1266 1399 ad
1286 1365 1471 1400 canoniam
1492 1365 1536 1400 de
1555 1365 1674 1413 Elgyn

173 1422 309 1458 decano
331 1427 367 1457 et
383 1422 540 1470 capitulo
559 1420 773 1458 moraviensi
798 1421 857 1456 seu
884 1434 1010 1456 eorum
1034 1427 1133 1457 certo
1157 1423 1381 1469 procuratori
1400 1422 1445 1457 ad
1464 1422 1531 1457 hoc
1550 1423 1674 1458 consti-

172 1485 251 1515 tuto
279 1480 467 1515 duodecim
494 1492 630 1515 marcas
655 1478 905 1526 sterlingorum
926 1478 1095 1526 legalium
1115 1479 1160 1514 ad
1179 1479 1268 1514 duos
1286 1480 1458 1515 terminos
1476 1499 1485 1507 ·
1506 1480 1674 1516 medieta-

171 1544 243 1573 tem
262 1537 392 1573 scilicet
409 1538 454 1573 ad
473 1536 705 1572 Pentecosten
724 1541 760 1572 et
777 1536 882 1571 aliam
903 1536 1131 1571 medietatem
1157 1537 1202 1571 ad
1228 1535 1353 1572 festum
1379 1537 1502 1572 Sancti
1525 1538 1672 1574 martini

171 1596 207 1630 in
230 1595 357 1643 hyeme
376 1595 540 1643 proximo
564 1594 711 1642 sequens
731 1613 739 1621 ·
767 1594 812 1629 ad
830 1593 1117 1629 sustentationem
1136 1594 1291 1629 duorum
1309 1594 1577 1642 capellanorum
1595 1609 1672 1644 pre-

170 1652 354 1688 dictorum·
368 1653 429 1700 qui
447 1653 485 1687 in
503 1652 627 1687 eadem
645 1650 788 1688 eeclefia
805 1650 892 1687 ficut
910 1652 1114 1699 predictum
1134 1651 1182 1687 est
1199 1651 1449 1687 ministrabunt
1468 1672 1476 1680 ·
1507 1652 1568 1688 Ad
1587 1667 1672 1700 qua-

169 1723 249 1746 rum
264 1710 370 1746 etiam
385 1709 575 1746 duodecim
593 1722 794 1745 marcarum
812 1709 1025 1745 solutionem
1044 1710 1081 1744 in
1098 1709 1309 1757 supradictis
1325 1710 1487 1745 terminis
1501 1711 1671 1759 predictis

170 1768 305 1804 decano
329 1773 365 1803 et
389 1768 544 1816 capitulo
567 1767 625 1803 vel
653 1767 850 1803 eorundem
872 1767 1099 1815 procuratori
1122 1767 1276 1803 fideliter
1296 1767 1401 1816 plene
1420 1773 1456 1803 61
1474 1768 1613 1816 integre
1635 1775 1670 1805 et

120 1832 123 1834 '
169 1824 240 1861 11116
266 1825 361 1861 111310
380 1845 534 1854 ······
553 1825 612 1861 vel
637 1838 852 1873 quocunque
878 1825 1134 1873 impedimento
1160 1825 1359 1861 faciendam
1385 1845 1394 1853 ·
1426 1825 1544 1862 dietus
1563 1827 1670 1875 Regi-

169 1883 296 1919 naldus
313 1883 347 1919 le
366 1883 470 1920 Chen
495 1888 531 1919 61
552 1883 668 1920 maria
693 1883 815 1931 sponsa
837 1883 898 1918 1113,
924 1883 1029 1918 dietis
1056 1883 1191 1919 decano
1216 1888 1252 1919 et
1278 1883 1435 1932 capitulo
1459 1884 1516 1919 vel
1543 1897 1668 1920 eorum

170 1942 393 1989 procuratori
411 1941 537 1989 seipsos
551 1946 587 1976 et
602 1941 750 1976 heredes
768 1941 848 1976 suos
864 1940 1086 1989 supradictos
1104 1946 1140 1976 et
1158 1942 1265 1977 etiam
1282 1941 1378 1976 bona
1394 1941 1455 1976 sua
1471 1942 1617 1977 mobilia
1634 1949 1669 1978 et

170 1998 365 2034 immobilia
384 2012 528 2035 necnon
550 2004 586 2034 et
609 1998 642 2034 se
666 1999 850 2034 moventia
870 2011 935 2047 per
958 1998 1051 2034 hanc
1069 1999 1277 2047 scripturam
1295 1999 1472 2048 publicam
1493 2000 1669 2048 obligave-

170 2061 255 2091 runt
273 2075 282 2084 ·
301 2061 337 2092 et
362 2056 541 2105 predictas
567 2062 680 2092 terras
706 2069 830 2091 omnes
857 2057 901 2092 de
927 2056 1152 2092 Strathnauir
1178 2070 1250 2092 una
1276 2070 1358 2093 cum
1384 2057 1555 2105 predictis
1573 2058 1668 2106 Epis-

171 2125 259 2161 copo
286 2119 322 2149 et
347 2114 504 2162 capitulo
526 2127 607 2149 cum
629 2113 794 2149 omnibus
811 2113 945 2149 viribus
966 2114 1035 2149 suis
1053 2120 1178 2150 contra
1196 2128 1320 2151 omnes
1337 2115 1499 2151 homines
1517 2120 1553 2151 et
1569 2115 1667 2151 femi-

170 2183 233 2205 nas
250 2177 422 2219 perpetuo
438 2171 631 2207 defendent
649 2176 684 2207 et
702 2171 900 2207 tuebuntur
917 2185 999 2208 cum
1018 2172 1148 2208 effectu
1161 2192 1169 2201 ·
1185 2173 1436 2209 renunciantes
1450 2173 1487 2207 in
1502 2172 1664 2208 omnibus

172 2232 207 2262 et
229 2226 370 2276 fingulis
392 2242 458 2277 pro
483 2229 516 2265 16
541 2234 577 2265 61
600 2229 789 2264 heredibus
812 2229 881 2265 suis
904 2230 1003 2265 omni
1020 2229 1114 2278 juris
1137 2230 1271 2266 auxilio
1293 2230 1455 2266 canonici
1473 2235 1508 2265 et
1525 2229 1636 2264 civilis
1655 2248 1663 2256 ·

171 2284 356 2333 privilegio
381 2286 451 2321 fori
477 2291 514 2322 et
540 2286 694 2322 maxime
720 2285 1043 2335 crucefignatorum
1072 2293 1109 2324 et
1139 2287 1496 2336 cruceslgnandorum
1526 2306 1534 2314 ·
1566 2286 1661 2321 omni
