2060 2660
547 181 863 217 REGISTRUM
893 180 1256 226 MORAYIENSE.
1580 192 1652 229 209

156 282 249 317 salva
275 280 428 330 presenti
456 279 696 316 controversia
723 280 761 316 in
787 280 895 328 plena
922 285 958 315 et
986 280 1132 328 pacifica
1157 281 1361 329 pofl'essione
1387 284 1558 321 libertatis
1580 300 1654 322 non

156 339 306 375 faciendi
321 338 431 374 sectas
449 338 494 373 ad
514 338 629 374 curias
647 338 865 374 vicecomitis
884 338 928 373 de
949 337 1127 386 Inuernys
1143 357 1150 365 ·
1170 338 1358 375 scientibus
1373 346 1408 376 et
1422 342 1654 379 tolerantibus

157 397 337 432 catholicis
363 396 581 444 principibus
605 396 759 431 dominis
787 395 947 443 Regibus
969 395 1087 431 Scotie
1109 396 1288 431 defunctis
1310 402 1346 432 et
1367 398 1512 434 domino
1536 400 1654 436 nostro

156 454 257 502 Rege
275 454 449 489 moderno
469 459 504 489 et
522 453 790 490 vicecomitibus
809 454 853 489 de
873 453 1051 502 Inuernys
1069 453 1130 501 qui
1148 453 1298 489 fuerunt
1320 467 1385 502 pro
1403 461 1565 503 tempore
1584 476 1592 484 ·
1621 464 1655 493 et

153 510 177 546 fi
203 511 305 560 super
331 512 398 547 hoc
422 512 530 547 fuerit
556 512 701 559 aliquod
722 511 891 547 statutum
910 525 1010 547 more
1030 524 1104 546 non
1122 512 1302 546 utentium
1322 517 1357 547 et
1374 525 1438 560 per
1456 513 1557 548 afflms
1575 527 1657 549 con-

154 570 280 605 trarios
307 582 388 605 cum
416 570 587 616 patientia
613 570 782 617 principis
809 575 845 604 et
870 569 1063 605 tolerantia
1085 568 1325 604 ministrorum
1345 569 1487 605 suorum
1507 576 1542 605 et
1560 571 1656 619 lapsu

153 627 321 675 temporis
340 627 407 662 fuit
422 632 457 662 et
476 627 524 663 est
541 627 716 662 sublatum
736 646 744 654 ·
774 627 867 662 Item
886 627 984 674 quod
999 625 1142 662 ecclesia
1160 625 1391 663 moraviensis
1410 633 1445 662 et
1464 627 1656 676 Episcopus

152 684 298 719 fuerunt
322 698 385 732 per
412 685 532 733 plures
558 698 671 720 annos
695 684 899 720 immediate
926 690 962 720 et
987 684 1159 719 continue
1186 684 1418 732 precedentes
1447 685 1484 719 in
1512 686 1657 733 pacifica

151 740 354 789 poffeffione
372 742 544 777 libertatis
562 755 637 777 non
655 742 808 778 faciendi
826 742 937 778 festas
956 742 1052 777 diste
1069 742 1166 776 curie
1181 742 1399 777 vicecomitis
1414 747 1449 777 et
1462 742 1655 778 secundum

151 799 278 835 statuta
298 800 408 848 Regis
428 800 580 835 Roberti
598 813 673 835 non
695 800 827 835 debent
846 800 976 846 expelli
996 800 1040 835 de
1058 797 1263 847 pofl'eflione
1283 799 1343 834 illa
1359 799 1531 835 libertatis
1549 813 1654 847 quam

150 863 345 893 tenuerunt
363 871 426 906 per
444 871 578 893 annum
594 864 629 893 et
643 858 739 893 ultra
751 856 822 893 fine
841 858 939 893 brevi
958 857 1150 906 placitabili
1171 876 1178 884 ·
1210 856 1300 892 Item
1316 857 1399 904 quia
1416 858 1515 893 curia
1533 858 1569 893 in
1587 871 1656 905 qua

152 915 274 950 datum
296 915 362 951 fuit
384 915 560 964 judicium
588 916 656 951 suit
679 916 781 951 nulla
799 935 807 943 ·
827 916 910 963 quia
935 916 972 951 in
996 915 1057 950 tali
1083 915 1182 950 curia
1208 915 1340 950 debent
1366 915 1433 951 effe
1459 916 1655 951 vicecomes

150 973 207 1008 vel
233 973 352 1008 locum
378 973 478 1008 suum
497 980 622 1009 tenens
641 993 649 1001 ·
669 979 742 1009 tres
764 974 822 1009 vel
845 980 1000 1021 quatuor
1026 973 1217 1008 sectatores
1237 992 1244 1000 ·
1273 973 1422 1008 clericus
1449 974 1493 1009 de
1519 973 1626 1009 feodo
1646 993 1653 1001 ·

150 1036 186 1066 et
207 1030 321 1079 judex
348 1031 392 1066 de
418 1031 524 1067 feodo
540 1051 548 1059 ·
574 1032 682 1067 modo
709 1032 746 1066 in
773 1032 872 1067 curia
898 1032 959 1067 illa
981 1032 1048 1066 fuit
1072 1044 1165 1066 unus
1190 1031 1343 1066 sectator
1367 1037 1507 1067 tantum
1526 1031 1655 1067 scilicet

148 1088 332 1125 Johannes
359 1089 451 1124 filius
478 1090 662 1126 (Dichaelis
688 1090 841 1125 sestatm·
866 1090 910 1125 de
930 1089 1058 1125 Avach
1086 1109 1094 1116 ·
1122 1102 1189 1124 nec
1213 1094 1290 1124 erat
1315 1089 1464 1124 clericus
1485 1089 1529 1125 de
1547 1089 1654 1125 seodo

150 1159 266 1194 neque
285 1147 399 1195 judex
422 1147 480 1182 sed
506 1147 565 1183 ille
592 1147 775 1184 Johannes
799 1147 985 1184 michaelis
1011 1147 1071 1194 qui
1098 1147 1165 1182 fuit
1191 1147 1283 1182 solus
1309 1147 1462 1182 sectator
1490 1147 1527 1182 in
1556 1147 1654 1183 curia

150 1204 342 1251 assumptus
360 1205 427 1240 fuit
445 1205 481 1240 in
497 1205 657 1253 judicem
676 1211 712 1241 et
731 1205 829 1241 dedit
841 1205 1019 1254 judicium
1038 1205 1127 1239 illud
1147 1210 1182 1239 et
1200 1203 1244 1240 fic
1262 1203 1362 1252 gestit
1380 1204 1536 1240 officium
1556 1205 1652 1240 curie

150 1267 185 1297 et
203 1262 335 1310 judicis
355 1282 363 1290 ·
397 1263 490 1298 Item
509 1264 591 1310 quia
609 1276 732 1298 omnes
750 1269 845 1298 terre
865 1262 1006 1298 ecclefie
1025 1261 1255 1299 moravienfis
1273 1262 1353 1297 sunt
1371 1263 1452 1297 date
1471 1263 1507 1297 in
1526 1276 1650 1311 puram

149 1325 185 1355 et
198 1326 406 1368 perpetuam
423 1320 647 1356 elemosinam
666 1326 702 1356 et
716 1319 760 1356 fic
774 1334 839 1369 pro
859 1321 907 1356 eis
921 1320 1001 1355 talis
1019 1320 1111 1356 secta
1128 1333 1202 1355 non
1222 1320 1372 1355 debetur
1390 1339 1398 1347 ·
1427 1320 1519 1356 Item
1535 1321 1650 1356 omnis

148 1378 239 1413 secta
257 1378 407 1413 debetur
426 1379 469 1414 de
488 1385 587 1414 certo
606 1379 686 1414 loco
705 1379 763 1414 sed
781 1379 962 1427 episcopus
981 1376 1212 1415 moraviensis
1233 1390 1308 1412 non
1334 1378 1440 1413 habet
1466 1378 1572 1414 talem
1601 1379 1650 1414 lo-

149 1449 228 1471 cum
244 1436 341 1471 unde
357 1436 483 1472 debeat
498 1437 612 1472 facere
631 1437 759 1472 sectam
779 1436 876 1471 illam
896 1456 903 1464 ·
934 1436 1026 1471 Item
1045 1436 1128 1483 quia
1145 1435 1291 1483 suspecti
1311 1441 1346 1471 et
1364 1436 1497 1471 inimici
1509 1436 1649 1484 judices

147 1494 214 1529 effe
233 1507 307 1529 non
326 1494 457 1529 debent
476 1500 511 1530 et
530 1495 697 1529 dominus
715 1494 917 1529 WVillelmus
936 1494 980 1529 de
999 1494 1252 1541 Fodryngham
1271 1493 1372 1528 miles
1389 1493 1508 1528 locum
1523 1500 1649 1530 tenens

147 1552 282 1586 domini
302 1552 531 1587 vicecomitis
550 1553 593 1587 de
615 1552 791 1600 Inuernys
810 1552 895 1587 dicit
913 1552 1052 1600 publice
1071 1564 1191 1587 coram
1211 1551 1331 1586 multis
1349 1551 1445 1598 quod
1464 1564 1647 1599 nunquam

146 1610 213 1644 erit
234 1610 367 1645 amicus
389 1610 536 1645 domino
556 1610 738 1645 Willelmo
766 1610 927 1658 episcopo
952 1607 1165 1646 moraviensi
1184 1628 1192 1636 ·
1222 1609 1315 1644 Item
1342 1609 1425 1656 quia
1448 1609 1563 1644 dictus
1587 1609 1647 1646 Jo-

144 1668 279 1702 hannes
298 1668 482 1704 michaelis
500 1669 560 1715 qui
578 1668 661 1703 tulit
678 1668 887 1704 sententiam
906 1681 980 1702 non
999 1667 1121 1702 habuit
1140 1666 1346 1714 potestatem
1370 1667 1415 1701 ad
1440 1666 1547 1702 talem
1574 1667 1647 1703 sen-

143 1725 290 1761 tentiam
316 1726 535 1760 recitandam
560 1726 643 1773 quia
664 1739 738 1760 non
758 1725 805 1760 est
823 1726 931 1760 homo
950 1725 1079 1773 integri
1097 1724 1205 1760 status
1225 1744 1233 1752 ·
1263 1724 1355 1760 Item
1374 1725 1457 1771 quia
1474 1725 1647 1761 sententia

144 1796 217 1818 non
236 1783 303 1818 fuit
321 1783 392 1818 lata
410 1784 446 1818 in
465 1783 599 1831 scriptis
619 1803 627 1811 ·
660 1783 751 1819 Item
772 1784 854 1830 quia
872 1783 1031 1819 membra
1048 1783 1146 1818 curie
1164 1795 1238 1818 non
1258 1788 1360 1818 erant
1377 1782 1585 1818 sufficientia
1602 1784 1646 1819 ad

132 1841 408 1876 ’terminandum
428 1841 536 1876 talem
555 1842 692 1876 causam
710 1861 717 1869 ·
747 1841 839 1876 Item
856 1841 938 1889 quia
953 1841 1147 1889 Episcopus
1161 1854 1235 1875 non
1249 1840 1317 1875 fuit
1330 1840 1458 1875 citatus
1472 1840 1644 1888 legittime

141 1898 186 1933 ad
204 1899 470 1946 procedendum
494 1900 531 1934 in
552 1899 654 1934 causa
672 1912 738 1935 nec
762 1900 806 1935 ad
831 1899 1044 1934 audiendam
1064 1899 1273 1934 sententiam
1293 1917 1302 1926 ·
1331 1898 1425 1933 Petit
1444 1911 1530 1946 ergo
1551 1899 1646 1947 Epis-

141 1968 249 2004 copus
274 1957 395 1991 omnia
421 1957 591 1992 innovata
617 1956 693 2005 post
720 1957 995 2005 appellationem
1015 1956 1240 2005 interjectam
1258 1956 1302 1991 ab
1321 1956 1393 2004 ipso
1405 1956 1544 2004 judicio
1562 1963 1644 1993 ante

141 2014 259 2049 omnia
277 2027 340 2062 per
356 2015 603 2063 appellationis
611 2015 771 2063 judicem
787 2015 917 2050 scilicet
931 2015 1117 2050 dominum
1131 2014 1154 2051 J
1158 2014 1371 2050 usticiarium
1388 2014 1527 2062 penitus
1543 2028 1643 2051 revo-

140 2072 211 2106 cari
230 2091 238 2099 ·
258 2078 294 2107 et
313 2073 418 2107 etiam
434 2086 476 2108 ea
493 2086 562 2120 que
581 2073 699 2108 medio
714 2079 876 2121 tempore
891 2073 984 2108 inter
998 2073 1208 2108 sententiam
1227 2078 1263 2108 et
1281 2072 1555 2120 appellationem
1574 2086 1641 2120 que

137 2128 358 2176 postmodum
377 2131 672 2178 interponebatur
690 2131 733 2166 ab
752 2145 794 2166 ea
810 2144 874 2179 per
893 2131 1040 2166 modum
1059 2136 1355 2179 attemptatorum
1374 2131 1534 2165 revocari
1558 2144 1598 2166 ac
1616 2130 1639 2165 fi

140 2186 216 2233 post
232 2187 506 2235 appellationem
526 2189 697 2224 innovata
714 2189 856 2224 fuifl'ent
874 2208 882 2216 ·
902 2194 938 2224 et
957 2189 1093 2224 dictum
1108 2188 1285 2237 judicium
1301 2187 1392 2223 male
1407 2194 1443 2223 et
1456 2201 1639 2235 perperam

139 2243 259 2279 datum
277 2245 375 2281 fuifl'e
395 2265 403 2273 ·
423 2252 458 2281 et
477 2246 614 2281 dicium
638 2247 849 2295 Episcopum
869 2246 960 2282 bene
979 2246 1165 2295 appellasse
1186 2266 1193 2274 ·
1214 2252 1249 2281 et
1270 2246 1319 2281 ita
1336 2245 1614 2294 pronunciabitis
1630 2264 1637 2271 ·

138 2300 316 2338 Dominus
334 2302 373 2338 fit
392 2303 428 2339 in
447 2304 555 2339 corde
574 2304 688 2340 vestro
708 2324 715 2332 ·
746 2304 949 2340 Presentate
967 2305 1114 2340 suerunt
1133 2305 1198 2340 hee
1217 2304 1373 2339 rationes
1393 2302 1573 2337 W'illelmo
1593 2302 1636 2337 de

847 2366 870 2397 Q
890 2374 914 2397 D
