1912 2660
241 139 313 174 ⁶290
631 135 949 172 REGISTRUM
978 135 1346 172 MORAVIENSE.

243 234 356 269 mines
370 239 405 270 et
423 234 571 270 feminas
586 235 914 271 warrantizabimus
933 241 969 271 et
987 235 1024 270 in
1042 240 1256 283 perpetuum
1276 233 1510 268 defendemus
1525 253 1533 261 -
1559 234 1607 269 Et
1624 233 1648 269 fi
1667 247 1750 270 con-

242 292 358 339 tingat
382 305 440 327 me
466 292 615 328 heredes
646 306 745 328 meos
780 293 835 328 vel
868 293 1022 340 aliquem
1058 292 1204 327 nomine
1239 290 1358 325 nostro
1394 296 1520 326 contra
1553 292 1753 340 presentem

243 348 500 385 conceffionem
528 363 641 386 meam
664 350 864 398 aliqualiter
888 351 925 385 in
949 350 1110 385 futurum
1136 348 1300 383 revenire
1326 347 1386 383 seu
1412 349 1606 385 reclamare
1626 369 1634 378 ·
1655 350 1752 397 quod

244 406 329 443 absit
347 427 356 435 ·
376 408 496 456 obligo
521 421 576 444 me
602 414 638 444 et
663 420 913 455 quemcunque
932 406 1263 442 contravenientem
1283 405 1353 441 fide
1372 419 1452 442 mea
1469 406 1572 455 super
1590 408 1657 443 hoc
1676 421 1753 456 pre-

244 465 322 501 stita
339 466 516 514 corporali
536 486 544 494 ·
560 466 666 501 taffis
684 465 912 500 sacrosanctis
931 463 1125 511 evangeliis
1150 483 1158 491 ·
1179 476 1310 510 magno
1326 463 1536 512 juramento
1554 465 1600 500 ad
1618 465 1753 501 solven-

245 524 329 559 dum
349 523 481 559 fabrice
499 522 642 559 ecclesie
660 524 810 558 fratrum
829 522 1094 570 predicatorum
1115 521 1159 556 de
1179 521 1298 568 Elgyn
1323 522 1469 558 nomine
1493 535 1585 571 pene
1607 529 1752 559 centum

251 581 381 617 solidos
404 581 582 617 bonorum
602 580 852 628 sterlingorum
882 585 966 615 ante
993 592 1137 614 omnem
1164 578 1237 614 litis
1264 579 1457 627 ingressum
1482 599 1491 608 ·
1518 581 1752 617 nihilominus

244 639 396 686 presenti
416 639 543 687 scripto
562 639 599 674 in
617 638 746 674 robore
764 637 826 673 suo
851 636 921 673 fine
939 637 1011 672 fine
1030 637 1204 672 duraturo
1224 656 1232 665 ·
1252 636 1456 673 subiciendo
1475 651 1532 674 me
1551 644 1587 674 et
1605 639 1753 675 heredes

245 710 344 733 meos
372 697 432 733 seu
465 709 715 744 quemcunque
750 696 896 731 nomine
931 693 1050 729 nostro
1082 695 1412 731 contravenientem
1443 696 1685 745 jurisdictioni
1718 703 1754 733 et

245 754 449 791 cohercioni
475 754 610 790 domini
637 754 796 790 officialis
823 753 921 788 curie
948 751 1180 789 OEoravienfis
1206 753 1267 800 qui
1294 766 1360 801 pro
1388 759 1550 803 tempore
1577 755 1685 790 fuerit
1713 761 1754 791 ut

245 813 350 849 liceat
374 813 405 848 ei
429 819 501 848 tam
527 826 583 848 me
605 825 710 859 quam
735 811 885 847 heredes
908 823 1007 846 meos
1025 823 1066 846 ac
1084 824 1334 859 quemcunque
1356 813 1687 849 contravenientem
1713 819 1754 849 ut

245 871 403 919 superius
417 869 465 906 est
483 870 680 918 expressum
699 870 744 904 ad
762 869 883 905 omnia
897 874 932 904 et
946 867 1083 916 singula
1100 869 1264 918 predifflffl
1281 869 1435 906 fideliter
1454 869 1673 906 observanda
1690 884 1754 919 per

245 929 427 964 censuram
463 927 723 964 ecclesiasticam
764 927 1022 963 monitionibus
1060 928 1314 963 tantummodo
1353 926 1523 976 premissis
1563 928 1754 965 distrififius

245 987 459 1035 compellere
494 992 530 1022 et
564 986 754 1021 cohercere
780 1005 788 1013 ·
820 985 863 1020 In
892 998 1045 1033 quorum
1082 986 1244 1021 omnium
1281 985 1567 1034 [testimonium]
1602 986 1752 1034 sigillum

246 1058 365 1080 meum
390 1044 541 1093 presenti
565 1044 693 1092 scripto
719 1043 864 1092 apposui
891 1049 927 1079 et
953 1043 997 1079 ad
1024 1043 1196 1092 majorem
1227 1043 1449 1080 securitatem
1475 1042 1586 1093 sigilla
1612 1044 1755 1081 official-

245 1109 323 1138 atus
349 1102 447 1138 curie
471 1101 702 1138 moraviensis
726 1121 734 1129 -
767 1101 917 1137 Walteri
946 1101 1010 1137 filii
1043 1101 1226 1150 Radulphi
1249 1107 1336 1138 tunc
1361 1101 1526 1150 prepositi
1545 1122 1554 1131 ·
1583 1103 1627 1137 W
1631 1102 1754 1138 illelmi

246 1160 329 1196 Ydil
356 1165 391 1196 et
412 1159 581 1194 Willelmi
600 1159 772 1195 Vitrearii
795 1165 881 1195 tunc
906 1160 1078 1208 temporis
1101 1160 1317 1195 ballivorum
1345 1160 1450 1208 burgi
1474 1160 1519 1196 de
1539 1160 1657 1208 Elgyn
1682 1174 1754 1196 una

245 1231 323 1254 cum
348 1216 459 1265 sigillo
478 1217 662 1252 communi
680 1217 837 1266 ejusdem
855 1217 1079 1266 presentibus
1097 1219 1228 1267 apponi
1247 1218 1437 1267 procuravi
1456 1219 1550 1267 apud
1571 1219 1690 1267 Elgyn
1717 1219 1753 1254 in

244 1275 328 1311 festo
351 1275 473 1311 saneti
491 1274 663 1323 Gregorii
682 1295 690 1303 ·
710 1288 806 1311 anno
819 1276 935 1324 gratie
947 1278 1002 1312 0³⁰
1015 1295 1023 1304 ·
1046 1276 1144 1313 CCC
1165 1296 1173 1304 ·
1193 1275 1461 1324 quadragesimo
1480 1277 1586 1312 tertio
1607 1296 1615 1304 ·
1644 1276 1755 1312 Testi-

245 1334 309 1369 bus
343 1333 510 1370 Johanne
547 1332 715 1369 Fercardi
735 1353 743 1362 ·
773 1334 956 1370 Willelmo
988 1334 1032 1370 de
1062 1334 1255 1370 Strabroch
1275 1354 1284 1362 ·
1311 1334 1479 1371 ,Iohanne
1509 1335 1608 1383 Peny
1627 1355 1635 1363 ·
1667 1334 1754 1370 Vos-

244 1392 352 1427 ualdo
377 1392 421 1426 de
441 1390 678 1427 Aberkerdor
697 1411 705 1420 ·
736 1392 884 1440 Rogero
909 1393 953 1428 de
977 1392 1165 1439 Strevelyn
1186 1413 1193 1421 ·
1224 1393 1379 1441 Symone
1398 1392 1507 1441 Yong
1523 1391 1754 1441 burgensibus

246 1450 290 1486 de
310 1450 416 1497 Elgin
437 1469 445 1476 ·
465 1454 501 1484 et
520 1450 640 1485 multis
658 1450 734 1486 aliis
750 1470 757 1478 ·

249 1624 486 1660 Confirmatio
507 1624 728 1661 ecclesiarum
750 1626 846 1660 ·xvii·
866 1625 1058 1674 capellanis
1077 1624 1309 1661 residentibus
1328 1645 1336 1652 ·

250 1740 418 1776 Clemens
432 1740 743 1788 episcopusservus
758 1741 941 1776 servorum
957 1741 1027 1777 Dei
1040 1741 1084 1776 ad
1105 1746 1313 1789 perpetuam
1333 1741 1384 1776 rei
1403 1741 1611 1776 memoriam
1625 1760 1633 1768 ·
1655 1741 1754 1777 Sedis

249 1797 437 1846 apostolice
456 1798 682 1846 providentia
700 1799 956 1847 circumspe&a
973 1800 1010 1834 in
1029 1799 1096 1835 hiis
1109 1812 1178 1847 que
1197 1797 1504 1835 ecclesiasticarum
1523 1798 1754 1847 personarum

250 1856 391 1891 illarum
418 1855 600 1903 presertim
626 1869 694 1904 que
721 1857 933 1892 continuum
960 1857 1130 1893 exhibent
1149 1857 1311 1893 Domino
1330 1856 1541 1892 famulatum
1560 1857 1755 1892 commodi-

250 1919 360 1949 tatem
389 1913 580 1961 respiciunt
604 1914 756 1950 libenter
781 1915 963 1951 consuevit
988 1915 1169 1964 apostolici
1194 1915 1326 1950 favoris
1342 1913 1532 1963 presidium
1550 1915 1724 1963 impertiri
1745 1934 1752 1942 ·

253 1971 382 2007 Petitio
418 1969 586 2018 siquidem
615 1972 825 2008 venerabilis
851 1973 970 2009 fratris
997 1973 1106 2009 nostri
1136 1973 1312 2011 ,Iohannis
1340 1973 1493 2021 episcopi
1523 1972 1754 2010 moraviensis

251 2042 366 2078 nuper
381 2029 482 2065 nobis
500 2029 657 2065 exhibita
670 2030 876 2066 continebat
893 2032 990 2079 quod
1009 2045 1091 2067 cum
1109 2032 1147 2067 in
1166 2029 1308 2067 ecclefia
1322 2029 1537 2068 moravienfi
1550 2029 1616 2066 fint
1630 2031 1753 2066 decem

251 2093 287 2123 et
311 2087 441 2135 septem
467 2087 640 2135 capellani
667 2088 829 2135 perpetui
856 2089 1027 2125 continue
1055 2088 1246 2125 residentes
1272 2089 1462 2136 divinaque
1486 2088 1602 2124 officia
1623 2088 1753 2125 ibidem

252 2145 471 2181 celebrantes
498 2145 710 2191 capellanias
737 2152 926 2194 perpetuas
950 2147 1153 2183 obtinentes
1175 2148 1213 2183 in
1236 2147 1307 2196 ipsa
1331 2147 1391 2195 qui
1417 2147 1461 2182 de
1486 2146 1683 2182 redditibus
1705 2147 1754 2182 eis

251 2202 427 2251 assignatis
459 2202 602 2239 honeste
633 2202 813 2239 sustentari
842 2217 915 2240 non
947 2211 1140 2253 poterant·
1169 2205 1350 2253 quondam
1377 2204 1536 2240 Thomas
1568 2204 1751 2253 Ranulphi
