1912 2660
293 92 366 124 4⁶24
645 89 961 126 REGISTRUM
991 88 1356 127 MORAVIENSE.

292 186 430 223 quandam
445 186 553 224 copiam
568 187 777 226 compositionis
792 187 867 216 inter
879 187 1005 216 Priorem
1021 188 1054 216 de
1071 187 1217 225 Urquhart
1236 191 1263 215 et
1279 186 1378 214 fratres
1397 185 1519 224 ejusdem
1535 186 1674 225 prioratus
1688 186 1722 214 ab
1736 197 1801 222 una,

291 243 322 260 ae
338 233 555 262 Thesaumrium
570 235 666 263 eclesie
682 235 867 263 Moravienfis
882 235 915 262 ab
930 235 1016 263 altera
1036 235 1162 273 partibus
1182 234 1292 267 initam,
1307 237 1335 261 et
1350 233 1379 260 in
1394 243 1453 260 uno
1467 233 1583 271 antiquo
1597 234 1714 271 registro
1727 234 1802 264 inter

291 280 344 308 alia
356 286 541 310 monumenta
552 282 648 311 eclesie
659 283 844 311 Moravienfis
857 282 996 311 antedicto
1008 282 1182 319 reg-istratum
1195 280 1325 309 exhibuit
1336 280 1508 318 presentavit
1520 285 1548 309 et
1560 280 1680 310 ostendit
1690 282 1801 320 publice

293 337 385 356 coram
403 329 483 357 uobis
498 340 529 357 ac
544 330 661 358 notariis
678 335 706 359 et
720 330 836 358 testibus
851 329 1052 367 infrascriptis3
1073 328 1153 367 cujus
1168 328 1280 366 quidem
1295 327 1373 365 copie
1388 332 1471 355 tenor
1484 327 1609 366 sequitur
1622 333 1651 357 et
1665 329 1705 358 est
1718 330 1801 364 talis;

332 375 506 405 Novmusr
518 387 616 406 omnes
628 378 680 406 hoc
693 378 825 416 scriptum
836 377 921 405 visuri
934 377 978 405 vel
990 376 1112 404 audituri
1124 376 1197 413 qnod
1209 385 1273 403 cum
1285 385 1301 403 a
1311 375 1473 412 longinquis
1484 376 1657 414 temporibus
1669 381 1697 405 et
1708 377 1799 405 homi·

290 433 360 452 num
371 425 536 453 memoriam
548 426 750 454 excedentibus
762 426 801 453 ita
813 425 852 453 est
863 429 1012 462 optentum
1028 424 1110 461 quod,
1123 423 1220 451 eclefia
1230 423 1264 450 de
1277 422 1424 460 Urquhart
1438 422 1629 452 habitantibus
1641 423 1670 451 in
1682 428 1756 452 terra
1766 425 1799 454 de

290 470 377 505 Mest,
392 472 426 500 de
441 472 536 506 Innes,
554 473 696 506 Sallescot,
709 474 772 510 Byn
785 477 813 500 et
825 472 976 505 Garmach,
992 471 1086 499 divina
1100 475 1128 498 et
1143 469 1306 498 eclesiastica
1320 470 1492 498 sacramenta
1506 471 1601 499 omnia
1615 471 1799 506 ministrante,

290 518 461 547 decimarum
476 519 603 548 omnium
618 520 690 548 infra
704 520 808 548 limites
822 519 1008 557 predictarum
1024 522 1162 546 terrarum
1177 517 1405 555 provenientium
1422 517 1520 546 divisio
1534 517 1619 546 fuerit
1633 518 1663 546 in
1677 519 1799 557 quinque

290 571 382 604 partes
398 567 618 605 quandocunque
638 567 724 595 ess‘ent
745 566 912 604 recipiende,
933 566 966 593 de
985 565 1084 603 quibus
1099 564 1300 603 particionibus
1316 565 1412 593 eclefla
1425 565 1459 593 de
1475 565 1621 603 Urquhart
1636 570 1693 594 tres
1706 571 1799 605 partes

290 614 414 648 haberet,
431 619 459 642 et
474 615 570 643 99191111
584 615 618 643 (19
634 614 719 642 Etkill
734 615 801 642 duas
816 618 908 651 partes
928 613 1048 641 residuas
1062 612 1173 650 plenius
1189 612 1339 650 optineret.
1381 612 1447 640 Hiis
1462 612 1550 650 igitur
1564 613 1598 641 ad
1612 617 1724 652 tempus
1737 624 1801 652 pre-

290 661 362 695 sens,
377 671 434 689 non
450 662 506 690 fine
521 661 623 690 crebris
638 661 876 694 contentionibus,
892 660 971 693 rixis,
987 665 1014 688 et
1030 659 1246 687 comoditatibus
1262 664 1290 687 et
1304 659 1436 697 gravibus
1450 659 1664 689 defecultatibus
1675 662 1798 699 optentis

291 709 452 743 observatis,
467 709 571 747 placuit
586 709 730 747 utriusque
742 709 835 737 9919119
850 708 1005 736 rectoribus
1017 712 1045 735 et
1056 707 1201 734 Willelmo
1213 707 1298 744 priori
1309 707 1343 735 de
1355 708 1501 745 Urquhart
1513 712 1541 736 et
1552 708 1683 736 fratribus
1695 708 1798 737 ibidem

290 755 356 784 Deo
376 756 561 785 servientibus
576 767 613 785 ex
628 767 684 784 una
701 761 787 794 parte,
808 761 835 784 et
852 755 978 784 Roberto
992 754 1163 783 thesaurario
1178 755 1273 783 eclesie
1290 755 1391 783 Sancte
1409 755 1558 784 Trinitatis
1572 757 1645 794 apud
1660 756 1746 794 Elgin
1761 766 1798 785 ex

289 804 385 837 altera,
396 805 429 832 nd
441 814 546 842 pacem,
558 804 810 842 tranquhillitatem
822 808 850 831 et
865 803 1044 831 commodum
1059 802 1247 840 predictarum
1262 803 1436 831 ecclesiarum
1451 808 1479 831 et
1494 803 1674 841 personarum
1689 804 1798 833 consul-

289 851 347 879 tius
359 856 386 879 et
401 852 489 888 magis
504 852 619 879 honeste
634 856 661 879 et
677 851 791 889 provide
807 851 888 889 super
902 851 955 878 hoc
970 850 1101 884 ordinari,
1119 851 1191 878 unde
1206 850 1288 889 super
1303 851 1355 878 hoc
1371 850 1553 889 expediendo,
1565 850 1637 879 facta
1651 853 1690 880 est
1706 862 1722 880 a
1735 861 1798 890 pre-

289 898 370 926 dictis
384 899 508 937 partibus
522 899 640 936 diligens
656 903 684 927 et
699 903 807 927 attenta
822 898 986 936 supplicatio
1003 897 1112 927 Simoni
1127 898 1231 926 decano
1247 903 1275 926 et
1290 898 1412 936 capitulo
1427 898 1551 936 predicte
1568 899 1680 927 ecclesie
1696 900 1797 929 Sancte

290 946 438 975 Trinitatis
451 956 559 974 necnon
572 951 599 974 et
613 946 728 974 Andree
740 946 868 984 episcopo
880 945 1011 979 diocefis3
1027 950 1055 974 et
1068 945 1169 973 eisdem
1182 945 1306 983 partibus
1321 945 1453 983 predictis
1469 946 1495 974 se
1510 946 1679 975 ordinationi
1692 947 1797 985 predic-

287 997 380 1022 torum
397 993 491 1021 decani
508 998 535 1021 et
551 993 664 1031 capituli
683 998 710 1021 et
726 993 863 1021 diocesani
879 993 962 1031 super
976 993 1029 1020 1109
1045 993 1299 1026 committentibus,
1312 993 1407 1021 habito
1419 998 1540 1021 tractntu
1556 998 1583 1022 et
1598 994 1797 1023 deliberatione

287 1039 424 1077 diligenti,
447 1046 478 1068 ut
493 1051 591 1068 omnes
603 1041 809 1074 contentiones,
825 1041 886 1069 rixo
901 1045 930 1069 et
945 1041 1189 1069 incommoditates
1205 1046 1233 1069 ct
1248 1040 1429 1069 (lefecultutes
1445 1041 1589 1069 evitentur
1602 1041 1631 1069 in
1646 1042 1796 1080 posterum,

287 1088 325 1115 ita
345 1089 383 1116 est
403 1099 418 1115 (ι
438 1088 568 1126 predictis
589 1089 793 1117 ordinatoribus
813 1088 956 1127 provisum
972 1094 999 1117 et
1015 1088 1184 1121 ordinatum,
1204 1093 1231 1116 et
1248 1089 1320 1126 quod
1336 1088 1431 1116 eclesia
1445 1093 1473 1117 et
1488 1089 1587 1116 domus
1602 1089 1635 1117 de
1652 1089 1796 1127 Urquhart

288 1145 384 1163 omnes
398 1136 519 1163 decimas
539 1136 611 1164 infra
632 1136 737 1165 limites
757 1136 893 1164 dictarum
912 1141 1050 1164 terrarum
1064 1136 1264 1174 provenientes
1279 1136 1389 1172 integre
1409 1141 1437 1165 et
1458 1137 1558 1174 absque
1578 1137 1656 1164 omni
1675 1137 1796 1166 diminu-

286 1182 363 1211 tione
378 1188 406 1211 et
418 1183 551 1212 divisione
566 1184 677 1212 habebit
694 1189 721 1212 et
733 1184 868 1223 percipiet
881 1189 1025 1222 perpetuo,
1039 1189 1067 1212 et
1078 1184 1107 1212 in
1120 1184 1198 1212 nullo
1213 1185 1246 1212 de
1261 1184 1399 1222 aliquibus
1414 1184 1528 1212 decimis
1544 1185 1589 1213 vel
1601 1185 1661 1213 aliis
1677 1185 1796 1213 eclesias-

287 1230 349 1258 ticis
372 1231 587 1260 rectitudinibus
612 1237 749 1270 quantum
774 1233 807 1260 nd
831 1233 970 1271 predictas
995 1237 1082 1260 terras
1108 1231 1232 1270 pertinet
1257 1232 1301 1260 vel
1324 1231 1429 1269 poterit
1453 1232 1594 1270 pertinere
1621 1232 1796 1270 respondebit

287 1278 382 1306 eclesie
397 1279 430 1307 (19
446 1279 532 1306 Etkill
547 1279 592 1308 vel
610 1280 693 1307 alicui
710 1279 794 1318 ipsius
809 1280 920 1313 rectori,
936 1280 981 1309 vel
999 1280 1172 1308 thesaurario
1186 1279 1310 1318 predicte
1332 1279 1428 1308 eclesie
1451 1280 1553 1308 Sancte
1569 1280 1718 1308 Trinitatis
1737 1280 1796 1308 ullo

287 1336 410 1363 unquam
426 1331 560 1365 tempore,
581 1327 625 1355 sed
645 1338 690 1355 eas
712 1338 810 1356 omnes
830 1332 858 1356 et
878 1333 951 1356 totas
970 1338 1053 1366 quam
1074 1327 1229 1366 plenifiilne
1249 1327 1391 1356 habebunt
1413 1327 1442 1355 111
1464 1333 1632 1366 perpetuum
1653 1328 1749 1356 eclefia
1762 1329 1796 1356 de

291 1374 435 1411 Urquhart
450 1379 478 1403 et
494 1375 593 1403 domus
609 1380 637 1403 et
652 1375 728 1413 prior
739 1380 766 1404 et
781 1375 880 1404 fratres
895 1375 999 1404 ibidem
1011 1375 1075 1403 Deo
1087 1375 1240 1403 servientes
1253 1380 1280 1403 et
1293 1375 1440 1408 servituri3
1454 1375 1494 1403 ita
1504 1380 1599 1403 tamen
1614 1376 1686 1413 quod
1701 1376 1797 1404 eclesia

288 1421 321 1449 de
341 1422 486 1459 Urquhart
506 1428 534 1451 et
553 1423 652 1450 domus
673 1428 700 1451 et
721 1423 797 1461 prior
814 1423 937 1462 ejusdem
952 1423 1007 1451 loci
1018 1430 1046 1452 et
1062 1423 1160 1451 fratres
1172 1423 1219 1461 qui
1234 1433 1284 1461 pro
1298 1428 1425 1461 tempore
1440 1422 1545 1452 fuerint
1559 1423 1668 1452 solvent
1683 1423 1795 1460 lingulis

288 1469 368 1496 annis
383 1469 580 1508 inperpetuum
597 1471 692 1499 eclesie
707 1472 741 1499 de
757 1471 845 1499 Eskill
859 1476 888 1500 et
903 1471 1017 1508 singulis
1033 1470 1093 1510 ejus
1110 1471 1273 1505 rectoribus,
1294 1475 1322 1499 et
1337 1470 1378 1498 illi
1397 1471 1444 1508 qui
1465 1480 1516 1509 pro
1533 1475 1659 1509 tempore
1674 1471 1795 1510 ejusdem

290 1517 385 1544 eclesie
402 1518 502 1546 Sancte
519 1518 668 1547 Trinitatis
689 1519 879 1547 thesaurarius
901 1519 1039 1552 extiterit,
1061 1519 1164 1556 viginti
1182 1523 1302 1556 quatuor
1321 1528 1426 1546 marcas
1442 1519 1639 1556 sterlingorum
1653 1519 1794 1556 legalium,

290 1564 469 1593 medietatem
485 1566 587 1594 scilicet
603 1567 635 1594 ad
650 1567 856 1595 Penthecosten
871 1572 899 1595 et
914 1567 996 1595 aliam
1008 1566 1211 1595 dimidietatem
1225 1567 1258 1594 ad
1273 1566 1374 1594 festum
1394 1566 1489 1595 Sancti
1506 1566 1626 1594 Martini
1640 1566 1668 1594 in
1684 1567 1794 1604 hyeme,

291 1612 412 1640 termino
431 1613 515 1651 liujus
536 1614 680 1642 solutionis
698 1614 850 1653 incipiente
864 1615 898 1643 ml
912 1615 986 1643 idem
999 1614 1100 1643 festum
1117 1614 1213 1643 Sancti
1229 1614 1349 1643 Martini
1363 1614 1526 1652 proximum
1540 1614 1600 1652 post
1615 1614 1698 1653 hujus
1712 1614 1795 1653 scrip-

291 1665 355 1688 ture
370 1661 608 1698 compotitionein.
637 1663 682 1690 Ad
694 1663 886 1700 premitl'orum
899 1667 994 1691 autem
1005 1663 1115 1690 firmam
1130 1667 1157 1690 et
1173 1662 1283 1690 fidelem
1298 1661 1530 1695 observationem,
1541 1666 1658 1699 utraque
1673 1662 1795 1699 partium

292 1707 320 1735 se
334 1707 438 1744 obligat
452 1712 510 1736 tam
525 1719 574 1746 pro
590 1709 616 1737 se
632 1720 713 1747 quam
729 1720 779 1748 pro
794 1710 849 1738 suis
864 1710 1070 1743 successoribus,
1079 1709 1245 1748 juramento
1259 1709 1394 1747 corporali
1408 1708 1532 1747 prestito,
1547 1709 1600 1736 hoc
1614 1709 1707 1737 addito
1722 1710 1795 1747 quod

292 1755 424 1793 quociens
439 1756 561 1793 predicta
574 1758 691 1794 pecunia
705 1758 737 1785 ad
752 1758 887 1786 terminos
902 1758 1041 1796 predictos
1056 1768 1113 1786 non
1129 1757 1213 1786 fuerit
1228 1756 1352 1795 plenarie
1367 1756 1466 1790 soluta,
1481 1756 1577 1784 eclefia
1591 1757 1624 1784 (19
1640 1757 1795 1794 Urquhart,

292 1802 369 1840 prior
388 1807 416 1831 et
438 1803 535 1831 fratres
557 1804 678 1842 ejusdem
699 1806 753 1833 loci
774 1806 883 1834 solvent
908 1806 1046 1844 Episcopo
1071 1805 1242 1834 Moravienfi
1267 1804 1381 1833 nomine
1405 1814 1476 1842 pene
1500 1804 1647 1832 duodecim
1668 1804 1795 1833 denarios

293 1850 407 1887 singulis
421 1851 517 1879 dicbus
532 1852 631 1889 quibus
646 1863 722 1880 mora
737 1853 883 1882 solutionis
898 1854 1036 1882 extiterit.
1078 1854 1120 1882 Ut
1139 1858 1235 1881 autem
1256 1853 1308 1881 hec
1328 1852 1423 1880 omniu
1443 1851 1599 1890 supradicta
1618 1856 1678 1880 rata
1694 1851 1748 1880 fint
1766 1856 1794 1881 et

293 1898 449 1926 inconcussa
469 1898 497 1926 111
519 1899 649 1927 omnibus
667 1905 695 1928 et
716 1910 765 1938 per
782 1901 885 1935 onmia,
906 1901 947 1929 illi
968 1901 1040 1939 parti
1056 1901 1139 1940 hujus
1153 1901 1288 1939 scripture
1302 1900 1332 1928 in
1347 1900 1462 1928 modum
1481 1899 1637 1938 cirographi
1659 1899 1793 1933 confecte,

292 1955 346 1983 que
360 1956 445 1983 penes
460 1946 611 1984 predictam
627 1947 750 1975 eclesiam
771 1949 872 1977 Sancte
893 1949 1042 1977 Trinitatis
1057 1949 1165 1982 residet,
1181 1948 1299 1987 appensa
1313 1948 1378 1976 sunt
1393 1948 1482 1985 sigilla
1497 1947 1616 1976 Abbatis
1631 1951 1659 1976 et
1673 1956 1793 1976 conven-

292 1998 339 2021 tus
360 1993 394 2021 de
414 1993 642 2032 Dunt‘ermlyne;
664 1995 732 2023 item
748 1996 868 2032 figulum
884 1997 989 2025 Prioris
1008 2002 1037 2026 et
1058 1997 1177 2026 fratrum
1198 2006 1263 2024 cum
1284 1996 1437 2024 eorundem
1459 1995 1714 2034 subscriptionibus,
1729 2004 1792 2023 cum

294 2040 383 2077 sigillo
394 2041 528 2069 diocesani
542 2042 670 2080 Episcopi
681 2053 687 2069 :
704 2043 797 2071 Alteri
810 2053 875 2071 vero
886 2045 958 2081 parti
970 2055 1052 2082 quam
1063 2045 1167 2073 habent
1179 2044 1246 2072 dicti
1259 2043 1340 2072 Prior
1350 2048 1378 2072 et
1389 2043 1488 2071 fratres
1499 2043 1621 2081 apposita
1631 2042 1696 2071 sunt
1707 2042 1794 2080 sigilla

293 2088 482 2126 predictorum
499 2090 700 2123 ordinatorum,
716 2090 845 2119 videlicet
866 2091 988 2119 Simonis
1009 2093 1105 2121 decani
1127 2097 1155 2121 et
1176 2092 1300 2130 capituli,
1322 2096 1350 2120 et
1369 2091 1483 2120 Andree
1502 2090 1638 2119 diocesani
1654 2090 1791 2129 Episcopi,

295 2146 359 2164 cum
380 2147 477 2165 eorum
498 2137 752 2175 subscriptionibus.
795 2139 901 2166 Actum
918 2149 992 2167 anno
1012 2140 1102 2177 gratie
1123 2140 1270 2168 milleiimo
1292 2138 1482 2167 ducentesimo
1502 2138 1644 2175 trigesimo
1665 2137 1791 2176 septima,

296 2184 389 2213 mense
406 2185 492 2219 Maio,
512 2186 584 2223 apud
600 2186 744 2223 Kynedor.
785 2186 848 2223 Ego
863 2186 1022 2216 willelmus
1036 2188 1113 2226 prior
1126 2188 1159 2217 de
1175 2187 1321 2226 Urquhart
1335 2186 1482 2215 subscribo.
1524 2186 1587 2224 Ego
1600 2185 1686 2215 frater
1700 2185 1792 2214 Adam
