2060 2660
594 195 909 232 REGISTRUM
939 195 1300 235 MORAVIENSE.
1617 209 1685 243 159

195 292 406 331 moravienfi
422 293 559 341 prefata
572 306 677 341 quam
692 293 775 329 alibi
788 294 880 328 infra
898 294 1135 342 episcopatum
1154 297 1306 332 eundem
1327 304 1361 333 et
1380 312 1442 346 per
1459 301 1545 336 alios
1560 302 1686 337 Christi

194 352 316 387 fideles
329 356 364 386 et
375 350 458 386 Deo
471 351 620 386 devotos
634 364 699 399 pro
714 351 855 386 suorum
870 351 1102 386 fundatorum
1118 351 1304 400 nostraque
1317 354 1426 390 salute
1438 363 1473 391 et
1484 359 1664 394 animabus
1678 379 1686 386 ·

193 421 345 457 quorum
357 408 517 443 omnium
529 408 776 443 fundationem
791 414 827 444 et
840 408 966 444 statum
982 421 1026 443 ex
1040 414 1138 444 certa
1150 409 1293 445 scientia
1304 412 1516 448 auctoritate
1530 416 1625 462 regia
1639 422 1687 451 te-

193 479 281 502 nore
295 465 509 514 presentium
524 465 738 501 ratificamus
752 466 989 514 approbamus
1003 471 1038 501 et
1053 466 1306 502 confirmamus
1320 487 1328 495 ·
1344 468 1465 504 salaria
1477 473 1687 519 quandoque

192 524 229 558 in
246 529 324 559 toto
343 529 379 559 et
395 523 587 571 aliquando
606 523 642 558 in
660 529 761 571 parte
774 523 1071 559 subtrahebantur
1088 524 1273 559 transactis
1286 526 1505 573 temporibus
1522 534 1557 563 et
1575 529 1689 565 adhuc

192 581 376 616 solvuntur
391 581 565 616 diminute
579 581 792 628 aliquotiens
810 586 846 617 et
864 581 1000 617 remifl'e
1016 600 1024 608 ·
1044 581 1179 616 decime
1197 594 1284 617 vero
1302 582 1427 618 finium
1447 603 1455 611 ·
1475 584 1688 622 escaetorum

191 639 403 687 placitorum
418 637 487 674 five
501 639 670 674 itinerum
683 638 875 686 justiciarie
889 643 925 674 et
938 639 1131 674 camerarie
1149 639 1318 675 realitatis
1336 646 1372 675 et
1389 641 1582 688 regalitatis
1600 643 1690 679 infra

191 697 399 732 comitatum
421 696 584 733 moravie
610 702 646 732 et
672 696 754 731 alibi
780 696 874 731 infra
899 695 1138 744 episcopatum
1164 697 1319 733 eundem
1338 717 1347 725 ·
1375 698 1412 733 in
1438 712 1589 746 quorum
1617 701 1690 748 pos-

190 753 333 790 seffione
345 754 493 802 pacifica
504 753 734 791 moraviensis
748 752 891 789 ecclefia
904 767 924 789 a
936 753 1157 801 temporibus
1176 754 1220 789 de
1238 754 1339 803 cujus
1359 756 1539 791 contrario
1557 770 1691 794 memo-

190 813 242 847 ria
260 812 446 847 hominum
464 825 539 847 non
559 811 672 847 existit
700 811 855 847 exstabat
873 811 1044 847 continue
1068 816 1104 846 et
1130 810 1239 846 exstat
1265 831 1274 839 ·
1297 817 1405 860 prout
1428 813 1531 862 super
1553 815 1620 850 hiis
1644 816 1692 851 est

190 870 284 905 fafita
301 870 403 905 nobis
420 870 527 918 plena
543 870 631 905 fides
651 889 657 895 ·
678 883 742 917 per
759 869 972 918 justiciarios
992 888 999 896 ·
1028 869 1240 904 camerarios
1259 874 1294 904 et
1311 869 1483 907 ministros
1501 871 1588 907 alios
1606 873 1691 908 deti-

190 934 322 962 nentur
336 927 548 974 aliquotiens
567 933 602 962 et
620 927 738 962 debite
756 940 830 962 non
845 926 1033 962 solvuntur
1052 945 1060 954 ·
1080 927 1250 962 meremia
1268 927 1374 962 etiam
1392 928 1437 963 ad
1454 929 1556 964 usum
1574 932 1691 966 (Dora—

190 984 314 1020 vienfis
333 983 473 1020 ecclefie
492 985 643 1033 episcopi
663 990 698 1020 et
713 985 969 1020 canonicorum
988 989 1024 1019 et
1037 983 1189 1019 aliorum
1204 984 1364 1020 virorum
1383 985 1690 1023 ecclesiasticorum

191 1041 420 1079 moraviensis
444 1041 586 1078 diocefis
612 1056 678 1091 pro
705 1041 970 1078 constructione
995 1046 1031 1077 et
1056 1042 1282 1090 reparatione
1305 1042 1449 1078 suorum
1469 1045 1690 1080 edificiorum

191 1114 253 1148 per
278 1100 536 1149 predecessores
553 1100 690 1136 nostros
709 1105 744 1136 et
762 1113 827 1135 nos
841 1100 878 1135 in
893 1099 1099 1135 nemoribus
1113 1105 1149 1135 et
1162 1099 1296 1135 forestis
1311 1101 1469 1136 conceffa
1481 1121 1489 1129 ·
1501 1115 1570 1149 que
1585 1103 1690 1138 etiam

191 1165 316 1194 tenore
342 1158 556 1207 presentium
585 1158 713 1193 eisdem
741 1158 971 1193 concedimus
999 1176 1008 1184 ·
1038 1170 1102 1204 per
1128 1158 1275 1192 comites
1306 1159 1468 1194 (Doravie
1500 1165 1535 1194 et
1566 1173 1689 1196 eorum

190 1216 284 1251 vices
310 1222 475 1264 gerentes
501 1222 537 1251 et
562 1216 753 1263 aliquando
776 1228 840 1263 per
861 1215 948 1250 alios
966 1214 1053 1262 ipsas
1071 1219 1183 1250 terras
1202 1215 1441 1251 moravienses
1460 1216 1691 1253 diversimode

191 1279 406 1322 occupantes
419 1279 455 1309 et
473 1287 597 1309 eorum
624 1272 796 1310 ministros
823 1277 859 1307 et
884 1271 1082 1307 forestarios
1109 1272 1237 1307 eisdem
1257 1273 1342 1307 viris
1360 1272 1592 1310 ecclesiasticis
1610 1275 1689 1310 sunt

191 1337 321 1379 negata
335 1351 343 1359 ·
364 1337 399 1366 et
414 1330 474 1379 ipfi
488 1337 524 1366 et
538 1344 663 1366 eorum
682 1330 871 1365 familiares
890 1329 1050 1377 impediti
1069 1335 1104 1365 et
1121 1329 1312 1376 aliquando
1330 1330 1487 1366 arrestati
1506 1337 1541 1367 et
1559 1333 1690 1368 namati

190 1390 224 1424 in
245 1389 379 1424 forestis
397 1395 432 1424 et
450 1388 656 1424 nemoribus
674 1387 863 1423 antedictis
883 1407 890 1415 ·
919 1387 1071 1434 quedam
1090 1387 1194 1422 etiam
1215 1386 1402 1423 elemofine
1426 1388 1592 1424 fratribus
1612 1403 1689 1438 pre-

193 1447 408 1482 dicatoribus
427 1447 471 1482 de
492 1447 608 1494 Elgyn
629 1451 664 1481 et
684 1446 861 1493 Inuernys
879 1458 942 1492 per
960 1445 1218 1493 predeceffores
1237 1445 1372 1480 nostros
1390 1451 1425 1481 et
1445 1459 1511 1481 nos
1533 1448 1689 1483 concefl'e

193 1505 384 1552 aliquando
409 1504 663 1540 subtrahuntur
683 1503 809 1538 eisdem
829 1508 864 1538 et
882 1502 1068 1538 solvuntur
1086 1502 1297 1549 aliquotiens
1315 1503 1489 1539 diminute
1508 1523 1517 1531 ·
1550 1505 1690 1546 Quibus

190 1563 354 1598 omnibus
369 1563 412 1598 de
427 1567 630 1610 opportuno
645 1561 802 1596 remedio
818 1560 979 1608 cupimus
993 1560 1182 1608 providere
1194 1579 1202 1587 ·
1218 1573 1342 1595 verum
1358 1561 1441 1607 quia
1458 1562 1624 1597 nonnulli
1643 1563 1689 1598 se-

191 1620 310 1656 culare
333 1620 516 1655 brachium
543 1619 622 1667 plus
646 1618 840 1654 formidant
857 1631 961 1665 quam
981 1616 1240 1653 ecclesiasticam
1260 1617 1475 1665 disciplinam
1497 1638 1505 1646 ·
1525 1620 1689 1656 omnibus

191 1684 226 1713 et
241 1677 384 1725 lingulis
396 1677 596 1725 justiciariis
615 1696 623 1704 ·
642 1675 910 1712 vicecomitibus
929 1694 937 1703 ·
962 1673 1145 1723 prepositis
1164 1694 1172 1702 ·
1191 1675 1329 1710 ballivis
1348 1694 1356 1702 ·
1382 1680 1418 1710 et
1435 1677 1560 1711 ceteris
1577 1678 1689 1714 ‹ninis-
1754 1676 1758 1680 ’

189 1736 252 1770 tris
270 1735 375 1782 regiis
393 1740 429 1770 et
448 1734 610 1770 fidelibus
628 1733 847 1782 presentibus
871 1738 907 1768 et
930 1733 1060 1768 futuris
1084 1733 1128 1767 ad
1148 1745 1302 1780 quorum
1328 1733 1492 1768 notitiam
1520 1735 1587 1771 hoc
1614 1737 1689 1771 nos-

123 1837 126 1840 *
190 1799 286 1828 trum
309 1792 490 1827 indultum
515 1791 719 1840 pervenerit
736 1791 772 1826 in
790 1791 861 1826 fide
879 1796 914 1826 et
932 1790 1103 1825 fidelitate
1121 1789 1248 1837 quibus
1265 1789 1367 1825 nobis
1386 1796 1421 1826 et
1439 1792 1536 1839 regie
1554 1806 1686 1830 corone

190 1850 289 1898 regni
319 1850 441 1885 Scocie
469 1855 639 1885 tenentur
667 1855 703 1884 et
726 1848 945 1884 tenebuntur
968 1847 1188 1896 injungimus
1215 1853 1251 1882 et
1277 1848 1487 1884 mandamus
1513 1856 1687 1897 quatenus

189 1908 353 1956 quotiens
371 1914 407 1943 et
421 1907 481 1942 ubi
500 1920 564 1955 per
581 1906 819 1942 venerabilem
835 1911 972 1954 patrem
992 1905 1194 1953 episcopum
1213 1905 1472 1942 moraviensem
1488 1926 1496 1934 ·
1512 1907 1684 1945 decanum

191 1965 248 2001 vel
266 1963 409 2001 ecclefie
427 1963 658 2001 (Doravienfis
675 1964 865 2000 canonicos
882 1975 996 1998 unum
1011 1962 1067 1998 vel
1087 1962 1207 2010 plures
1225 1962 1327 2011 super
1341 1963 1409 1999 hoc
1422 1963 1555 2000 fuerint
1573 1967 1686 2014 requi-

188 2022 240 2059 fiti
258 2023 315 2059 vel
342 2035 467 2058 eorum
493 2022 583 2057 alter
607 2022 715 2057 fuerit
741 2019 925 2068 requifitus
949 2039 957 2048 ·
983 2020 1189 2055 salariorum
1212 2026 1248 2056 et
1271 2021 1489 2056 decimarum
1511 2024 1685 2070 predicta-

188 2094 266 2116 rum
286 2080 524 2116 subtractores
542 2079 598 2115 vel
618 2080 822 2115 detentores
839 2077 908 2114 five
926 2078 1220 2126 impedimentum
1239 2078 1275 2113 in
1294 2078 1359 2114 hac
1377 2084 1477 2127 parte
1494 2080 1684 2128 prestantes

189 2138 233 2174 ad
251 2137 460 2173 solvendum
479 2143 514 2173 et
532 2137 755 2172 reddendum
775 2136 872 2171 difflm
889 2135 1012 2171 salaria
1030 2141 1065 2171 et
1079 2136 1233 2171 decimas
1251 2156 1260 2164 ·
1280 2150 1346 2172 nec
1360 2150 1433 2172 non
1452 2137 1683 2186 impedientes

189 2196 305 2231 di6tos
323 2195 536 2243 Episcopum
553 2214 561 2222 ·
577 2194 767 2230 canonicos
785 2199 821 2229 et
838 2193 926 2229 alios
940 2193 1037 2229 viros
1055 2192 1298 2230 ecclefiastieos
1311 2194 1368 2229 vel
1387 2208 1510 2230 eorum
1530 2196 1680 2243 aliquem

190 2254 227 2288 in
244 2252 444 2301 hujusmodi
463 2252 641 2288 meremiis
658 2251 864 2288 excidendis
881 2251 926 2287 ad
945 2249 1175 2287 defistendum
1196 2252 1240 2287 de
1254 2252 1440 2287 inferendo
1454 2252 1681 2300 impedimen-

189 2316 265 2345 tum
291 2309 490 2359 hujusmodi
517 2323 580 2358 per
602 2309 779 2345 bonorum
803 2309 1044 2346 namationem
1066 2314 1101 2345 et
1123 2308 1377 2345 districtionem
1397 2315 1433 2344 et
1449 2308 1473 2344 fi
1490 2311 1623 2347 necesse
1640 2311 1681 2349 fit
