1912 2660
125 1459 191 1492 2231

614 147 929 184 REGISTRUM
958 148 1318 187 MORAVIENSE.
1639 161 1710 199 5297

219 260 293 282 eam
314 246 410 282 litem
432 258 577 281 movere
596 264 605 272 ·
634 245 753 292 obligo
773 259 829 281 me
848 252 883 281 et
901 260 962 282 eos
980 247 1016 282 in
1035 254 1179 283 centum
1198 249 1296 283 libris
1314 249 1560 297 sterlingorum
1582 253 1712 290 fabrice

219 303 359 339 ecclesie
388 303 599 338 cathedralis
628 303 671 338 de
699 303 817 351 Elgyn
847 304 991 339 nomine
1019 317 1111 351 pene
1141 305 1315 340 solvendis
1350 313 1432 342 ante
1464 321 1604 344 omnem
1641 311 1712 346 litis

219 361 406 408 ingressum
423 379 431 388 ·
450 360 602 408 presenti
621 360 814 395 donatione
840 374 918 396 mea
944 361 1176 396 nihilominus
1198 362 1236 396 in
1257 362 1318 396 suo
1338 362 1466 399 robore
1484 366 1712 411 perhenniter

192 448 196 451 .
219 419 390 454 duratura
408 437 416 445 ·
447 418 493 452 Et
528 417 610 453 volo
642 418 739 464 quod
767 418 898 453 totiens
926 431 1018 466 pena
1052 419 1253 464 supradicta
1282 420 1526 456 committatur
1550 425 1712 469 quotiens

218 475 370 524 presenti
394 475 579 510 donationi
601 488 678 510 mee
703 475 809 510 fuerit
833 476 1099 511 contradictum
1127 490 1208 512 cum
1233 476 1361 512 effectu
1382 496 1390 504 ·
1419 477 1589 513 subiciens
1608 481 1712 516 etiam

218 546 274 569 me
293 533 440 568 heredes
467 546 565 568 meos
590 539 625 568 et
646 533 748 568 nobis
775 533 987 568 successuros
1008 533 1249 581 jurisdifitioni
1272 534 1408 569 domini
1427 535 1576 583 episcopi
1597 538 1714 573 (Dora.

218 589 341 626 vienfis
367 591 427 637 qui
450 603 515 638 pro
538 596 699 638 tempore
726 590 834 626 fuerit
860 596 922 625 aut
949 590 1024 638 ejus
1050 591 1144 626 vices
1169 591 1327 638 gerentis
1346 605 1385 626 ac
1405 592 1548 640 capituli
1568 593 1619 629 sui
1636 594 1715 630 sede

218 653 366 683 vacante
392 653 434 683 ut
459 648 564 684 liceat
590 649 639 683 eis
663 653 699 683 et
720 661 845 683 eorum
867 648 1012 683 cuilibet
1034 662 1091 684 me
1112 649 1261 684 heredes
1289 662 1385 684 meos
1412 655 1447 684 et
1473 650 1573 685 nobis
1591 651 1717 688 succes-

218 706 315 741 suros
332 706 378 741 ad
392 706 513 741 omnia
526 706 688 754 premissa
701 711 737 741 et
750 705 935 753 quodlibet
953 706 1197 754 premifforum
1214 706 1466 742 inviolabiliter
1480 707 1696 744 observanda
1708 729 1716 737 ·

218 777 258 799 ac
273 769 449 799 terrarum
469 777 628 799 mearum
647 763 928 811 supradictarum
945 764 1079 799 incolas
1093 769 1128 799 et
1142 764 1327 799 firmarum
1346 770 1547 810 receptores
1566 766 1610 801 ad
1628 766 1716 802 solu-

219 822 352 857 tionem
371 821 700 870 prenominatarum
717 822 802 856 οᾶὶο
825 834 1025 857 marcarum
1053 834 1117 869 per
1135 821 1379 857 omnimodam
1407 822 1589 857 censuram
1609 824 1720 859 eccle-

219 878 383 914 siasticam
402 885 438 914 et
455 877 479 913 fi
497 892 586 927 opus
604 879 712 914 fuerit
728 892 792 927 per
810 879 1050 914 namationem
1067 879 1268 927 captionem
1285 885 1320 914 et
1335 878 1589 916 distriffionem
1608 880 1718 916 bono-

220 950 300 972 rum
319 942 391 971 tam
410 950 573 971 meorum
591 937 764 972 heredum
786 943 820 972 et
843 936 1074 972 successorum
1101 950 1206 984 quam
1234 937 1434 972 incolarum
1461 938 1655 973 earundem
1683 945 1719 974 et

220 995 404 1030 firmarum
431 1000 658 1042 receptorum
676 994 792 1029 arcius
810 994 1000 1030 cohercere
1019 1014 1028 1022 ·
1059 994 1102 1029 In
1121 994 1222 1042 cujus
1241 994 1292 1029 rei
1311 994 1550 1030 testimonium
1568 994 1718 1043 sigillum

222 1065 341 1087 meum
367 1065 441 1087 una
466 1065 547 1087 cum
573 1050 692 1099 sigillis
716 1052 852 1087 domini
875 1052 1039 1098 Episcopi
1058 1065 1098 1087 ac
1117 1052 1263 1098 capituli
1280 1052 1330 1087 sui
1353 1052 1506 1097 presenti
1526 1053 1654 1100 scripto
1674 1054 1721 1090 est

221 1109 415 1156 appensum
447 1129 454 1137 ·
494 1109 631 1144 Datum
662 1109 758 1156 apud
788 1109 907 1157 Elgyn
946 1110 1159 1145 duodecimo
1198 1110 1255 1145 die
1282 1109 1418 1156 Aprilis
1446 1123 1541 1146 anno
1568 1111 1719 1147 Domini

224 1171 382 1204 ·<n⁰·cec⁰·
401 1166 689 1215 quinquagesimo
707 1167 822 1215 primo
839 1186 847 1195 ·

225 1341 418 1377 Ordinatio
437 1341 614 1378 ,Iohannis
633 1341 677 1376 de
698 1341 875 1389 Inuernys
894 1341 937 1376 de
956 1340 1200 1376 distributione
1221 1341 1304 1375 ·viii-
1323 1354 1521 1377 marcarum
1542 1362 1550 1370 ·

226 1455 407 1493 Univerfis
427 1456 604 1504 presentes
627 1456 747 1492 literas
776 1456 986 1504 inspecturis
1012 1455 1197 1492 Johannes
1224 1456 1267 1491 de
1297 1456 1470 1492 Inuernes
1492 1459 1722 1495 cancellarius

225 1513 365 1551 ecclesie
385 1513 614 1551 moraviensis
633 1514 779 1549 salutem
798 1514 835 1549 in
855 1514 1016 1548 Domino
1034 1513 1283 1561 sempiternam
1303 1533 1312 1541 ·
1340 1513 1494 1550 Noverit
1516 1516 1722 1558 universitas

225 1572 337 1608 vestra
363 1572 459 1619 quod
485 1585 564 1606 cum
585 1572 751 1607 dominus
770 1585 869 1606 meus
886 1571 1070 1608 Johannes
1088 1571 1132 1606 de
1151 1571 1314 1607 moravia
1331 1572 1534 1619 panetarius
1552 1573 1723 1610 Scotieet

225 1630 373 1666 heredes
401 1629 451 1664 sui
478 1635 668 1664 teneantur
695 1629 840 1676 obligati
863 1629 997 1664 solvere
1016 1629 1110 1676 apud
1130 1629 1248 1676 Elgyn
1266 1627 1409 1676 singulis
1426 1630 1528 1665 annis
1546 1631 1583 1666 in
1601 1645 1723 1680 perpe-

225 1695 327 1723 tuum
344 1687 430 1722 mihi
449 1692 485 1722 et
502 1685 679 1734 affignatis
704 1687 790 1721 meis
812 1687 897 1721 octo
918 1699 1052 1721 marcas
1070 1685 1319 1733 sterlingorum
1340 1705 1348 1714 ·
1368 1693 1477 1734 prout
1495 1688 1532 1723 in
1550 1694 1647 1724 carta
1664 1690 1723 1725 sua

226 1747 328 1794 super
354 1746 422 1780 hoc
451 1744 616 1780 confecta
642 1744 782 1792 plenius
811 1744 1016 1779 continetur
1035 1763 1043 1771 ·
1072 1757 1139 1791 ego
1165 1743 1349 1780 Johannes
1379 1746 1648 1792 prenominatus
1679 1749 1722 1783 de

172 1837 175 1840 Α
226 1803 435 1852 supradietis
453 1803 538 1837 octo
558 1802 684 1838 marcis
703 1802 831 1837 ordino
851 1807 886 1837 et
904 1799 1036 1849 afligno
1055 1801 1113 1836 sex
1131 1814 1266 1836 marcas
1292 1800 1435 1849 singulis
1459 1804 1561 1839 annis
1586 1805 1622 1839 in
1648 1818 1722 1854 per-

225 1868 373 1908 petuum
401 1860 586 1895 solvendas
612 1860 657 1894 ad
685 1860 774 1895 duos
792 1859 877 1894 anni
899 1859 1072 1894 terminos
1087 1878 1095 1886 ·
1115 1858 1245 1894 seilicet
1262 1859 1489 1896 medietatem
1512 1861 1603 1898 infra
1623 1864 1722 1910 quin-

227 1920 350 1955 decem
379 1918 452 1953 dies
471 1917 547 1963 post
563 1917 687 1953 festum
708 1916 956 1952 Penthecostes
978 1922 1013 1952 et
1031 1916 1135 1951 aliam
1155 1916 1382 1952 medietatem
1402 1918 1494 1953 infra
1511 1920 1720 1966 quindecem

228 1978 302 2013 dies
313 1976 389 2025 post
406 1975 530 2011 festum
550 1975 671 2011 Sancti
690 1974 838 2012 martini
856 1974 894 2009 in
911 1987 1013 2023 yeme
1028 1993 1036 2002 ·
1055 1974 1118 2009 uni
1137 1974 1320 2022 capellano
1338 1982 1511 2023 perpetuo
1530 1977 1721 2014 celebranti

227 2049 292 2083 pro
305 2034 424 2070 anima
441 2046 520 2069 mea
535 2053 543 2061 ·
566 2033 750 2068 animabus
767 2032 876 2081 patris
892 2031 962 2067 mei
981 2038 1016 2067 et
1035 2032 1156 2067 matris
1178 2045 1257 2067 mee
1273 2051 1281 2059 ·
1306 2033 1424 2067 anima
1442 2033 1534 2070 bone
1552 2037 1721 2071 memorie

230 2092 365 2128 domini
380 2091 529 2127 Andree
545 2091 588 2126 de
604 2091 767 2127 moravia
778 2090 888 2138 patris
901 2089 1076 2126 Johannis
1095 2089 1286 2137 supradicti
1299 2109 1307 2117 ·
1321 2096 1355 2125 et
1364 2090 1547 2126 animabus
1561 2093 1717 2128 omnium

230 2150 387 2186 fidelium
409 2149 662 2185 defunctorum
682 2168 690 2176 ·
710 2148 754 2183 ad
773 2148 884 2183 altare
902 2147 1021 2183 san&e
1040 2147 1155 2182 crucis
1173 2147 1210 2182 in
1228 2145 1369 2183 ecclefia
1388 2148 1517 2184 San&e
1537 2149 1721 2185 Trinitatis

926 2210 947 2240 2
981 2216 1002 2240 P
