1912 2660
138 411 195 439 324

135 1123 192 1150 325

136 1595 192 1623 326

137 2024 191 2052 327

139 2168 195 2196 328

617 118 935 155 REGISTRUM
961 119 1325 157 MORAVIENSE.
1641 128 1713 165 395

224 220 382 255 Monereiff,
404 217 523 248 dominis
537 217 647 246 Joanne
662 216 806 245 Gibsoune
826 220 935 244 rectore
954 216 987 244 de
1003 216 1153 250 Unthank,
1175 217 1280 246 Jacobo
1297 218 1398 247 Terras
1415 220 1576 250 succentore
1591 221 1717 250 Moravi—

223 268 289 304 ensi,
304 273 332 298 et
345 268 454 297 Joanne
470 266 575 294 Annan
589 263 716 293 notariis.
757 263 844 302 Apud
860 263 965 302 Spyne,
982 265 1018 291 13
1032 262 1132 292 Martii
1150 265 1236 293 1569.

222 409 307 438 Carta
318 408 480 437 feodifirmae
495 407 569 436 villae
583 411 612 436 et
625 411 763 435 terrarum
777 409 941 434 vocatarum
958 405 1004 434 the
1017 405 1168 444 Bgsclzopis
1186 406 1280 443 mylne
1300 415 1365 433 cum
1386 406 1547 435 molendino
1565 417 1716 443 granorum

220 456 349 495 ejusdem,
370 460 508 484 ten-amm
531 459 694 483 vocatarum
708 454 754 483 the
767 455 845 482 acris
858 463 923 481 cum
942 457 1062 491 quatuor
1082 453 1210 482 domibus
1225 453 1332 481 vocatis
1352 453 1498 492 thesaure
1517 454 1668 492 cotthozffs
1688 456 1717 483 in

219 504 314 532 eadem
328 503 402 537 villa,
422 508 560 532 terrarum
574 503 608 531 de
624 501 797 535 Pettincark,
811 501 841 529 in
855 501 970 529 baronia
982 501 1016 529 de
1031 501 1146 539 Spyne;
1167 501 1321 529 molendini
1341 511 1494 538 granorum
1514 502 1548 530 de
1563 502 1720 539 Kynnedor

219 551 413 584 construendi3
433 552 466 579 ab
482 550 618 589 Episcopo
631 549 704 578 facta
719 549 824 578 Jacobo
839 549 925 577 Innes
940 549 973 577 de
989 549 1089 586 Drany
1103 553 1132 577 et
1148 548 1287 577 Catarinae
1304 548 1438 577 Gordone
1459 549 1489 577 in
1507 549 1585 577 vitali
1599 550 1718 583 redditu,

218 608 249 627 ac
259 599 383 627 Roberto
392 599 477 627 Innes
491 608 588 627 eorum
600 598 658 626 filio
672 602 701 626 et
713 597 808 625 Elenae
819 597 889 625 Ross
901 595 961 635 ejus
974 595 1078 624 futurae
1092 596 1197 634 sponsae
1211 596 1241 623 in
1255 596 1346 624 feodo.
1371 596 1438 625 Sine
1449 597 1562 625 licentia
1573 597 1719 625 effodiendi

219 646 338 685 cespides
349 646 396 675 seu
410 646 504 684 glebas
518 646 547 673 in
562 655 641 674 mora
653 649 752 674 vocata
766 645 809 673 the
823 644 933 673 laverok
946 646 1023 683 mosis,
1038 644 1105 672 alias
1120 644 1163 672 the
1174 644 1326 684 ijchopis
1338 646 1424 684 m‘st’·
1444 644 1597 673 Reservato
1610 655 1719 683 quoque

220 694 356 732 Episcopo
371 699 399 723 et
413 694 543 722 omnibus
557 693 755 722 itinerantibus
769 692 871 721 itinere
886 692 966 720 solito
980 701 1035 729 quo
1049 691 1109 720 itur
1121 702 1137 719 a
1150 691 1253 729 palatio
1267 692 1300 719 de
1317 691 1412 729 Spyne
1426 692 1460 719 ad
1475 692 1569 729 Elgin‚
1589 702 1621 720 ac
1635 692 1719 720 etiam

218 741 272 769 alio
286 741 386 770 itinere
400 752 455 779 quo
468 741 527 770 itur
540 751 590 779 per
602 745 691 769 terras
705 740 794 768 cultas
808 744 836 768 et
850 749 958 767 moram
972 739 1068 767 versus
1084 739 1249 777 Bischoppis
1263 739 1359 776 mylne
1373 748 1460 777 prope
1477 740 1578 767 collem
1591 744 1719 768 vocatam

223 788 427 826 Cuthilbyrnye
440 788 501 817 hill.
530 789 683 817 Reddendo
696 788 843 816 annuatim
853 787 938 815 L.23.
951 787 1028 820 12d.;
1042 787 1061 826 Ξ
1075 791 1183 820 martae,
1197 788 1216 814 3
1227 790 1368 820 mutones,
1383 786 1422 825 8ss
1436 786 1558 814 dudenas
1573 797 1719 825 caponum,

217 837 235 864 3
250 845 345 873 agnos,
360 838 379 864 4
393 846 484 870 aucas,
498 837 516 863 2
531 845 612 874 apros
626 836 726 874 pastos,
744 836 778 863 12
793 835 927 873 pultreas.
968 834 1003 862 In
1024 834 1080 862 fine
1100 834 1262 862 continetur
1281 838 1446 872 preceptum
1464 833 1568 862 safinae.
1609 834 1720 863 Ballivo

218 883 383 911 Alexandro
398 883 532 912 Gordone
545 883 576 911 in
595 883 772 911 Auchorteis.
800 881 929 910 Testibus
943 881 1057 909 domino
1074 881 1199 910 Henrico
1213 881 1428 919 Abircrommye
1449 881 1541 919 priore
1560 881 1719 910 monasterii

218 931 252 959 de
268 931 367 965 scona,
382 931 492 960 Joanne
508 931 633 964 Bonche,
649 930 759 958 Davide
775 930 949 967 Cummyng,
966 930 1080 957 Andrea
1102 930 1190 967 Bowy
1211 929 1330 963 notario,
1347 929 1510 958 Alexandro
1526 929 1671 968 Trompet,
1692 934 1720 958 et

219 978 349 1016 magistro
363 978 468 1008 Jacobo
483 978 516 1007 de
531 978 679 1016 Balheluy.
720 977 807 1016 Apud
822 977 943 1006 Sconam
957 981 986 1006 et
1001 977 1097 1015 Elgin‚
1114 978 1149 1005 15
1164 981 1193 1006 et
1259 976 1387 1005 ,Ianuarii
1404 978 1488 1006 1566.

221 1120 406 1149 Confirmatio
419 1121 452 1148 ab
466 1120 601 1158 Episcopo
616 1120 687 1153 data,
702 1123 784 1148 cartae
798 1118 969 1148 venditionis
983 1118 1206 1157 praescnptarum
1219 1123 1357 1147 terrarum
1369 1119 1460 1158 (324)
1475 1129 1491 1147 a
1500 1119 1626 1148 Roberto
1634 1119 1720 1148 Innes

220 1178 285 1196 cum
306 1168 439 1195 consensu
456 1168 541 1206 patris
556 1172 584 1196 et
598 1167 695 1195 matris
710 1166 790 1195 factae
804 1166 909 1195 Jacobo
924 1166 1021 1194 comiti
1035 1166 1173 1194 Moraviae
1187 1166 1267 1204 regni
1283 1166 1407 1203 Regenti
1428 1170 1457 1194 et
1477 1166 1597 1194 dominae
1613 1167 1721 1204 Agneti

220 1215 299 1243 Keth
315 1214 374 1253 ejus
389 1215 493 1253 sponsae
506 1227 513 1247 ;
535 1215 662 1243 Tenend:
678 1214 727 1242 sub
742 1214 844 1242 eisdem
858 1213 1064 1242 conditionibus
1078 1213 1178 1252 quibus
1192 1213 1249 1252 ipse
1264 1214 1406 1242 Robertus
1420 1213 1497 1251 prius
1511 1214 1620 1242 easdem
1638 1218 1721 1243 tenu-

220 1267 287 1296 erat,
309 1263 382 1300 apud
398 1263 555 1296 Aberdene,
579 1263 614 1291 13
632 1262 703 1291 Julii
725 1262 809 1296 1569,
834 1270 928 1290 coram
949 1261 1066 1290 testibus
1090 1261 1228 1298 magistris
1246 1261 1352 1290 Jacobo
1376 1261 1486 1290 McGill
1506 1262 1540 1290 de
1556 1262 1721 1290 Rankelour

219 1310 320 1338 nether
340 1310 440 1338 clerico
461 1310 579 1347 registri,
605 1299 743 1338 Nicholao
762 1309 936 1347 Elphestoun
955 1309 989 1337 de
1011 1308 1198 1346 Newgrange,
1217 1309 1349 1338 Johanne
1366 1308 1506 1338 Wiffieart
1520 1309 1554 1337 de
1570 1309 1720 1338 Pittarrow

219 1357 312 1395 equite
326 1362 432 1391 aurato,
449 1358 534 1386 Petro
551 1358 632 1395 Haye
647 1358 680 1385 de
696 1357 869 1394 Megynche,
884 1357 994 1385 Joanne
1010 1356 1134 1385 Gibsone
1148 1361 1256 1385 rectore
1270 1358 1303 1385 de
1319 1356 1469 1385 Unthank.
1511 1356 1641 1386 Testibus
1655 1367 1721 1385 con-

219 1404 385 1433 firmationis
400 1405 510 1433 Joanne
527 1405 659 1442 Ogilvye,
675 1404 785 1433 Davide
801 1404 943 1442 Cumyng,
961 1405 1074 1432 Andrea
1089 1404 1249 1438 Moncreiff,
1263 1404 1369 1432 Jacobo
1385 1404 1564 1433 Sandesoune
1580 1404 1721 1433 servitori—

218 1452 270 1480 bus
286 1452 425 1490 Episcopi,
441 1457 469 1481 et
483 1453 503 1481 J
505 1462 594 1481 oanne
610 1452 735 1481 Gibsone
748 1456 857 1480 rectore
871 1452 905 1480 de
921 1452 1060 1480 Unthank
1075 1452 1194 1480 notario.
1235 1452 1322 1490 Apud
1338 1452 1441 1490 Spyne,
1459 1452 1493 1480 15
1507 1451 1579 1480 JuJii
1596 1453 1680 1481 1569.

220 1593 304 1622 Carta
324 1593 485 1621 feodifirmae
506 1598 644 1622 terrarum
663 1594 696 1622 de
712 1593 902 1622 Birkinburne
917 1597 945 1622 et
961 1593 1155 1627 Auchindeth,
1176 1593 1206 1621 in
1224 1593 1338 1621 baronia
1352 1594 1385 1622 de
1401 1593 1509 1631 Keyth,
1526 1593 1672 1630 regalitate
1686 1594 1721 1622 de

220 1641 324 1679 Spyne,
346 1641 401 1669 vic.
425 1641 459 1669 de
481 1641 572 1675 Banff,
597 1642 630 1669 ab
653 1641 790 1679 Episcopo
810 1641 883 1669 facta
902 1641 1033 1679 magistro
1056 1641 1166 1669 Adamo
1189 1641 1344 1670 Gordoune
1358 1645 1386 1669 et
1402 1641 1531 1670 Cristinae
1545 1641 1630 1669 etiam
1646 1641 1720 1670 Gor-

218 1689 310 1717 doune
324 1688 383 1727 ejus
399 1688 502 1726 sponsae
517 1699 669 1727 eorumque
684 1689 831 1717 heredibus
846 1688 985 1717 masculis.
1008 1689 1161 1717 Reddendo
1175 1688 1321 1717 annuatim
1337 1689 1420 1717 L.10.
1437 1689 1482 1716 13.
1494 1690 1524 1716 4.
1545 1688 1619 1717 Cum
1634 1689 1722 1727 privi-

217 1736 291 1774 legio
305 1737 338 1764 de
352 1736 435 1764 unica
448 1736 542 1765 sasina.
584 1737 712 1765 Testibus
727 1737 859 1774 magistro
872 1737 1004 1765 Johanne
1016 1736 1153 1765 Gordoun
1167 1736 1271 1765 vicario
1284 1737 1318 1765 de
1332 1736 1440 1774 Keyth,
1456 1736 1621 1764 Alexandro
1636 1736 1719 1765 Dun-

218 1784 267 1811 bar
287 1783 317 1811 in
337 1783 429 1817 Elui-e,
453 1784 559 1812 Jacobo
582 1784 667 1812 Innes
690 1785 724 1812 de
742 1784 852 1822 Drany,
871 1784 1016 1812 Willelmo
1037 1784 1123 1813 Innes
1143 1784 1173 1812 in
1191 1784 1344 1818 Newtoun,
1366 1784 1524 1822 Theophilo
1538 1784 1718 1817 Jhounsoun,

219 1830 332 1858 domino
351 1831 482 1859 ,Iohanne
505 1831 614 1865 Portax·²
634 1831 748 1859 domino
766 1832 898 1860 ,Iohanne
918 1831 1038 1869 HaggiS,
1060 1831 1197 1870 magistris
1212 1832 1337 1869 Hugone
1353 1832 1456 1869 Cragy,
1473 1831 1619 1861 Willelmo
1634 1831 1718 1870 Wys-

219 1887 294 1911 man,
307 1877 327 1905 J
329 1878 438 1906 ohanne
455 1878 607 1907 Gibsoune.
648 1880 734 1917 Apud
750 1879 845 1916 Elgin‚
859 1880 897 1906 23
911 1879 931 1907 J
933 1879 993 1907 unii
1005 1880 1090 1907 1547.

220 2019 388 2058 Preceptum
402 2019 495 2048 safinae
509 2020 669 2049 earundem.
711 2021 839 2050 Testibus
853 2025 886 2050 ut
900 2020 981 2059 supra
995 2020 1096 2061 (326).
1138 2021 1223 2059 Apud
1238 2021 1333 2059 Elgin‚
1348 2022 1386 2049 23
1400 2022 1419 2050 J
1422 2021 1482 2049 unii
1500 2022 1584 2049 1547.

221 2161 389 2200 Preceptum
403 2162 437 2190 de
451 2162 523 2191 clare
538 2163 644 2191 constat
658 2163 691 2191 ab
704 2163 841 2202 Episcopo
854 2163 951 2192 datum
964 2163 998 2192 ad
1011 2163 1202 2192 infeofandum
1213 2164 1355 2193 Joannem
1369 2164 1501 2193 comitem
1514 2162 1717 2192 Sutherlandiae

219 2208 249 2236 in
263 2209 344 2238 terris
358 2209 488 2247 predictis
503 2210 594 2249 (326)
610 2211 678 2240 ficut
693 2211 824 2240 heredem
837 2211 960 2249 magistri
974 2211 1077 2240 Adami
1089 2211 1222 2241 Gordone
1236 2211 1339 2251 patrui.
1367 2211 1496 2240 Testibus
1509 2211 1614 2240 Jacobo
1628 2210 1715 2240 Innes
