2060 2660
32 1270 104 1302 220

527 194 840 231 REGISTRUM
870 195 1230 235 MORAVIENSE.
1546 210 1612 242 Q81

131 293 254 330 vienfis
279 293 458 341 episcopus
487 293 531 328 de
558 293 734 340 Inuernys
761 298 796 327 et
821 293 1055 330 Aberkerdor
1081 300 1116 330 et
1140 296 1344 342 quibusdam
1371 299 1446 334 aliis
1472 302 1617 338 ecclesiis

132 349 359 388 moraviensis
381 348 535 398 dyocesis
566 351 602 384 in
629 350 755 397 quibus
781 350 915 385 habetis
936 351 996 398 jus
1013 358 1221 399 patronatus
1245 359 1280 388 et
1303 367 1387 401 quas
1411 360 1618 395 auctoritate.

130 409 218 444 sedis
245 407 433 456 apostolice
463 408 500 442 in
529 407 610 442 usus
637 408 800 455 proprios
829 407 994 443 detinetis
1013 428 1028 436 ι
1050 409 1200 456 pensatis
1224 410 1374 457 ipsarum
1397 413 1618 451 facultatibus

131 466 319 513 diligenter
331 484 340 492 ·
360 465 410 499 sui
424 464 569 512 capituli
584 464 775 499 accedente
789 464 957 499 consensu
973 484 981 492 ·
997 466 1131 501 taxavit
1149 472 1335 514 perpetuas
1352 469 1497 505 vicarias
1514 480 1620 519 prout

130 522 167 557 in
184 522 294 558 literis
313 520 415 570 ipfius
435 522 597 569 Episcopi
616 522 785 557 confectis
811 522 939 557 exinde
965 522 1094 558 dicitur
1117 523 1256 570 plenius
1273 526 1448 561 contineri
1467 547 1474 555 ·
1502 528 1620 565 vestris

129 580 238 627 igitur
256 586 292 615 et
310 580 394 615 dicti
414 579 578 627 Episcopi
600 579 912 627 supplicationibus
934 579 1093 615 inclinati
1116 581 1211 627 quod
1230 581 1331 629 super
1350 582 1416 618 hoc
1434 584 1477 619 ab
1495 586 1620 622 eodem

131 637 304 685 Episcopo
318 637 467 685 provide
481 637 614 672 factum
633 636 681 672 est
694 642 811 671 ratum
827 643 863 672 et
875 642 1018 684 gratum
1032 637 1201 673 habentes
1215 638 1250 673 id
1265 640 1474 677 auctoritate
1489 642 1621 690 aposto-

129 695 196 730 lica
214 695 467 731 confirmamus
490 700 526 729 et
549 694 718 742 presentis
741 694 859 742 scripti
883 695 1081 742 patrocinio
1100 697 1362 732 communimus
1381 717 1388 725 ·
1417 698 1517 734 Nulli
1536 713 1621 748 ergo

130 752 277 788 omnino
297 752 482 787 hominum
501 752 605 787 liceat
623 752 715 787 hanc
732 752 898 799 paginam
918 751 1033 787 nostre
1052 752 1333 789 confirmationis
1356 755 1548 803 infringere
1566 758 1622 794 vel

129 809 161 845 ei
187 810 272 845 ausu
297 810 486 845 temerario
518 810 696 845 contraire
716 828 724 837 ·
753 809 789 844 Si
814 809 892 856 quis
914 814 1034 844 autem
1059 810 1126 845 hoc
1150 816 1361 859 attemptare
1380 814 1622 862 presumpserit

129 867 412 915 indignationem
442 867 514 902 Dei
543 872 578 902 et
603 867 789 902 beatorum
816 866 914 901 Petri
942 872 978 902 et
1007 866 1108 902 Pauli
1136 867 1373 916 apostolorum
1403 870 1478 918 ejus
1504 871 1536 907 se
1563 885 1624 908 no-

129 925 221 960 verit
245 925 468 960 incursurum
488 944 496 952 ·
525 924 663 960 Datum
695 924 867 971 Lugduni
899 924 958 958 ·iii·
988 937 1101 960 nonas
1129 926 1215 962 maii
1235 946 1243 954 ·
1268 927 1494 974 pontificatus
1518 929 1624 964 nostri

130 995 225 1017 anno
245 995 360 1030 primo
380 1001 388 1010 ·

134 1155 293 1191 Donatio
312 1155 356 1190 de
376 1155 539 1204 Catepoll
559 1156 602 1190 ad
622 1155 907 1191 sustentationem
926 1156 1076 1192 fratrum
1095 1157 1273 1192 minorum
1293 1177 1301 1185 ·

133 1270 312 1306 Omnibus
341 1271 469 1306 Christi
499 1270 662 1306 fidelibus
693 1270 760 1306 hoc
791 1270 958 1318 scriptum
986 1271 1110 1306 visuris
1135 1272 1193 1307 vel
1224 1272 1396 1308 audituris
1425 1273 1624 1310 Willelmus

132 1341 250 1364 comes
281 1329 325 1364 de
356 1329 431 1364 Ros
459 1329 606 1364 salutem
636 1329 674 1363 in
703 1328 864 1363 Domino
883 1347 891 1356 ·
921 1328 1074 1364 Noverit
1101 1328 1308 1364 universitas
1335 1330 1447 1365 vestra
1474 1344 1530 1366 me
1558 1345 1623 1379 pro

133 1386 242 1421 salute
260 1387 377 1422 anime
395 1400 473 1422 mee
493 1406 501 1414 ·
529 1386 651 1421 uxoris
677 1399 756 1421 mee
776 1405 784 1413 ·
812 1386 1005 1421 liberorum
1032 1399 1194 1421 meorum
1214 1406 1222 1414 ·
1242 1393 1277 1422 et
1296 1388 1455 1422 omnium
1474 1389 1625 1424 anteces-

133 1444 248 1479 sorum
277 1457 438 1479 meorum
466 1450 502 1479 et
527 1444 757 1479 successorum
786 1456 948 1478 meorum
974 1463 982 1471 ·
1010 1444 1100 1479 etin
1117 1444 1436 1491 compensationem
1457 1446 1625 1493 dampno-

134 1515 212 1536 rum
233 1521 241 1529 ·
267 1502 476 1549 injuriarum
508 1514 547 1537 ac
574 1500 745 1536 lefionum
770 1501 804 1535 in
830 1499 988 1536 ecclesias
1013 1502 1056 1536 de
1076 1501 1190 1549 Petyn
1209 1506 1245 1536 et
1262 1502 1306 1537 de
1325 1501 1491 1537 Brachuli
1520 1503 1625 1538 michi

136 1565 170 1593 et
189 1560 275 1594 meis
293 1573 313 1594 a
330 1559 524 1594 venerabili
548 1564 648 1607 patre
669 1558 898 1594 Archebaldo
918 1559 1078 1606 episcopo
1097 1557 1309 1594 moraviensi
1327 1558 1521 1606 impositam
1541 1580 1549 1587 ·
1570 1561 1626 1596 de-

137 1617 219 1651 diffe
246 1615 442 1652 concessiss'e
465 1623 500 1651 et
524 1617 589 1651 hac
612 1621 710 1651 carta
733 1629 812 1651 mea
834 1616 1051 1651 confirmasse
1075 1615 1156 1651 Deo
1183 1621 1219 1651 et
1247 1616 1376 1651 δαηᾶὶθ
1395 1616 1565 1652 Trinitati
1584 1618 1627 1653 de

139 1674 256 1722 Elgyn
287 1680 322 1709 et
355 1674 583 1709 Archebaldo
615 1673 776 1721 episcopo
806 1680 841 1708 et
873 1673 1036 1708 omnibus
1067 1673 1234 1721 episcopis
1265 1672 1543 1709 moraviensibus
1568 1673 1626 1710 fibi

137 1731 336 1767 succefl'uris
367 1745 408 1767 ac
434 1731 589 1779 capitulo
617 1731 770 1778 ejusdem
799 1730 867 1765 loci
894 1731 929 1765 in
957 1743 1082 1778 puram
1109 1736 1144 1765 et
1169 1736 1376 1778 perpetuam
1403 1730 1625 1767 elemosinam

138 1790 225 1824 duas
251 1789 397 1824 dauatas
423 1794 517 1824 terre
543 1789 580 1823 in
601 1788 676 1823 Ros
694 1801 762 1835 que
784 1794 959 1823 vocantur
980 1787 1163 1835 Kattepoll
1183 1807 1191 1814 ·
1216 1794 1251 1822 et
1274 1801 1385 1823 unum
1410 1790 1627 1835 quarterium

129 1844 232 1882 'terre
250 1847 311 1894 qui
329 1852 477 1882 vocatur
498 1846 683 1893 Petkenny
703 1865 711 1872 ·
730 1859 793 1893 per
811 1845 926 1880 rectas
945 1845 1069 1880 divisas
1088 1845 1164 1879 suas
1183 1850 1218 1880 et
1239 1858 1321 1880 cum
1342 1846 1505 1881 omnibus
1523 1847 1627 1894 perti-

139 1905 268 1940 nentiis
286 1905 353 1940 suis
371 1905 414 1939 ad
429 1905 566 1939 vffikum
585 1909 620 1938 et
637 1902 923 1938 sustentationem
941 1902 1091 1937 fratrum
1110 1902 1288 1937 minorum
1308 1903 1367 1949 qui
1386 1916 1450 1950 pro
1469 1909 1628 1951 tempore

138 1963 231 2010 apud
252 1962 370 2010 Elgyn
388 1962 426 1997 in
444 1962 551 1997 domo
571 1961 768 1996 eorundem
787 1973 897 2008 prope
925 1958 1102 1995 ecclefiam
1129 1959 1367 1995 cathedralem
1395 1960 1629 1996 habitaverint

138 2020 194 2055 vel
220 2023 258 2055 in
284 2019 461 2068 posterum
488 2018 676 2054 habitaturi
704 2018 838 2053 fuerint
858 2037 866 2044 ·
894 2018 944 2052 ita
969 2017 1134 2052 videlicet
1158 2018 1254 2064 quod
1279 2017 1458 2065 episcopus
1476 2019 1629 2054 moravi-

139 2076 225 2112 enfis
242 2078 302 2124 qui
320 2091 386 2125 pro
405 2083 565 2124 tempore
584 2076 690 2111 fuerit
714 2076 758 2110 de
781 2073 924 2110 confilio
949 2074 1094 2122 capituli
1112 2074 1162 2109 sui
1182 2073 1369 2110 constituet
1391 2080 1427 2110 et
1448 2075 1628 2123 deputabit

138 2134 290 2182 aliquem
314 2135 431 2170 virum
462 2134 649 2169 discretum
678 2138 714 2168 et
741 2132 881 2167 fidelem
916 2131 1176 2167 distributorem
1205 2132 1265 2178 qui
1294 2130 1436 2179 fingulis
1463 2133 1563 2166 annis
1592 2133 1628 2166 in

139 2192 299 2227 terminis
317 2192 384 2227 suis
403 2191 643 2226 omnimodam
667 2190 804 2224 firmam
830 2189 1005 2224 dictarum
1033 2195 1208 2224 terrarum
1234 2188 1373 2236 plenius
1396 2189 1541 2236 recipiet
1559 2208 1567 2215 ·
1595 2195 1629 2223 et

140 2250 286 2285 eandem
316 2250 352 2284 in
382 2249 637 2285 exhibitionem
661 2255 696 2283 ct
722 2247 802 2282 usus
831 2247 1036 2281 necessarios
1065 2246 1243 2281 ὀίὁὶοωῐῃ
1273 2246 1421 2281 fratrum
1449 2246 1629 2280 salubriter

856 2308 879 2338 <2
901 2316 924 2338 N
