1998 2820
963 179 1013 202 XV

231 267 304 296 229.
328 264 557 296 Testimonium
580 264 667 306 quod
690 263 843 295 comitiffa
863 264 1010 294 Moravie
1034 264 1112 295 emit
1137 264 1342 297 medietatem
1365 267 1405 298 de
1427 268 1671 312 Aberbrandely
1686 271 1725 302 de

231 315 347 347 comite
362 315 401 347 de
416 315 489 357 Fyf.
524 318 615 346 1350.
635 316 669 355 ,Γ
684 318 736 347 80.
767 317 808 356 (υ.
825 316 868 346 Ν.
884 315 973 355 232.)

228 369 302 398 230.
325 366 490 398 Johannes
505 367 544 398 de
561 366 708 398 Moravia
722 366 907 408 panetarius
923 365 1032 397 Scotie
1055 366 1171 397 fundat
1194 367 1406 409 capellaniam
1430 369 1469 401 de
1491 370 1584 402 firma
1605 372 1643 403 de
1662 373 1725 404 Ar-

228 417 325 459 trelly
340 423 372 448 et
388 418 486 460 Croy.
521 420 612 449 1351.
634 419 667 459 f
684 421 737 449 76.

227 470 301 499 231.
326 468 497 500 Ordinatio
513 468 653 510 ejusdem
669 468 824 511 capellani
841 469 882 499 ad
897 468 998 499 altare
1015 468 1134 499 Sancte
1151 468 1278 500 Crucis.
1314 472 1404 501 1351.
1425 472 1459 511 ,Γ
1474 474 1525 502 76.

226 522 301 550 232.
325 519 458 551 Isabella
473 520 640 562 Ranulphi
662 520 816 551 comitiffa
832 519 977 551 Moravie
998 519 1088 551 dotat
1108 520 1314 562 capellanum
1330 532 1369 552 ex
1383 522 1478 553 terris
1493 523 1533 553 de
1548 523 1725 555 Abirbran-

227 571 310 612 dely.
345 573 436 603 1351.
457 573 490 611 f
506 574 558 603 80.

226 624 300 653 233.
324 622 465 653 Thomas
481 622 520 653 de
536 622 694 659 Momvia,
711 621 881 653 confirmat
895 622 1119 653 fundationem
1131 622 1300 654 Johannis.
1335 624 1438 664 (230.)
1469 626 1560 655 1353.
1580 626 1613 665 j:
1629 629 1680 657 79.

224 676 298 704 234.
322 673 395 704 Rex
419 674 509 705 dotat
533 673 736 716 capellanum
760 674 852 705 beate
873 673 978 704 Marie
1002 673 1041 704 de
1062 673 1221 715 Invernys
1246 674 1286 705 de
1311 675 1401 716 pecia
1424 680 1509 706 terre
1530 676 1569 707 de
1592 677 1618 707 Ie
1638 678 1724 709 Cras.

230 726 321 755 1359.
340 726 374 765 fi
391 727 442 755 96.

224 778 298 807 235.
323 776 454 817 Burgus
470 776 509 807 de
526 776 685 817 Invernys
700 775 839 817 refignat
855 776 997 807 eandem.
1032 778 1125 807 1359.
1152 778 1181 817 fi
1198 779 1251 808 97.

224 829 298 858 236.
326 827 501 869 Episcopus
517 827 665 859 concedit
680 827 854 870 capellanis
870 827 1014 859 fundatis
1032 827 1072 858 de
1090 827 1185 858 terris
1201 827 1316 865 Roffie,
1338 833 1459 859 terram
1476 829 1517 859 ad
1538 830 1723 862 manfiones.

228 881 320 910 1360.
344 881 378 919 f
398 881 469 910 118.

222 932 296 961 237.
324 930 498 972 Episcopus
524 930 672 961 concedit
697 937 801 961 terras
825 931 860 961 in
886 930 1045 972 Invernys
1068 930 1108 961 ad
1136 929 1361 968 feodifirmam,
1385 942 1444 973 pro
1467 936 1599 963 centum
1619 932 1724 964 solidis

222 981 387 1023 capellano
404 981 504 1012 Beate
520 981 625 1012 Marie
642 981 680 1012 de
697 981 857 1022 Invernys
872 981 1041 1012 annuatim
1056 981 1223 1012 solvendis.
1259 983 1353 1013 1361.
1373 982 1404 1020 fi
1420 985 1472 1013 97.

222 1034 296 1064 238.
322 1032 486 1074 obligatio
502 1033 661 1063 Johannis
678 1033 766 1070 Scot,
784 1032 1016 1063 feodifirmarii.
1052 1035 1146 1063 1361.
1166 1035 1200 1074 f
1216 1035 1268 1063 99.

221 1085 296 1116 239.
320 1084 482 1115 Robertus
498 1084 537 1115 de
554 1084 704 1115 Lawedir
721 1084 760 1115 de
777 1084 975 1121 Quarelwod
995 1085 1085 1115 dotat
1103 1084 1306 1127 capellanum
1330 1085 1372 1115 ad
1395 1084 1497 1116 altare
1512 1084 1606 1117 Beati
1622 1086 1723 1124 Petri,

222 1134 261 1166 de
285 1134 387 1166 firmis
411 1140 573 1167 terrarum
593 1136 633 1167 de
654 1136 861 1177 Brythmond
882 1142 914 1166 et
935 1135 1098 1178 Kynstary
1114 1141 1146 1167 et
1167 1136 1345 1167 molendini
1359 1136 1399 1167 de
1413 1136 1593 1178 Aldheryn.
1632 1139 1723 1170 1362.

211 1188 244 1225 f.
260 1189 311 1217 79.

220 1239 294 1268 240.
319 1237 501 1268 Willelmus
516 1238 556 1269 de
573 1238 690 1280 Soreys
711 1238 767 1269 dat
784 1239 927 1281 quinque
948 1237 1062 1269 solidos
1082 1239 1250 1269 annuatim
1270 1238 1305 1269 in
1327 1239 1621 1280 augmentationem
1645 1240 1724 1271 alta-

220 1289 301 1330 ragii
317 1289 407 1319 beate
425 1288 541 1320 hlarie.
576 1291 668 1319 1363.
690 1291 723 1328 f
739 1292 792 1320 60.

219 1342 293 1371 241.
320 1340 501 1371 Willelmus
522 1340 592 1382 Pop
615 1340 670 1371 dat
695 1345 797 1371 terras
817 1340 913 1382 juxta
936 1340 1043 1381 Elgyn
1070 1340 1111 1371 ad
1136 1341 1433 1382 augmentationem
1452 1340 1601 1382 ejusdem.
1629 1345 1720 1374 1363.

208 1394 241 1431 f.
257 1394 309 1422 61.

217 1445 292 1473 242.
316 1442 477 1473 Ricardus
502 1442 590 1473 filius
610 1442 769 1473 Johannis
793 1442 883 1473 dotat
908 1442 1110 1485 capellanum
1133 1442 1251 1474 Sancte
1272 1442 1376 1473 Marie
1396 1442 1429 1473 in
1455 1443 1585 1475 ecclefia
1608 1445 1721 1476 Sancti

223 1493 329 1535 Egidii
345 1495 384 1525 (16
399 1500 530 1526 centum
544 1494 651 1526 solidis
667 1506 684 1526 e
700 1494 802 1525 firmis
814 1495 986 1525 botharum
1002 1499 1034 1525 et
1049 1494 1227 1525 croftorum
1241 1494 1276 1525 in
1295 1493 1413 1536 Elgyn.
1448 1497 1539 1526 1365.
1559 1497 1593 1536 ,Γ
1609 1499 1661 1527 95.

217 1548 292 1576 243.
321 1545 496 1588 Episcopus
512 1546 683 1577 confirmat
698 1551 819 1577 cartam
835 1545 1070 1588 predecessoris,
1083 1545 1122 1577 de
1135 1545 1312 1588 capellania
1324 1545 1424 1577 Beate
1436 1546 1540 1577 Maria
1556 1547 1595 1578 de
1608 1547 1719 1579 Iuver-

218 1608 287 1638 nys.
321 1598 374 1638 (N.
390 1598 480 1637 237.)
511 1599 649 1638 1365.,Ῐῖ
664 1599 717 1630 97.

216 1648 299 1679 243*
323 1648 395 1679 Rex
410 1648 578 1679 confirmat
593 1649 818 1679 fundationem
834 1648 969 1679 Roberti
985 1648 1024 1679 de
1039 1648 1198 1679 Lawedir.
1229 1647 1284 1689 (N.
1299 1647 1390 1687 239.)
1428 1651 1518 1680 1367.
1539 1650 1572 1690 s
1588 1652 1639 1682 79.

216 1702 290 1730 244.
315 1699 482 1741 Inquifitio
498 1700 537 1731 de
552 1700 743 1731 fundatione
758 1699 879 1741 capelle
896 1699 1009 1730 Sancti
1024 1699 1174 1730 Meninii.
1208 1698 1262 1740 (N.
1278 1698 1368 1739 218.)
1405 1701 1496 1730 1369.
1517 1704 1549 1743 f
1566 1703 1617 1732 81.

215 1753 289 1781 245.
312 1751 477 1782 Johannes
493 1751 533 1782 de
549 1751 645 1792 Haya
661 1751 699 1782 de
716 1750 939 1792 Tulybothuyl
960 1751 1050 1782 dotat
1073 1750 1277 1793 capellanum
1295 1749 1334 1781 de
1350 1750 1529 1793 Kyncragy
1552 1763 1591 1783 ex
1613 1751 1714 1783 firmis

215 1802 254 1832 (16
269 1801 422 1844 Lochloy.
459 1804 550 1834 1374.
574 1802 604 1841 f
621 1804 673 1833 71.

213 1855 288 1884 246.
314 1853 405 1884 Idem
421 1853 511 1884 dotat
527 1853 730 1895 capellanum
746 1853 785 1884 de
800 1853 830 1884 le
848 1853 946 1890 Geth,
964 1864 1003 1884 ex
1018 1852 1120 1883 firmis
1135 1857 1220 1883 terre
1235 1852 1275 1883 de
1290 1852 1410 1894 Awyn.
1429 1851 1462 1890 f
1478 1857 1529 1885 64.

214 1905 288 1937 247.
315 1904 480 1935 Exhibitio
496 1904 653 1936 Willelmi
668 1905 707 1935 de
724 1904 872 1942 Camera,
890 1903 1030 1942 Parisiis,
1048 1915 1065 1935 e
1080 1909 1167 1935 terra
1181 1904 1221 1935 de
1238 1903 1398 1935 Grefioco.
1433 1907 1525 1937 1383.
1546 1905 1575 1943 fi
1593 1908 1643 1940 94.

212 1957 286 1987 248.
310 1955 441 1987 Vicaria
456 1956 495 1986 de
510 1955 589 1997 Dyk
604 1956 769 1987 confertur
785 1955 971 1987 Alexandro
986 1956 1025 1986 de
1040 1955 1176 1997 Brothy.
1211 1957 1302 1987 1386.
1323 1954 1355 1993 f
1375 1958 1445 1987 100.

212 2009 285 2039 249.
311 2007 493 2049 Capellanie
519 2007 629 2038 Sancti
653 2007 822 2038 Michaelis
846 2012 878 2038 et
903 2007 942 2038 de
965 2007 995 2038 le
1017 2006 1116 2038 Inche
1139 2011 1308 2038 mutantur
1332 2018 1390 2049 pro
1414 2008 1577 2049 prebenda
1600 2008 1710 2041 Sancti

216 2057 333 2099 Egidii.
367 2060 458 2090 1390.
478 2056 509 2094 fi
524 2061 576 2090 87.

211 2112 284 2140 250.
311 2108 477 2151 Inquisitio
492 2109 532 2141 de
547 2109 733 2151 capellaniis
749 2110 788 2141 de
800 2109 973 2142 Daldeleth
984 2114 1016 2141 et
1031 2109 1129 2141 Beate
1144 2109 1259 2141 Marie.
1286 2109 1341 2151 (Ν.
1356 2112 1431 2141 221.
1448 2115 1481 2141 et
1495 2111 1584 2151 242.)
1615 2114 1704 2145 1398.

201 2163 233 2201 f.
248 2163 300 2191 50.

211 2214 284 2243 251.
311 2211 485 2254 Episcopus
512 2223 576 2243 non
604 2212 748 2243 admittit
774 2212 998 2245 Alexandrum
1028 2212 1150 2245 Barbas
1176 2212 1393 2255 presentatum
1419 2213 1459 2244 ad
1486 2213 1638 2245 vicariam
1664 2215 1703 2245 de
