<?xml version="1.0" encoding="UTF-8"?>
<!DOCTYPE html PUBLIC "-//W3C//DTD XHTML 1.0 Transitional//EN"
    "http://www.w3.org/TR/xhtml1/DTD/xhtml1-transitional.dtd">
<html xmlns="http://www.w3.org/1999/xhtml" xml:lang="en" lang="en">
 <head>
  <title>
</title>
<meta http-equiv="Content-Type" content="text/html;charset=utf-8" />
  <meta name='ocr-system' content='tesseract 3.04.00' />
  <meta name='ocr-capabilities' content='ocr_page ocr_carea ocr_par ocr_line ocrx_word'/>
</head>
<body>
  <div class='ocr_page' id='page_1' title='image "./registrumepisc5800morauoft_0422.png"; bbox 0 0 1912 2660; ppageno 0'>
   <div class='ocr_carea' id='block_1_1' title="bbox 279 133 1390 171">
    <p class='ocr_par' dir='ltr' id='par_1_1' title="bbox 279 133 1390 171">
     <span class='ocr_line' id='line_1_1' title="bbox 279 133 1390 171; baseline 0 -1"><span class='ocrx_word' id='word_1_1' title='bbox 279 138 352 171; x_wconf 76' lang='lat'>314</span> <span class='ocrx_word' id='word_1_2' title='bbox 677 134 784 170; x_wconf 89' lang='lat' dir='ltr'>REG</span> <span class='ocrx_word' id='word_1_3' title='bbox 792 133 995 171; x_wconf 90' lang='lat' dir='ltr'>ISTRUM</span> <span class='ocrx_word' id='word_1_4' title='bbox 1024 133 1390 171; x_wconf 88' lang='lat' dir='ltr'>MORAVIENSE.</span> 
     </span>
    </p>
   </div>
   <div class='ocr_carea' id='block_1_2' title="bbox 274 231 1785 2190">
    <p class='ocr_par' dir='ltr' id='par_1_2' title="bbox 274 231 1785 2190">
     <span class='ocr_line' id='line_1_2' title="bbox 280 231 1785 282; baseline 0.001 -14"><span class='ocrx_word' id='word_1_5' title='bbox 280 234 382 269; x_wconf 86' lang='lat' dir='ltr'>lanus</span> <span class='ocrx_word' id='word_1_6' title='bbox 401 233 462 281; x_wconf 90' lang='lat' dir='ltr'>qui</span> <span class='ocrx_word' id='word_1_7' title='bbox 481 246 547 281; x_wconf 93' lang='lat' dir='ltr'>pro</span> <span class='ocrx_word' id='word_1_8' title='bbox 566 238 729 282; x_wconf 91' lang='lat' dir='ltr'>tempore</span> <span class='ocrx_word' id='word_1_9' title='bbox 747 234 855 269; x_wconf 88' lang='lat' dir='ltr'>fuerit</span> <span class='ocrx_word' id='word_1_10' title='bbox 874 234 1042 269; x_wconf 88' lang='lat' dir='ltr'>decenter</span> <span class='ocrx_word' id='word_1_11' title='bbox 1060 238 1096 268; x_wconf 85' lang='lat' dir='ltr'>et</span> <span class='ocrx_word' id='word_1_12' title='bbox 1114 232 1257 267; x_wconf 88' lang='lat' dir='ltr'>honeste</span> <span class='ocrx_word' id='word_1_13' title='bbox 1277 231 1450 266; x_wconf 76' lang='lat' dir='ltr'><strong>deserviet</strong></span> <span class='ocrx_word' id='word_1_14' title='bbox 1469 250 1477 258; x_wconf 95' lang='lat'><strong>·</strong></span> <span class='ocrx_word' id='word_1_15' title='bbox 1506 236 1542 266; x_wconf 91' lang='lat' dir='ltr'>et</span> <span class='ocrx_word' id='word_1_16' title='bbox 1561 232 1707 281; x_wconf 81' lang='lat' dir='ltr'>recipiet</span> <span class='ocrx_word' id='word_1_17' title='bbox 1725 247 1785 270; x_wconf 85' lang='lat' dir='ltr'>an-</span> 
     </span>
     <span class='ocr_line' id='line_1_3' title="bbox 280 288 1784 336; baseline 0.001 -9"><span class='ocrx_word' id='word_1_18' title='bbox 280 292 416 327; x_wconf 87' lang='lat' dir='ltr'>nuatim</span> <span class='ocrx_word' id='word_1_19' title='bbox 436 292 480 327; x_wconf 87' lang='lat' dir='ltr'>ad</span> <span class='ocrx_word' id='word_1_20' title='bbox 500 292 672 327; x_wconf 87' lang='lat' dir='ltr'>terminos</span> <span class='ocrx_word' id='word_1_21' title='bbox 688 291 935 327; x_wconf 85' lang='lat' dir='ltr'>Penthecostes</span> <span class='ocrx_word' id='word_1_22' title='bbox 954 297 990 326; x_wconf 92' lang='lat' dir='ltr'>et</span> <span class='ocrx_word' id='word_1_23' title='bbox 1005 290 1127 326; x_wconf 58' lang='lat' dir='ltr'>Sancti</span> <span class='ocrx_word' id='word_1_24' title='bbox 1141 289 1289 326; x_wconf 70' lang='lat' dir='ltr'>martini</span> <span class='ocrx_word' id='word_1_25' title='bbox 1308 288 1626 336; x_wconf 82' lang='lat' dir='ltr'>proportionaliter</span> <span class='ocrx_word' id='word_1_26' title='bbox 1640 297 1784 328; x_wconf 89' lang='lat' dir='ltr'>centum</span> 
     </span>
     <span class='ocr_line' id='line_1_4' title="bbox 279 345 1785 397; baseline 0.001 -12"><span class='ocrx_word' id='word_1_27' title='bbox 279 349 408 385; x_wconf 89' lang='lat' dir='ltr'>solidos</span> <span class='ocrx_word' id='word_1_28' title='bbox 426 349 676 397; x_wconf 86' lang='lat' dir='ltr'>sterlingorum</span> <span class='ocrx_word' id='word_1_29' title='bbox 696 350 740 385; x_wconf 89' lang='lat' dir='ltr'>de</span> <span class='ocrx_word' id='word_1_30' title='bbox 758 349 869 384; x_wconf 86' lang='lat' dir='ltr'>firmis</span> <span class='ocrx_word' id='word_1_31' title='bbox 887 349 944 384; x_wconf 85' lang='lat' dir='ltr'>sex</span> <span class='ocrx_word' id='word_1_32' title='bbox 963 349 1154 383; x_wconf 86' lang='lat' dir='ltr'>botharum</span> <span class='ocrx_word' id='word_1_33' title='bbox 1174 346 1316 381; x_wconf 83' lang='lat' dir='ltr'>fitarum</span> <span class='ocrx_word' id='word_1_34' title='bbox 1337 352 1373 381; x_wconf 89' lang='lat' dir='ltr'>et</span> <span class='ocrx_word' id='word_1_35' title='bbox 1385 345 1459 394; x_wconf 87' lang='lat' dir='ltr'>jam</span> <span class='ocrx_word' id='word_1_36' title='bbox 1476 347 1520 382; x_wconf 92' lang='lat' dir='ltr'>de</span> <span class='ocrx_word' id='word_1_37' title='bbox 1534 360 1631 384; x_wconf 88' lang='lat' dir='ltr'>novo</span> <span class='ocrx_word' id='word_1_38' title='bbox 1646 349 1785 386; x_wconf 81' lang='lat' dir='ltr'>edifica-</span> 
     </span>
     <span class='ocr_line' id='line_1_5' title="bbox 279 403 1783 453; baseline 0.001 -11"><span class='ocrx_word' id='word_1_39' title='bbox 279 413 396 443; x_wconf 87' lang='lat' dir='ltr'>tarum</span> <span class='ocrx_word' id='word_1_40' title='bbox 424 408 462 443; x_wconf 86' lang='lat' dir='ltr'>in</span> <span class='ocrx_word' id='word_1_41' title='bbox 486 408 566 443; x_wconf 88' lang='lat' dir='ltr'>foro</span> <span class='ocrx_word' id='word_1_42' title='bbox 595 408 688 443; x_wconf 90' lang='lat' dir='ltr'>inter</span> <span class='ocrx_word' id='word_1_43' title='bbox 714 407 858 442; x_wconf 87' lang='lat' dir='ltr'>botham</span> <span class='ocrx_word' id='word_1_44' title='bbox 879 406 1060 453; x_wconf 88' lang='lat' dir='ltr'>quondam</span> <span class='ocrx_word' id='word_1_45' title='bbox 1088 403 1244 451; x_wconf 85' lang='lat' dir='ltr'>magistri</span> <span class='ocrx_word' id='word_1_46' title='bbox 1265 403 1418 438; x_wconf 88' lang='lat' dir='ltr'>Henrici</span> <span class='ocrx_word' id='word_1_47' title='bbox 1446 404 1489 439; x_wconf 94' lang='lat' dir='ltr'>de</span> <span class='ocrx_word' id='word_1_48' title='bbox 1516 405 1725 442; x_wconf 82' lang='lat' dir='ltr'>Sorebroun</span> <span class='ocrx_word' id='word_1_49' title='bbox 1739 421 1783 443; x_wconf 83' lang='lat' dir='ltr'>ex</span> 
     </span>
     <span class='ocr_line' id='line_1_6' title="bbox 278 461 1784 513; baseline 0 -12"><span class='ocrx_word' id='word_1_50' title='bbox 278 470 379 513; x_wconf 87' lang='lat' dir='ltr'>parte</span> <span class='ocrx_word' id='word_1_51' title='bbox 398 465 611 501; x_wconf 86' lang='lat' dir='ltr'>occidentali</span> <span class='ocrx_word' id='word_1_52' title='bbox 631 470 666 500; x_wconf 92' lang='lat' dir='ltr'>et</span> <span class='ocrx_word' id='word_1_53' title='bbox 680 464 821 499; x_wconf 85' lang='lat' dir='ltr'>stratam</span> <span class='ocrx_word' id='word_1_54' title='bbox 837 475 1063 498; x_wconf 88' lang='lat' dir='ltr'>communem</span> <span class='ocrx_word' id='word_1_55' title='bbox 1084 475 1128 497; x_wconf 90' lang='lat' dir='ltr'>ex</span> <span class='ocrx_word' id='word_1_56' title='bbox 1142 467 1242 509; x_wconf 90' lang='lat' dir='ltr'>parte</span> <span class='ocrx_word' id='word_1_57' title='bbox 1257 461 1422 496; x_wconf 86' lang='lat' dir='ltr'>orientali</span> <span class='ocrx_word' id='word_1_58' title='bbox 1438 481 1445 489; x_wconf 94' lang='lat'><em>-</em></span> <span class='ocrx_word' id='word_1_59' title='bbox 1462 462 1506 498; x_wconf 92' lang='lat' dir='ltr'>de</span> <span class='ocrx_word' id='word_1_60' title='bbox 1521 463 1652 511; x_wconf 85' lang='lat' dir='ltr'>septem</span> <span class='ocrx_word' id='word_1_61' title='bbox 1668 465 1784 501; x_wconf 84' lang='lat' dir='ltr'>bothis</span> 
     </span>
     <span class='ocr_line' id='line_1_7' title="bbox 278 518 1784 570; baseline 0 -12"><span class='ocrx_word' id='word_1_62' title='bbox 278 536 365 570; x_wconf 86' lang='lat' dir='ltr'>quas</span> <span class='ocrx_word' id='word_1_63' title='bbox 383 523 604 558; x_wconf 84' lang='lat' dir='ltr'>concedente</span> <span class='ocrx_word' id='word_1_64' title='bbox 624 522 784 557; x_wconf 87' lang='lat' dir='ltr'>Domino</span> <span class='ocrx_word' id='word_1_65' title='bbox 804 521 895 555; x_wconf 86' lang='lat' dir='ltr'>infra</span> <span class='ocrx_word' id='word_1_66' title='bbox 913 520 1020 555; x_wconf 87' lang='lat' dir='ltr'>breve</span> <span class='ocrx_word' id='word_1_67' title='bbox 1039 519 1164 554; x_wconf 85' lang='lat' dir='ltr'>faciam</span> <span class='ocrx_word' id='word_1_68' title='bbox 1184 518 1340 554; x_wconf 86' lang='lat' dir='ltr'>edificari</span> <span class='ocrx_word' id='word_1_69' title='bbox 1361 538 1369 547; x_wconf 89' lang='lat'><strong>·</strong></span> <span class='ocrx_word' id='word_1_70' title='bbox 1389 519 1555 556; x_wconf 88' lang='lat' dir='ltr'>videlicet</span> <span class='ocrx_word' id='word_1_71' title='bbox 1569 528 1640 557; x_wconf 85' lang='lat' dir='ltr'>tres</span> <span class='ocrx_word' id='word_1_72' title='bbox 1659 522 1784 558; x_wconf 87' lang='lat' dir='ltr'>bothas</span> 
     </span>
     <span class='ocr_line' id='line_1_8' title="bbox 278 578 1782 628; baseline 0 -12"><span class='ocrx_word' id='word_1_73' title='bbox 278 581 380 628; x_wconf 88' lang='lat' dir='ltr'>super</span> <span class='ocrx_word' id='word_1_74' title='bbox 395 586 524 616; x_wconf 90' lang='lat' dir='ltr'>terram</span> <span class='ocrx_word' id='word_1_75' title='bbox 541 593 609 627; x_wconf 92' lang='lat' dir='ltr'>que</span> <span class='ocrx_word' id='word_1_76' title='bbox 622 580 718 627; x_wconf 84' lang='lat' dir='ltr'>jacet</span> <span class='ocrx_word' id='word_1_77' title='bbox 737 579 830 614; x_wconf 88' lang='lat' dir='ltr'>inter</span> <span class='ocrx_word' id='word_1_78' title='bbox 842 578 959 613; x_wconf 85' lang='lat' dir='ltr'>forum</span> <span class='ocrx_word' id='word_1_79' title='bbox 979 589 1170 612; x_wconf 88' lang='lat' dir='ltr'>commune</span> <span class='ocrx_word' id='word_1_80' title='bbox 1185 590 1229 611; x_wconf 87' lang='lat' dir='ltr'>ex</span> <span class='ocrx_word' id='word_1_81' title='bbox 1244 582 1344 624; x_wconf 82' lang='lat' dir='ltr'>parte</span> <span class='ocrx_word' id='word_1_82' title='bbox 1359 578 1570 614; x_wconf 88' lang='lat' dir='ltr'>occidentali</span> <span class='ocrx_word' id='word_1_83' title='bbox 1590 585 1625 615; x_wconf 93' lang='lat' dir='ltr'>et</span> <span class='ocrx_word' id='word_1_84' title='bbox 1637 579 1782 616; x_wconf 90' lang='lat' dir='ltr'>botham</span> 
     </span>
     <span class='ocr_line' id='line_1_9' title="bbox 277 634 1783 686; baseline 0.001 -13"><span class='ocrx_word' id='word_1_85' title='bbox 277 638 513 686; x_wconf 65' lang='lat' dir='ltr'>supradictam</span> <span class='ocrx_word' id='word_1_86' title='bbox 530 638 681 686; x_wconf 63' lang='lat' dir='ltr'>predicti</span> <span class='ocrx_word' id='word_1_87' title='bbox 697 636 850 683; x_wconf 85' lang='lat' dir='ltr'>magistri</span> <span class='ocrx_word' id='word_1_88' title='bbox 868 635 1019 670; x_wconf 88' lang='lat' dir='ltr'>Henrici</span> <span class='ocrx_word' id='word_1_89' title='bbox 1038 648 1081 670; x_wconf 87' lang='lat' dir='ltr'>ex</span> <span class='ocrx_word' id='word_1_90' title='bbox 1096 641 1196 682; x_wconf 85' lang='lat' dir='ltr'>parte</span> <span class='ocrx_word' id='word_1_91' title='bbox 1218 634 1384 670; x_wconf 88' lang='lat' dir='ltr'>orientali</span> <span class='ocrx_word' id='word_1_92' title='bbox 1404 655 1411 663; x_wconf 92' lang='lat'><strong>·</strong></span> <span class='ocrx_word' id='word_1_93' title='bbox 1432 641 1467 671; x_wconf 89' lang='lat' dir='ltr'>et</span> <span class='ocrx_word' id='word_1_94' title='bbox 1485 642 1639 683; x_wconf 85' lang='lat' dir='ltr'>quatuor</span> <span class='ocrx_word' id='word_1_95' title='bbox 1657 638 1783 675; x_wconf 83' lang='lat' dir='ltr'>bothas</span> 
     </span>
     <span class='ocr_line' id='line_1_10' title="bbox 277 692 1782 744; baseline 0.001 -13"><span class='ocrx_word' id='word_1_96' title='bbox 277 696 380 744; x_wconf 90' lang='lat' dir='ltr'>super</span> <span class='ocrx_word' id='word_1_97' title='bbox 398 702 529 731; x_wconf 88' lang='lat' dir='ltr'>terram</span> <span class='ocrx_word' id='word_1_98' title='bbox 549 709 617 743; x_wconf 90' lang='lat' dir='ltr'>que</span> <span class='ocrx_word' id='word_1_99' title='bbox 639 695 735 742; x_wconf 90' lang='lat' dir='ltr'>jacet</span> <span class='ocrx_word' id='word_1_100' title='bbox 756 694 861 742; x_wconf 85' lang='lat' dir='ltr'>juxta</span> <span class='ocrx_word' id='word_1_101' title='bbox 885 706 1027 728; x_wconf 89' lang='lat' dir='ltr'>crucem</span> <span class='ocrx_word' id='word_1_102' title='bbox 1047 692 1203 740; x_wconf 82' lang='lat' dir='ltr'>ligneam</span> <span class='ocrx_word' id='word_1_103' title='bbox 1229 693 1322 728; x_wconf 88' lang='lat' dir='ltr'>inter</span> <span class='ocrx_word' id='word_1_104' title='bbox 1346 698 1477 728; x_wconf 87' lang='lat' dir='ltr'>terram</span> <span class='ocrx_word' id='word_1_105' title='bbox 1498 694 1698 731; x_wconf 86' lang='lat' dir='ltr'>Alexandri</span> <span class='ocrx_word' id='word_1_106' title='bbox 1718 696 1782 733; x_wconf 89' lang='lat' dir='ltr'>Fe-</span> 
     </span>
     <span class='ocr_line' id='line_1_11' title="bbox 278 750 1781 802; baseline 0.001 -14"><span class='ocrx_word' id='word_1_107' title='bbox 278 753 427 802; x_wconf 78' lang='lat' dir='ltr'>mayster</span> <span class='ocrx_word' id='word_1_108' title='bbox 446 767 489 789; x_wconf 89' lang='lat' dir='ltr'>ex</span> <span class='ocrx_word' id='word_1_109' title='bbox 504 759 604 801; x_wconf 88' lang='lat' dir='ltr'>parte</span> <span class='ocrx_word' id='word_1_110' title='bbox 619 752 831 788; x_wconf 86' lang='lat' dir='ltr'>occidentali</span> <span class='ocrx_word' id='word_1_111' title='bbox 844 756 879 786; x_wconf 91' lang='lat' dir='ltr'>et</span> <span class='ocrx_word' id='word_1_112' title='bbox 893 763 1085 785; x_wconf 89' lang='lat' dir='ltr'>commune</span> <span class='ocrx_word' id='word_1_113' title='bbox 1099 750 1216 786; x_wconf 86' lang='lat' dir='ltr'>forum</span> <span class='ocrx_word' id='word_1_114' title='bbox 1237 764 1280 786; x_wconf 90' lang='lat' dir='ltr'>ex</span> <span class='ocrx_word' id='word_1_115' title='bbox 1295 757 1394 799; x_wconf 86' lang='lat' dir='ltr'>parte</span> <span class='ocrx_word' id='word_1_116' title='bbox 1409 752 1574 787; x_wconf 86' lang='lat' dir='ltr'>orientali</span> <span class='ocrx_word' id='word_1_117' title='bbox 1594 773 1602 780; x_wconf 95' lang='lat'><strong>·</strong></span> <span class='ocrx_word' id='word_1_118' title='bbox 1622 767 1662 789; x_wconf 88' lang='lat' dir='ltr'>ae</span> <span class='ocrx_word' id='word_1_119' title='bbox 1675 755 1781 790; x_wconf 87' lang='lat' dir='ltr'>etiam</span> 
     </span>
     <span class='ocr_line' id='line_1_12' title="bbox 277 808 1782 857; baseline 0.001 -11"><span class='ocrx_word' id='word_1_120' title='bbox 277 811 321 846; x_wconf 90' lang='lat' dir='ltr'>de</span> <span class='ocrx_word' id='word_1_121' title='bbox 349 811 513 846; x_wconf 86' lang='lat' dir='ltr'>omnibus</span> <span class='ocrx_word' id='word_1_122' title='bbox 540 816 575 846; x_wconf 91' lang='lat' dir='ltr'>et</span> <span class='ocrx_word' id='word_1_123' title='bbox 601 809 744 857; x_wconf 85' lang='lat' dir='ltr'>singulis</span> <span class='ocrx_word' id='word_1_124' title='bbox 771 809 968 844; x_wconf 84' lang='lat' dir='ltr'>redditibus</span> <span class='ocrx_word' id='word_1_125' title='bbox 987 821 1076 855; x_wconf 86' lang='lat' dir='ltr'>quos</span> <span class='ocrx_word' id='word_1_126' title='bbox 1100 808 1285 844; x_wconf 76' lang='lat' dir='ltr'>annuatim</span> <span class='ocrx_word' id='word_1_127' title='bbox 1304 809 1379 857; x_wconf 90' lang='lat' dir='ltr'>jam</span> <span class='ocrx_word' id='word_1_128' title='bbox 1405 810 1562 857; x_wconf 85' lang='lat' dir='ltr'>percipio</span> <span class='ocrx_word' id='word_1_129' title='bbox 1589 811 1646 846; x_wconf 90' lang='lat' dir='ltr'>vel</span> <span class='ocrx_word' id='word_1_130' title='bbox 1668 812 1705 847; x_wconf 89' lang='lat' dir='ltr'>in</span> <span class='ocrx_word' id='word_1_131' title='bbox 1729 813 1782 849; x_wconf 88' lang='lat' dir='ltr'>su-</span> 
     </span>
     <span class='ocr_line' id='line_1_13' title="bbox 276 866 1782 917; baseline 0.001 -13"><span class='ocrx_word' id='word_1_132' title='bbox 276 874 397 904; x_wconf 87' lang='lat' dir='ltr'>turum</span> <span class='ocrx_word' id='word_1_133' title='bbox 417 869 599 917; x_wconf 89' lang='lat' dir='ltr'>percipere</span> <span class='ocrx_word' id='word_1_134' title='bbox 618 874 745 916; x_wconf 91' lang='lat' dir='ltr'>potero</span> <span class='ocrx_word' id='word_1_135' title='bbox 760 867 1056 914; x_wconf 81' lang='lat' dir='ltr'>qualitercunque</span> <span class='ocrx_word' id='word_1_136' title='bbox 1076 886 1084 894; x_wconf 94' lang='lat'><strong>·</strong></span> <span class='ocrx_word' id='word_1_137' title='bbox 1104 872 1140 902; x_wconf 85' lang='lat' dir='ltr'>et</span> <span class='ocrx_word' id='word_1_138' title='bbox 1159 866 1202 902; x_wconf 90' lang='lat' dir='ltr'>de</span> <span class='ocrx_word' id='word_1_139' title='bbox 1216 866 1482 915; x_wconf 86' lang='lat' dir='ltr'>quibuscunque</span> <span class='ocrx_word' id='word_1_140' title='bbox 1496 868 1676 917; x_wconf 85' lang='lat' dir='ltr'>burgagiis</span> <span class='ocrx_word' id='word_1_141' title='bbox 1690 870 1782 906; x_wconf 88' lang='lat' dir='ltr'>infra</span> 
     </span>
     <span class='ocr_line' id='line_1_14' title="bbox 275 924 1781 974; baseline 0.003 -14"><span class='ocrx_word' id='word_1_142' title='bbox 275 927 428 973; x_wconf 85' lang='lat' dir='ltr'>burgum</span> <span class='ocrx_word' id='word_1_143' title='bbox 457 927 501 962; x_wconf 87' lang='lat' dir='ltr'>de</span> <span class='ocrx_word' id='word_1_144' title='bbox 522 926 638 974; x_wconf 76' lang='lat' dir='ltr'>Elgyn</span> <span class='ocrx_word' id='word_1_145' title='bbox 659 945 666 953; x_wconf 94' lang='lat'><strong>·</strong></span> <span class='ocrx_word' id='word_1_146' title='bbox 695 938 761 961; x_wconf 87' lang='lat' dir='ltr'>nec</span> <span class='ocrx_word' id='word_1_147' title='bbox 788 938 862 960; x_wconf 88' lang='lat' dir='ltr'>non</span> <span class='ocrx_word' id='word_1_148' title='bbox 888 925 932 960; x_wconf 92' lang='lat' dir='ltr'>de</span> <span class='ocrx_word' id='word_1_149' title='bbox 956 924 1068 959; x_wconf 87' lang='lat' dir='ltr'>firmis</span> <span class='ocrx_word' id='word_1_150' title='bbox 1086 924 1214 972; x_wconf 87' lang='lat' dir='ltr'>viginti</span> <span class='ocrx_word' id='word_1_151' title='bbox 1242 925 1439 960; x_wconf 85' lang='lat' dir='ltr'>croftorum</span> <span class='ocrx_word' id='word_1_152' title='bbox 1461 925 1660 973; x_wconf 87' lang='lat' dir='ltr'>jacentium</span> <span class='ocrx_word' id='word_1_153' title='bbox 1687 928 1781 964; x_wconf 87' lang='lat' dir='ltr'>inter</span> 
     </span>
     <span class='ocr_line' id='line_1_15' title="bbox 274 982 1780 1032; baseline 0.002 -13"><span class='ocrx_word' id='word_1_154' title='bbox 274 985 406 1019; x_wconf 88' lang='lat' dir='ltr'>crostos</span> <span class='ocrx_word' id='word_1_155' title='bbox 435 984 478 1019; x_wconf 90' lang='lat' dir='ltr'>de</span> <span class='ocrx_word' id='word_1_156' title='bbox 507 984 624 1031; x_wconf 84' lang='lat' dir='ltr'>Elgyn</span> <span class='ocrx_word' id='word_1_157' title='bbox 656 997 699 1018; x_wconf 86' lang='lat' dir='ltr'>cx</span> <span class='ocrx_word' id='word_1_158' title='bbox 731 988 830 1031; x_wconf 85' lang='lat' dir='ltr'>parte</span> <span class='ocrx_word' id='word_1_159' title='bbox 861 982 1002 1017; x_wconf 87' lang='lat' dir='ltr'>australi</span> <span class='ocrx_word' id='word_1_160' title='bbox 1031 982 1186 1030; x_wconf 91' lang='lat' dir='ltr'>ejusdem</span> <span class='ocrx_word' id='word_1_161' title='bbox 1214 983 1322 1030; x_wconf 90' lang='lat' dir='ltr'>usque</span> <span class='ocrx_word' id='word_1_162' title='bbox 1349 983 1393 1018; x_wconf 86' lang='lat' dir='ltr'>ad</span> <span class='ocrx_word' id='word_1_163' title='bbox 1421 982 1592 1019; x_wconf 89' lang='lat' dir='ltr'>marifiam</span> <span class='ocrx_word' id='word_1_164' title='bbox 1617 990 1780 1032; x_wconf 87' lang='lat' dir='ltr'>petarum</span> 
     </span>
     <span class='ocr_line' id='line_1_16' title="bbox 276 1041 1781 1091; baseline 0.001 -14"><span class='ocrx_word' id='word_1_165' title='bbox 276 1042 308 1077; x_wconf 89' lang='lat' dir='ltr'>se</span> <span class='ocrx_word' id='word_1_166' title='bbox 328 1042 598 1077; x_wconf 86' lang='lat' dir='ltr'>extendentium</span> <span class='ocrx_word' id='word_1_167' title='bbox 618 1061 626 1069; x_wconf 91' lang='lat'><strong>·</strong></span> <span class='ocrx_word' id='word_1_168' title='bbox 655 1041 714 1076; x_wconf 93' lang='lat' dir='ltr'>De</span> <span class='ocrx_word' id='word_1_169' title='bbox 732 1054 886 1088; x_wconf 90' lang='lat' dir='ltr'>quorum</span> <span class='ocrx_word' id='word_1_170' title='bbox 910 1041 1116 1076; x_wconf 88' lang='lat' dir='ltr'>reddituum</span> <span class='ocrx_word' id='word_1_171' title='bbox 1143 1046 1178 1076; x_wconf 90' lang='lat' dir='ltr'>et</span> <span class='ocrx_word' id='word_1_172' title='bbox 1202 1041 1400 1076; x_wconf 86' lang='lat' dir='ltr'>croftorum</span> <span class='ocrx_word' id='word_1_173' title='bbox 1419 1042 1625 1089; x_wconf 85' lang='lat' dir='ltr'>cognitione</span> <span class='ocrx_word' id='word_1_174' title='bbox 1648 1043 1781 1091; x_wconf 90' lang='lat' dir='ltr'>liquide</span> 
     </span>
     <span class='ocr_line' id='line_1_17' title="bbox 275 1098 1781 1147; baseline 0.002 -13"><span class='ocrx_word' id='word_1_175' title='bbox 275 1105 372 1147; x_wconf 84' lang='lat' dir='ltr'>patet</span> <span class='ocrx_word' id='word_1_176' title='bbox 389 1099 449 1134; x_wconf 89' lang='lat' dir='ltr'>ubi</span> <span class='ocrx_word' id='word_1_177' title='bbox 471 1099 594 1147; x_wconf 89' lang='lat' dir='ltr'>jacent</span> <span class='ocrx_word' id='word_1_178' title='bbox 613 1104 648 1134; x_wconf 92' lang='lat' dir='ltr'>et</span> <span class='ocrx_word' id='word_1_179' title='bbox 667 1099 844 1134; x_wconf 89' lang='lat' dir='ltr'>debentur</span> <span class='ocrx_word' id='word_1_180' title='bbox 862 1098 996 1134; x_wconf 83' lang='lat' dir='ltr'>constat</span> <span class='ocrx_word' id='word_1_181' title='bbox 1015 1104 1050 1134; x_wconf 87' lang='lat' dir='ltr'>et</span> <span class='ocrx_word' id='word_1_182' title='bbox 1069 1098 1249 1134; x_wconf 89' lang='lat' dir='ltr'>constabat</span> <span class='ocrx_word' id='word_1_183' title='bbox 1273 1112 1336 1147; x_wconf 87' lang='lat' dir='ltr'>per</span> <span class='ocrx_word' id='word_1_184' title='bbox 1354 1100 1532 1146; x_wconf 87' lang='lat' dir='ltr'>quandam</span> <span class='ocrx_word' id='word_1_185' title='bbox 1553 1100 1781 1137; x_wconf 89' lang='lat' dir='ltr'>indenturam</span> 
     </span>
     <span class='ocr_line' id='line_1_18' title="bbox 274 1157 1781 1205; baseline 0.003 -14"><span class='ocrx_word' id='word_1_186' title='bbox 274 1157 367 1192; x_wconf 81' lang='lat' dir='ltr'>inter</span> <span class='ocrx_word' id='word_1_187' title='bbox 386 1170 442 1192; x_wconf 91' lang='lat' dir='ltr'>me</span> <span class='ocrx_word' id='word_1_188' title='bbox 461 1163 496 1192; x_wconf 88' lang='lat' dir='ltr'>et</span> <span class='ocrx_word' id='word_1_189' title='bbox 521 1157 705 1192; x_wconf 89' lang='lat' dir='ltr'>dominum</span> <span class='ocrx_word' id='word_1_190' title='bbox 732 1157 956 1205; x_wconf 85' lang='lat' dir='ltr'>capellanum</span> <span class='ocrx_word' id='word_1_191' title='bbox 981 1157 1239 1192; x_wconf 86' lang='lat' dir='ltr'>conficiendam</span> <span class='ocrx_word' id='word_1_192' title='bbox 1264 1170 1328 1205; x_wconf 92' lang='lat' dir='ltr'>per</span> <span class='ocrx_word' id='word_1_193' title='bbox 1352 1171 1409 1193; x_wconf 91' lang='lat' dir='ltr'>me</span> <span class='ocrx_word' id='word_1_194' title='bbox 1435 1158 1584 1194; x_wconf 87' lang='lat' dir='ltr'>heredes</span> <span class='ocrx_word' id='word_1_195' title='bbox 1607 1171 1705 1195; x_wconf 91' lang='lat' dir='ltr'>meos</span> <span class='ocrx_word' id='word_1_196' title='bbox 1723 1161 1781 1196; x_wconf 91' lang='lat' dir='ltr'>vel</span> 
     </span>
     <span class='ocr_line' id='line_1_19' title="bbox 275 1213 1781 1263; baseline 0.003 -14"><span class='ocrx_word' id='word_1_197' title='bbox 275 1213 461 1261; x_wconf 73' lang='lat' dir='ltr'>assignatos</span> <span class='ocrx_word' id='word_1_198' title='bbox 480 1215 537 1250; x_wconf 89' lang='lat' dir='ltr'>seu</span> <span class='ocrx_word' id='word_1_199' title='bbox 557 1215 785 1262; x_wconf 84' lang='lat' dir='ltr'>quoscunque</span> <span class='ocrx_word' id='word_1_200' title='bbox 804 1215 906 1250; x_wconf 90' lang='lat' dir='ltr'>nobis</span> <span class='ocrx_word' id='word_1_201' title='bbox 924 1215 1136 1251; x_wconf 78' lang='lat' dir='ltr'>successuros</span> <span class='ocrx_word' id='word_1_202' title='bbox 1151 1235 1159 1243; x_wconf 93' lang='lat'><strong>·</strong></span> <span class='ocrx_word' id='word_1_203' title='bbox 1179 1229 1268 1263; x_wconf 86' lang='lat' dir='ltr'>quos</span> <span class='ocrx_word' id='word_1_204' title='bbox 1287 1221 1322 1251; x_wconf 92' lang='lat' dir='ltr'>et</span> <span class='ocrx_word' id='word_1_205' title='bbox 1336 1229 1422 1263; x_wconf 83' lang='lat' dir='ltr'>quas</span> <span class='ocrx_word' id='word_1_206' title='bbox 1436 1221 1549 1251; x_wconf 86' lang='lat' dir='ltr'>terras</span> <span class='ocrx_word' id='word_1_207' title='bbox 1567 1222 1603 1252; x_wconf 91' lang='lat' dir='ltr'>et</span> <span class='ocrx_word' id='word_1_208' title='bbox 1620 1218 1781 1254; x_wconf 89' lang='lat' dir='ltr'>redditus</span> 
     </span>
     <span class='ocr_line' id='line_1_20' title="bbox 275 1272 1781 1324; baseline 0.002 -17"><span class='ocrx_word' id='word_1_209' title='bbox 275 1272 484 1320; x_wconf 82' lang='lat' dir='ltr'>prescriptos</span> <span class='ocrx_word' id='word_1_210' title='bbox 498 1273 542 1307; x_wconf 84' lang='lat' dir='ltr'>ad</span> <span class='ocrx_word' id='word_1_211' title='bbox 561 1273 773 1308; x_wconf 91' lang='lat' dir='ltr'>solutionem</span> <span class='ocrx_word' id='word_1_212' title='bbox 788 1273 1034 1321; x_wconf 58' lang='lat' dir='ltr'>predictorum</span> <span class='ocrx_word' id='word_1_213' title='bbox 1050 1279 1194 1309; x_wconf 88' lang='lat' dir='ltr'>centum</span> <span class='ocrx_word' id='word_1_214' title='bbox 1210 1273 1402 1309; x_wconf 85' lang='lat' dir='ltr'>solidorum</span> <span class='ocrx_word' id='word_1_215' title='bbox 1418 1274 1463 1309; x_wconf 88' lang='lat' dir='ltr'>ad</span> <span class='ocrx_word' id='word_1_216' title='bbox 1478 1275 1650 1310; x_wconf 81' lang='lat' dir='ltr'>terminos</span> <span class='ocrx_word' id='word_1_217' title='bbox 1664 1275 1781 1324; x_wconf 85' lang='lat' dir='ltr'>supra-</span> 
     </span>
     <span class='ocr_line' id='line_1_21' title="bbox 276 1331 1781 1380; baseline 0.003 -15"><span class='ocrx_word' id='word_1_218' title='bbox 276 1331 391 1366; x_wconf 66' lang='lat' dir='ltr'>dictos</span> <span class='ocrx_word' id='word_1_219' title='bbox 417 1331 578 1378; x_wconf 89' lang='lat' dir='ltr'>predicto</span> <span class='ocrx_word' id='word_1_220' title='bbox 606 1331 790 1379; x_wconf 86' lang='lat' dir='ltr'>capellano</span> <span class='ocrx_word' id='word_1_221' title='bbox 818 1331 1016 1367; x_wconf 85' lang='lat' dir='ltr'>faciendam</span> <span class='ocrx_word' id='word_1_222' title='bbox 1043 1331 1136 1367; x_wconf 84' lang='lat' dir='ltr'>infra</span> <span class='ocrx_word' id='word_1_223' title='bbox 1154 1332 1281 1379; x_wconf 87' lang='lat' dir='ltr'>viginti</span> <span class='ocrx_word' id='word_1_224' title='bbox 1306 1332 1379 1367; x_wconf 89' lang='lat' dir='ltr'>dies</span> <span class='ocrx_word' id='word_1_225' title='bbox 1404 1331 1480 1380; x_wconf 87' lang='lat' dir='ltr'>post</span> <span class='ocrx_word' id='word_1_226' title='bbox 1497 1332 1691 1379; x_wconf 91' lang='lat' dir='ltr'>quemlibet</span> <span class='ocrx_word' id='word_1_227' title='bbox 1711 1339 1781 1370; x_wconf 89' lang='lat' dir='ltr'>ter-</span> 
     </span>
     <span class='ocr_line' id='line_1_22' title="bbox 276 1388 1782 1438; baseline 0.003 -15"><span class='ocrx_word' id='word_1_228' title='bbox 276 1388 411 1423; x_wconf 85' lang='lat' dir='ltr'>minum</span> <span class='ocrx_word' id='word_1_229' title='bbox 431 1388 491 1423; x_wconf 94' lang='lat' dir='ltr'>sub</span> <span class='ocrx_word' id='word_1_230' title='bbox 507 1401 599 1436; x_wconf 88' lang='lat' dir='ltr'>pena</span> <span class='ocrx_word' id='word_1_231' title='bbox 617 1389 723 1424; x_wconf 91' lang='lat' dir='ltr'>unius</span> <span class='ocrx_word' id='word_1_232' title='bbox 742 1389 831 1424; x_wconf 89' lang='lat' dir='ltr'>libre</span> <span class='ocrx_word' id='word_1_233' title='bbox 850 1402 931 1424; x_wconf 93' lang='lat' dir='ltr'>cere</span> <span class='ocrx_word' id='word_1_234' title='bbox 950 1389 1096 1424; x_wconf 90' lang='lat' dir='ltr'>nomine</span> <span class='ocrx_word' id='word_1_235' title='bbox 1111 1403 1202 1438; x_wconf 90' lang='lat' dir='ltr'>pene</span> <span class='ocrx_word' id='word_1_236' title='bbox 1217 1409 1225 1417; x_wconf 93' lang='lat'><strong>·</strong></span> <span class='ocrx_word' id='word_1_237' title='bbox 1245 1389 1289 1424; x_wconf 91' lang='lat' dir='ltr'>ad</span> <span class='ocrx_word' id='word_1_238' title='bbox 1304 1389 1480 1425; x_wconf 88' lang='lat' dir='ltr'>luminare</span> <span class='ocrx_word' id='word_1_239' title='bbox 1494 1391 1647 1438; x_wconf 59' lang='lat' dir='ltr'>predicti</span> <span class='ocrx_word' id='word_1_240' title='bbox 1661 1391 1782 1428; x_wconf 88' lang='lat' dir='ltr'>altaris</span> 
     </span>
     <span class='ocr_line' id='line_1_23' title="bbox 276 1445 1782 1495; baseline 0.003 -15"><span class='ocrx_word' id='word_1_241' title='bbox 276 1445 417 1493; x_wconf 84' lang='lat' dir='ltr'>lingulis</span> <span class='ocrx_word' id='word_1_242' title='bbox 436 1446 559 1481; x_wconf 82' lang='lat' dir='ltr'>diebus</span> <span class='ocrx_word' id='word_1_243' title='bbox 578 1446 653 1494; x_wconf 87' lang='lat' dir='ltr'>post</span> <span class='ocrx_word' id='word_1_244' title='bbox 670 1447 797 1494; x_wconf 80' lang='lat' dir='ltr'>viginti</span> <span class='ocrx_word' id='word_1_245' title='bbox 817 1447 892 1482; x_wconf 91' lang='lat' dir='ltr'>dies</span> <span class='ocrx_word' id='word_1_246' title='bbox 911 1447 1132 1495; x_wconf 62' lang='lat' dir='ltr'>supradietos</span> <span class='ocrx_word' id='word_1_247' title='bbox 1151 1447 1279 1495; x_wconf 89' lang='lat' dir='ltr'>quibus</span> <span class='ocrx_word' id='word_1_248' title='bbox 1298 1447 1333 1483; x_wconf 90' lang='lat' dir='ltr'>in</span> <span class='ocrx_word' id='word_1_249' title='bbox 1353 1447 1529 1483; x_wconf 87' lang='lat' dir='ltr'>solutione</span> <span class='ocrx_word' id='word_1_250' title='bbox 1548 1448 1656 1484; x_wconf 87' lang='lat' dir='ltr'>fuerit</span> <span class='ocrx_word' id='word_1_251' title='bbox 1680 1450 1782 1485; x_wconf 51' lang='lat' dir='ltr'>ceffae</span> 
     </span>
     <span class='ocr_line' id='line_1_24' title="bbox 276 1504 1780 1554; baseline 0.003 -16"><span class='ocrx_word' id='word_1_252' title='bbox 276 1511 352 1539; x_wconf 89' lang='lat' dir='ltr'>tum</span> <span class='ocrx_word' id='word_1_253' title='bbox 381 1504 588 1552; x_wconf 84' lang='lat' dir='ltr'>applicando</span> <span class='ocrx_word' id='word_1_254' title='bbox 609 1524 616 1532; x_wconf 92' lang='lat'><em>·</em></span> <span class='ocrx_word' id='word_1_255' title='bbox 646 1504 836 1540; x_wconf 62' lang='lat' dir='ltr'>districtius</span> <span class='ocrx_word' id='word_1_256' title='bbox 865 1505 985 1553; x_wconf 91' lang='lat' dir='ltr'>obligo</span> <span class='ocrx_word' id='word_1_257' title='bbox 1017 1518 1080 1553; x_wconf 90' lang='lat' dir='ltr'>per</span> <span class='ocrx_word' id='word_1_258' title='bbox 1108 1505 1286 1554; x_wconf 86' lang='lat' dir='ltr'>presentes</span> <span class='ocrx_word' id='word_1_259' title='bbox 1305 1525 1313 1533; x_wconf 92' lang='lat'><strong>·</strong></span> <span class='ocrx_word' id='word_1_260' title='bbox 1343 1505 1512 1541; x_wconf 89' lang='lat' dir='ltr'>Preterea</span> <span class='ocrx_word' id='word_1_261' title='bbox 1543 1506 1589 1542; x_wconf 91' lang='lat' dir='ltr'>do</span> <span class='ocrx_word' id='word_1_262' title='bbox 1621 1508 1780 1543; x_wconf 90' lang='lat' dir='ltr'>concedo</span> 
     </span>
     <span class='ocr_line' id='line_1_25' title="bbox 278 1562 1781 1612; baseline 0.003 -16"><span class='ocrx_word' id='word_1_263' title='bbox 278 1568 313 1597; x_wconf 86' lang='lat' dir='ltr'>et</span> <span class='ocrx_word' id='word_1_264' title='bbox 331 1575 394 1610; x_wconf 87' lang='lat' dir='ltr'>per</span> <span class='ocrx_word' id='word_1_265' title='bbox 413 1562 590 1609; x_wconf 83' lang='lat' dir='ltr'>presentes</span> <span class='ocrx_word' id='word_1_266' title='bbox 608 1562 782 1598; x_wconf 88' lang='lat' dir='ltr'>confirmo</span> <span class='ocrx_word' id='word_1_267' title='bbox 802 1563 901 1598; x_wconf 64' lang='lat' dir='ltr'>dieto</span> <span class='ocrx_word' id='word_1_268' title='bbox 927 1563 1112 1611; x_wconf 86' lang='lat' dir='ltr'>capellano</span> <span class='ocrx_word' id='word_1_269' title='bbox 1131 1564 1190 1611; x_wconf 90' lang='lat' dir='ltr'>qui</span> <span class='ocrx_word' id='word_1_270' title='bbox 1217 1577 1283 1612; x_wconf 91' lang='lat' dir='ltr'>pro</span> <span class='ocrx_word' id='word_1_271' title='bbox 1303 1569 1464 1612; x_wconf 88' lang='lat' dir='ltr'>tempore</span> <span class='ocrx_word' id='word_1_272' title='bbox 1482 1564 1590 1599; x_wconf 85' lang='lat' dir='ltr'>fuerit</span> <span class='ocrx_word' id='word_1_273' title='bbox 1614 1570 1650 1600; x_wconf 90' lang='lat' dir='ltr'>et</span> <span class='ocrx_word' id='word_1_274' title='bbox 1668 1566 1781 1601; x_wconf 90' lang='lat' dir='ltr'>omni-</span> 
     </span>
     <span class='ocr_line' id='line_1_26' title="bbox 277 1619 1780 1671; baseline 0.003 -17"><span class='ocrx_word' id='word_1_275' title='bbox 277 1621 342 1655; x_wconf 83' lang='lat' dir='ltr'>bus</span> <span class='ocrx_word' id='word_1_276' title='bbox 360 1619 548 1667; x_wconf 84' lang='lat' dir='ltr'>capellanis</span> <span class='ocrx_word' id='word_1_277' title='bbox 567 1619 625 1655; x_wconf 87' lang='lat' dir='ltr'>fibi</span> <span class='ocrx_word' id='word_1_278' title='bbox 644 1620 845 1656; x_wconf 82' lang='lat' dir='ltr'>successuris</span> <span class='ocrx_word' id='word_1_279' title='bbox 863 1634 976 1657; x_wconf 91' lang='lat' dir='ltr'>unum</span> <span class='ocrx_word' id='word_1_280' title='bbox 995 1621 1208 1669; x_wconf 84' lang='lat' dir='ltr'>burgagium</span> <span class='ocrx_word' id='word_1_281' title='bbox 1228 1622 1432 1657; x_wconf 85' lang='lat' dir='ltr'>edificatum</span> <span class='ocrx_word' id='word_1_282' title='bbox 1458 1635 1539 1657; x_wconf 90' lang='lat' dir='ltr'>cum</span> <span class='ocrx_word' id='word_1_283' title='bbox 1558 1636 1640 1658; x_wconf 86' lang='lat' dir='ltr'>area</span> <span class='ocrx_word' id='word_1_284' title='bbox 1656 1622 1780 1671; x_wconf 85' lang='lat' dir='ltr'>jacens</span> 
     </span>
     <span class='ocr_line' id='line_1_27' title="bbox 279 1677 1780 1728; baseline 0.003 -16"><span class='ocrx_word' id='word_1_285' title='bbox 279 1679 371 1713; x_wconf 90' lang='lat' dir='ltr'>inter</span> <span class='ocrx_word' id='word_1_286' title='bbox 389 1683 518 1712; x_wconf 83' lang='lat' dir='ltr'>terram</span> <span class='ocrx_word' id='word_1_287' title='bbox 540 1677 681 1714; x_wconf 88' lang='lat' dir='ltr'>Thome</span> <span class='ocrx_word' id='word_1_288' title='bbox 706 1679 783 1714; x_wconf 87' lang='lat' dir='ltr'>Stul</span> <span class='ocrx_word' id='word_1_289' title='bbox 808 1692 852 1715; x_wconf 89' lang='lat' dir='ltr'>ex</span> <span class='ocrx_word' id='word_1_290' title='bbox 875 1684 976 1728; x_wconf 90' lang='lat' dir='ltr'>parte</span> <span class='ocrx_word' id='word_1_291' title='bbox 1004 1680 1216 1715; x_wconf 87' lang='lat' dir='ltr'>occidentali</span> <span class='ocrx_word' id='word_1_292' title='bbox 1243 1685 1279 1715; x_wconf 91' lang='lat' dir='ltr'>et</span> <span class='ocrx_word' id='word_1_293' title='bbox 1301 1685 1432 1715; x_wconf 85' lang='lat' dir='ltr'>terram</span> <span class='ocrx_word' id='word_1_294' title='bbox 1452 1680 1633 1727; x_wconf 82' lang='lat' dir='ltr'>quondam</span> <span class='ocrx_word' id='word_1_295' title='bbox 1658 1680 1780 1728; x_wconf 86' lang='lat' dir='ltr'>Symo-</span> 
     </span>
     <span class='ocr_line' id='line_1_28' title="bbox 280 1735 1781 1785; baseline 0.002 -15"><span class='ocrx_word' id='word_1_296' title='bbox 280 1736 334 1771; x_wconf 86' lang='lat' dir='ltr'>nis</span> <span class='ocrx_word' id='word_1_297' title='bbox 372 1735 466 1771; x_wconf 90' lang='lat' dir='ltr'>Burr</span> <span class='ocrx_word' id='word_1_298' title='bbox 478 1749 522 1771; x_wconf 87' lang='lat' dir='ltr'>ex</span> <span class='ocrx_word' id='word_1_299' title='bbox 549 1741 649 1783; x_wconf 86' lang='lat' dir='ltr'>parte</span> <span class='ocrx_word' id='word_1_300' title='bbox 672 1737 837 1772; x_wconf 89' lang='lat' dir='ltr'>orientali</span> <span class='ocrx_word' id='word_1_301' title='bbox 861 1750 926 1785; x_wconf 87' lang='lat' dir='ltr'>pro</span> <span class='ocrx_word' id='word_1_302' title='bbox 954 1737 1156 1773; x_wconf 87' lang='lat' dir='ltr'>habitaculo</span> <span class='ocrx_word' id='word_1_303' title='bbox 1184 1738 1245 1773; x_wconf 92' lang='lat' dir='ltr'>suo</span> <span class='ocrx_word' id='word_1_304' title='bbox 1269 1738 1466 1773; x_wconf 89' lang='lat' dir='ltr'>tenendum</span> <span class='ocrx_word' id='word_1_305' title='bbox 1494 1743 1529 1773; x_wconf 91' lang='lat' dir='ltr'>et</span> <span class='ocrx_word' id='word_1_306' title='bbox 1559 1751 1672 1773; x_wconf 89' lang='lat' dir='ltr'>unum</span> <span class='ocrx_word' id='word_1_307' title='bbox 1691 1739 1781 1774; x_wconf 90' lang='lat' dir='ltr'>crof-</span> 
     </span>
     <span class='ocr_line' id='line_1_29' title="bbox 279 1792 1782 1844; baseline 0.002 -16"><span class='ocrx_word' id='word_1_308' title='bbox 279 1800 355 1829; x_wconf 80' lang='lat' dir='ltr'>tum</span> <span class='ocrx_word' id='word_1_309' title='bbox 375 1792 435 1841; x_wconf 87' lang='lat' dir='ltr'>ipfi</span> <span class='ocrx_word' id='word_1_310' title='bbox 452 1793 654 1828; x_wconf 84' lang='lat' dir='ltr'>habitaculo</span> <span class='ocrx_word' id='word_1_311' title='bbox 672 1792 882 1841; x_wconf 86' lang='lat' dir='ltr'>assignatum</span> <span class='ocrx_word' id='word_1_312' title='bbox 906 1808 1085 1831; x_wconf 89' lang='lat' dir='ltr'>annexum</span> <span class='ocrx_word' id='word_1_313' title='bbox 1110 1801 1146 1831; x_wconf 92' lang='lat' dir='ltr'>et</span> <span class='ocrx_word' id='word_1_314' title='bbox 1169 1795 1310 1831; x_wconf 86' lang='lat' dir='ltr'>unitum</span> <span class='ocrx_word' id='word_1_315' title='bbox 1331 1795 1512 1844; x_wconf 86' lang='lat' dir='ltr'>jacentem</span> <span class='ocrx_word' id='word_1_316' title='bbox 1537 1796 1630 1831; x_wconf 91' lang='lat' dir='ltr'>inter</span> <span class='ocrx_word' id='word_1_317' title='bbox 1648 1796 1782 1832; x_wconf 85' lang='lat' dir='ltr'>croftos</span> 
     </span>
     <span class='ocr_line' id='line_1_30' title="bbox 281 1851 1782 1901; baseline 0.001 -14"><span class='ocrx_word' id='word_1_318' title='bbox 281 1852 325 1887; x_wconf 91' lang='lat' dir='ltr'>de</span> <span class='ocrx_word' id='word_1_319' title='bbox 345 1851 462 1899; x_wconf 81' lang='lat' dir='ltr'>Elgyn</span> <span class='ocrx_word' id='word_1_320' title='bbox 482 1864 525 1886; x_wconf 86' lang='lat' dir='ltr'>ex</span> <span class='ocrx_word' id='word_1_321' title='bbox 543 1857 642 1899; x_wconf 88' lang='lat' dir='ltr'>parte</span> <span class='ocrx_word' id='word_1_322' title='bbox 661 1852 800 1887; x_wconf 89' lang='lat' dir='ltr'>australi</span> <span class='ocrx_word' id='word_1_323' title='bbox 820 1853 913 1888; x_wconf 87' lang='lat' dir='ltr'>inter</span> <span class='ocrx_word' id='word_1_324' title='bbox 931 1858 1061 1888; x_wconf 87' lang='lat' dir='ltr'>terram</span> <span class='ocrx_word' id='word_1_325' title='bbox 1081 1853 1257 1890; x_wconf 87' lang='lat' dir='ltr'>Johannis</span> <span class='ocrx_word' id='word_1_326' title='bbox 1276 1853 1362 1889; x_wconf 87' lang='lat' dir='ltr'>Blac</span> <span class='ocrx_word' id='word_1_327' title='bbox 1381 1866 1425 1889; x_wconf 88' lang='lat' dir='ltr'>ex</span> <span class='ocrx_word' id='word_1_328' title='bbox 1442 1859 1543 1901; x_wconf 92' lang='lat' dir='ltr'>parte</span> <span class='ocrx_word' id='word_1_329' title='bbox 1561 1853 1727 1889; x_wconf 85' lang='lat' dir='ltr'>orientali</span> <span class='ocrx_word' id='word_1_330' title='bbox 1746 1859 1782 1890; x_wconf 88' lang='lat' dir='ltr'>et</span> 
     </span>
     <span class='ocr_line' id='line_1_31' title="bbox 280 1908 1782 1959; baseline 0.001 -14"><span class='ocrx_word' id='word_1_331' title='bbox 280 1916 411 1945; x_wconf 84' lang='lat' dir='ltr'>terram</span> <span class='ocrx_word' id='word_1_332' title='bbox 433 1909 541 1944; x_wconf 89' lang='lat' dir='ltr'>Anne</span> <span class='ocrx_word' id='word_1_333' title='bbox 562 1908 663 1944; x_wconf 85' lang='lat' dir='ltr'>Brun</span> <span class='ocrx_word' id='word_1_334' title='bbox 682 1923 725 1944; x_wconf 83' lang='lat' dir='ltr'>ex</span> <span class='ocrx_word' id='word_1_335' title='bbox 745 1916 844 1958; x_wconf 90' lang='lat' dir='ltr'>parte</span> <span class='ocrx_word' id='word_1_336' title='bbox 864 1911 1077 1946; x_wconf 86' lang='lat' dir='ltr'>occidentali</span> <span class='ocrx_word' id='word_1_337' title='bbox 1096 1911 1141 1946; x_wconf 93' lang='lat' dir='ltr'>ad</span> <span class='ocrx_word' id='word_1_338' title='bbox 1159 1911 1260 1947; x_wconf 87' lang='lat' dir='ltr'>usum</span> <span class='ocrx_word' id='word_1_339' title='bbox 1280 1911 1378 1947; x_wconf 90' lang='lat' dir='ltr'>suum</span> <span class='ocrx_word' id='word_1_340' title='bbox 1405 1911 1589 1959; x_wconf 90' lang='lat' dir='ltr'>proprium</span> <span class='ocrx_word' id='word_1_341' title='bbox 1616 1916 1651 1946; x_wconf 92' lang='lat' dir='ltr'>et</span> <span class='ocrx_word' id='word_1_342' title='bbox 1670 1911 1782 1959; x_wconf 89' lang='lat' dir='ltr'>dispo·</span> 
     </span>
     <span class='ocr_line' id='line_1_32' title="bbox 281 1967 1782 2016; baseline 0 -13"><span class='ocrx_word' id='word_1_343' title='bbox 281 1967 439 2003; x_wconf 88' lang='lat' dir='ltr'>fitionem</span> <span class='ocrx_word' id='word_1_344' title='bbox 465 1967 748 2002; x_wconf 87' lang='lat' dir='ltr'>convertendum</span> <span class='ocrx_word' id='word_1_345' title='bbox 768 1968 804 2003; x_wconf 90' lang='lat' dir='ltr'>in</span> <span class='ocrx_word' id='word_1_346' title='bbox 822 1974 1034 2016; x_wconf 89' lang='lat' dir='ltr'>perpetuum</span> <span class='ocrx_word' id='word_1_347' title='bbox 1055 1983 1075 2004; x_wconf 89' lang='lat' dir='ltr'>a</span> <span class='ocrx_word' id='word_1_348' title='bbox 1092 1982 1149 2004; x_wconf 91' lang='lat' dir='ltr'>me</span> <span class='ocrx_word' id='word_1_349' title='bbox 1168 1975 1204 2004; x_wconf 88' lang='lat' dir='ltr'>et</span> <span class='ocrx_word' id='word_1_350' title='bbox 1221 1969 1411 2004; x_wconf 87' lang='lat' dir='ltr'>heredibus</span> <span class='ocrx_word' id='word_1_351' title='bbox 1430 1969 1516 2004; x_wconf 86' lang='lat' dir='ltr'>meis</span> <span class='ocrx_word' id='word_1_352' title='bbox 1536 1988 1543 1997; x_wconf 93' lang='lat'><strong>·</strong></span> <span class='ocrx_word' id='word_1_353' title='bbox 1571 1969 1681 2004; x_wconf 88' lang='lat' dir='ltr'>nichil</span> <span class='ocrx_word' id='word_1_354' title='bbox 1698 1969 1782 2004; x_wconf 91' lang='lat' dir='ltr'>inde</span> 
     </span>
     <span class='ocr_line' id='line_1_33' title="bbox 281 2025 1783 2075; baseline 0.001 -14"><span class='ocrx_word' id='word_1_355' title='bbox 281 2025 449 2061; x_wconf 90' lang='lat' dir='ltr'>solvendo</span> <span class='ocrx_word' id='word_1_356' title='bbox 468 2030 587 2072; x_wconf 87' lang='lat' dir='ltr'>preter</span> <span class='ocrx_word' id='word_1_357' title='bbox 605 2025 761 2071; x_wconf 89' lang='lat' dir='ltr'>quinque</span> <span class='ocrx_word' id='word_1_358' title='bbox 776 2026 940 2061; x_wconf 88' lang='lat' dir='ltr'>denarios</span> <span class='ocrx_word' id='word_1_359' title='bbox 959 2027 1106 2062; x_wconf 89' lang='lat' dir='ltr'>domino</span> <span class='ocrx_word' id='word_1_360' title='bbox 1127 2027 1220 2074; x_wconf 86' lang='lat' dir='ltr'>Regi</span> <span class='ocrx_word' id='word_1_361' title='bbox 1240 2047 1248 2055; x_wconf 92' lang='lat'><em>-</em></span> <span class='ocrx_word' id='word_1_362' title='bbox 1271 2027 1355 2062; x_wconf 90' lang='lat' dir='ltr'>Hoc</span> <span class='ocrx_word' id='word_1_363' title='bbox 1373 2027 1514 2075; x_wconf 87' lang='lat' dir='ltr'>insuper</span> <span class='ocrx_word' id='word_1_364' title='bbox 1531 2026 1674 2075; x_wconf 67' lang='lat' dir='ltr'>adjecto</span> <span class='ocrx_word' id='word_1_365' title='bbox 1686 2027 1783 2074; x_wconf 91' lang='lat' dir='ltr'>quod</span> 
     </span>
     <span class='ocr_line' id='line_1_34' title="bbox 281 2082 1783 2132; baseline -0.001 -12"><span class='ocrx_word' id='word_1_366' title='bbox 281 2083 484 2132; x_wconf 87' lang='lat' dir='ltr'>capellanus</span> <span class='ocrx_word' id='word_1_367' title='bbox 503 2082 726 2130; x_wconf 65' lang='lat' dir='ltr'>supradictus</span> <span class='ocrx_word' id='word_1_368' title='bbox 744 2088 780 2118; x_wconf 84' lang='lat' dir='ltr'>et</span> <span class='ocrx_word' id='word_1_369' title='bbox 800 2083 1008 2119; x_wconf 85' lang='lat' dir='ltr'>successores</span> <span class='ocrx_word' id='word_1_370' title='bbox 1026 2085 1076 2120; x_wconf 89' lang='lat' dir='ltr'>sui</span> <span class='ocrx_word' id='word_1_371' title='bbox 1094 2085 1315 2121; x_wconf 88' lang='lat' dir='ltr'>tenebuntur</span> <span class='ocrx_word' id='word_1_372' title='bbox 1328 2083 1472 2132; x_wconf 80' lang='lat' dir='ltr'>singulis</span> <span class='ocrx_word' id='word_1_373' title='bbox 1489 2084 1591 2119; x_wconf 88' lang='lat' dir='ltr'>annis</span> <span class='ocrx_word' id='word_1_374' title='bbox 1605 2084 1641 2119; x_wconf 92' lang='lat' dir='ltr'>in</span> <span class='ocrx_word' id='word_1_375' title='bbox 1660 2097 1783 2132; x_wconf 89' lang='lat' dir='ltr'>perpe-</span> 
     </span>
     <span class='ocr_line' id='line_1_35' title="bbox 281 2140 1783 2190; baseline -0.001 -12"><span class='ocrx_word' id='word_1_376' title='bbox 281 2149 381 2178; x_wconf 75' lang='lat' dir='ltr'>tuum</span> <span class='ocrx_word' id='word_1_377' title='bbox 403 2140 477 2189; x_wconf 86' lang='lat' dir='ltr'>post</span> <span class='ocrx_word' id='word_1_378' title='bbox 502 2140 676 2176; x_wconf 82' lang='lat' dir='ltr'>deceffum</span> <span class='ocrx_word' id='word_1_379' title='bbox 703 2153 822 2177; x_wconf 88' lang='lat' dir='ltr'>meum</span> <span class='ocrx_word' id='word_1_380' title='bbox 850 2142 1127 2179; x_wconf 87' lang='lat' dir='ltr'>anniversarium</span> <span class='ocrx_word' id='word_1_381' title='bbox 1155 2156 1274 2179; x_wconf 88' lang='lat' dir='ltr'>meum</span> <span class='ocrx_word' id='word_1_382' title='bbox 1300 2148 1336 2179; x_wconf 90' lang='lat' dir='ltr'>et</span> <span class='ocrx_word' id='word_1_383' title='bbox 1362 2142 1499 2178; x_wconf 87' lang='lat' dir='ltr'>Elizote</span> <span class='ocrx_word' id='word_1_384' title='bbox 1517 2141 1635 2190; x_wconf 70' lang='lat' dir='ltr'>myser</span> <span class='ocrx_word' id='word_1_385' title='bbox 1661 2142 1783 2177; x_wconf 84' lang='lat' dir='ltr'>uxoris</span> 
     </span>
    </p>
   </div>
  </div>
 </body>
</html>
