2060 2660
360 191 428 223 154
747 187 1062 225 REGISTRUM
1092 186 1452 224 MORAVIENSE.

350 292 532 323 centorem
555 287 641 322 solvi
666 287 797 323 debent
821 293 856 323 et
878 286 1091 322 ordinantur
1110 306 1118 314 ·
1143 292 1178 321 et
1202 285 1298 332 quod
1323 285 1427 319 liceat
1447 284 1656 319 Succentori
1674 282 1698 318 fi
1716 285 1850 320 necesse

350 345 457 380 fuerit
475 357 519 379 ex
537 344 598 380 ista
615 344 732 380 nostra
750 345 976 380 ordinatione
992 343 1076 392 jure
1095 342 1304 378 retentionis
1322 341 1379 376 vel
1398 340 1693 388 compensationis
1713 342 1764 377 uti
1783 342 1851 377 suis

351 403 511 438 terminis
532 416 598 451 pro
622 403 749 438 eisdem
779 422 787 430 ·
822 403 913 437 Item
938 401 1216 449 pronunciamus
1242 404 1278 434 et
1306 398 1513 433 ordinamus
1535 398 1631 445 quod
1656 398 1851 435 Precentor

351 460 553 496 antedictus
568 474 667 496 more
682 461 783 496 solito
795 458 1080 508 jurisdi&ionem
1100 457 1226 492 habeat
1246 456 1282 490 in
1300 455 1468 503 parochia
1486 455 1530 491 de
1546 455 1689 491 Rathed
1703 462 1739 492 et
1752 458 1848 504 quod

352 518 395 554 de
414 523 533 554 cetero
552 532 596 554 ex
613 519 678 554 hac
697 517 813 553 nostra
831 515 967 564 speciali
987 513 1207 550 conceffione
1227 519 1262 548 et
1281 513 1508 549 ordinatione
1530 513 1650 549 sedere
1674 513 1775 562 poffit
1799 515 1851 550 bis

351 576 407 611 vel
434 581 490 611 ter
515 576 551 610 in
576 589 671 610 anno
699 576 733 610 in
762 573 903 610 ecclefia
924 572 980 607 vel
1008 572 1182 607 cimiterio
1210 571 1254 606 de
1281 571 1424 606 Rathed
1448 571 1543 607 suam
1563 570 1848 619 jurisdi6fionem

351 633 552 669 consuetam
573 632 771 668 exercendo
792 651 799 659 ·
825 630 920 678 quod
948 629 1052 664 etiam
1082 629 1126 664 de
1153 634 1273 664 cetero
1299 628 1503 676 capellanus
1524 634 1560 664 et
1581 629 1731 665 clericus
1756 630 1851 666 dicte

352 689 493 726 ecclesie
511 690 555 726 de
573 690 714 725 Rathed
733 703 775 725 ex
794 689 858 723 hac
878 686 994 722 nostra
1012 686 1149 734 speciali
1169 684 1390 721 concessione
1410 692 1445 721 et
1463 686 1689 722 ordinatione
1707 692 1852 723 tenean-

352 754 411 783 tur
434 748 571 783 monita
594 746 696 795 ipfius
720 745 943 782 Precentoris
970 749 1005 779 et
1031 743 1199 778 mandata
1225 743 1343 791 quoad
1363 743 1647 791 jurisdifitionem
1673 744 1768 780 suam
1794 759 1851 781 ex-

352 807 539 843 ercendam
560 807 688 841 ibidem
709 805 866 851 recipere
885 803 1011 850 exequi
1030 808 1065 838 et
1084 802 1269 838 observare
1285 822 1293 829 ·
1313 802 1363 837 set
1380 815 1462 837 cum
1481 803 1673 839 canonicus
1691 804 1728 838 in
1747 817 1852 839 cano-

351 865 470 900 nicum
490 864 680 899 secundum
701 863 827 898 statiua
845 859 986 897 ecclesie
1004 860 1121 895 nostre
1140 858 1372 897 ffloravienfis
1390 861 1551 909 predicte
1563 861 1849 910 jurisdi&ionem

351 936 425 957 non
450 922 576 957 habeat
597 934 660 969 per
687 920 847 969 premifl'a
872 931 946 954 non
973 918 1192 953 intendimus
1219 917 1279 966 ipfi
1304 918 1514 954 Precentori
1536 919 1573 954 in
1592 919 1776 967 personam
1794 920 1850 955 vel

352 980 445 1015 bona
465 979 689 1016 Succentoris
709 977 859 1026 predicti
878 976 1030 1024 aliquam
1044 976 1332 1025 jurisdictionem
1353 977 1547 1013 attribuere
1563 997 1571 1005 ·
1586 978 1670 1013 licet
1683 978 1754 1027 ipse
1769 979 1853 1015 Suc-

351 1044 475 1073 centor
493 1037 682 1073 secundum
702 1035 829 1071 statuta
847 1040 1012 1070 teneatur
1028 1035 1236 1070 Precentori
1249 1035 1459 1084 juramento
1473 1035 1652 1072 fidelitatis
1671 1036 1830 1073 astrictus
1842 1057 1851 1065 ·

352 1095 556 1143 Sumptibus
578 1108 663 1130 vero
691 1099 725 1130 et
752 1092 909 1142 expensis
935 1092 1042 1141 hujus
1069 1092 1308 1129 controversie
1331 1093 1388 1129 vel
1412 1094 1653 1130 contentionis
1672 1093 1853 1131 occasione

350 1154 449 1188 sactis
471 1158 657 1200 utramque
682 1157 819 1200 partem
842 1150 1036 1199 predictam
1066 1150 1278 1187 absolvimus
1302 1171 1309 1179 ·
1335 1151 1471 1187 fructus
1497 1157 1617 1187 autem
1645 1166 1665 1187 a
1691 1158 1853 1201 tempore

351 1211 420 1245 litis
443 1210 634 1246 coutestate
661 1215 823 1257 receptos
847 1214 882 1244 et
907 1209 967 1256 qui
995 1209 1038 1244 de
1065 1221 1179 1257 grano
1204 1210 1289 1244 anni
1312 1209 1463 1245 Domini
1487 1208 1656 1247 millesimi
1685 1209 1775 1246 ·ccc¹·
1804 1211 1853 1245 vi-

350 1267 463 1303 cesimi
482 1267 616 1315 septimi
638 1287 645 1294 ·
671 1267 786 1302 adhuc
815 1266 991 1302 debentur
1018 1267 1110 1302 infra
1136 1267 1266 1302 limites
1289 1266 1508 1316 supradictos
1530 1268 1626 1303 dicto
1647 1268 1852 1304 Precentori

351 1325 546 1361 declaratos
565 1325 781 1360 ordinationi
800 1324 917 1360 nostre
935 1324 1131 1372 specialiter
1148 1325 1368 1361 reservamus
1391 1344 1400 1353 ·
1427 1325 1593 1361 Premiffa
1617 1326 1758 1374 insuper
1780 1339 1853 1361 om-

350 1383 409 1417 nia
432 1389 467 1418 et
492 1381 627 1430 singula
651 1382 896 1431 premissorum
921 1388 994 1418 tam
1020 1396 1064 1418 ex
1088 1382 1275 1418 arbitraria
1296 1396 1401 1430 quam
1422 1396 1465 1418 ex
1484 1383 1665 1418 ordinaria
1682 1383 1853 1431 potestate

352 1447 386 1476 et
405 1441 597 1489 pontificali
617 1441 830 1476 auctoritate
849 1440 999 1476 dicimus
1019 1460 1027 1468 ·
1052 1440 1260 1476 ordinamus
1280 1460 1287 1468 ·
1308 1441 1544 1489 approbamus
1564 1460 1572 1468 ·
1592 1441 1824 1476 terminamus
1845 1461 1852 1468 ·

353 1499 544 1533 diffinimus
564 1518 571 1526 ·
592 1499 845 1534 sententiamus
865 1518 873 1526 ·
893 1498 1107 1534 arbitramur
1129 1504 1164 1534 et
1188 1499 1403 1547 precipimus
1429 1499 1610 1547 perpetuis
1636 1499 1856 1547 temporibus

355 1569 419 1604 pro
446 1563 596 1603 utraque
623 1562 722 1605 parte
749 1557 929 1592 antedicta
955 1562 990 1592 et
1016 1556 1265 1592 successoribus
1291 1556 1360 1592 suis
1386 1556 1551 1592 omnibus
1578 1557 1614 1591 in
1641 1562 1854 1605 perpetuum

356 1614 605 1649 inviolabiliter
628 1603 888 1650 observari'sub
911 1628 1003 1660 pena
1025 1614 1406 1650 excommunicationis
1427 1614 1570 1663 majoris
1588 1627 1693 1662 quam
1713 1628 1857 1651 exnunc

356 1672 390 1706 in
419 1672 581 1719 personas
603 1672 948 1707 contravenientium
974 1673 1011 1707 in
1035 1673 1155 1720 aliquo
1182 1672 1377 1721 pontificali
1404 1672 1616 1708 auctoritate
1644 1672 1856 1720 proferimus

356 1729 391 1763 in
417 1729 550 1777 scriptis
570 1749 577 1756 ·
604 1729 834 1764 decernentes
859 1730 1111 1766 nichilominus
1134 1730 1330 1779 premissam
1357 1730 1621 1766 ordinationem
1644 1730 1795 1766 nostram
1819 1732 1855 1766 in

357 1785 520 1821 omnibus
538 1786 605 1821 suis
623 1787 763 1834 punctis
777 1792 812 1822 et
826 1787 983 1822 articulis
998 1794 1109 1823 ratam
1126 1794 1162 1823 et
1177 1788 1313 1823 firmam
1333 1788 1410 1824 fore
1429 1787 1558 1824 debere
1576 1788 1756 1836 perpetuis
1770 1794 1857 1824 tem-

360 1843 503 1892 poribus
525 1849 561 1879 et
583 1844 706 1879 diebus
734 1864 741 1871 ·
769 1857 842 1879 non
867 1844 1081 1881 obstantibus
1103 1846 1371 1894 quibuscunque
1388 1843 1602 1894 proceflibus
1621 1865 1629 1873 ·
1648 1846 1829 1882 sententiis
1848 1866 1856 1874 ·

359 1901 673 1937 consuetudinibus
692 1902 747 1937 vel
766 1901 900 1937 statutis
918 1903 953 1937 in
974 1904 1192 1939 contrarium
1213 1904 1317 1939 editis
1335 1904 1391 1939 vel
1411 1903 1565 1939 obtentis
1585 1923 1593 1931 ·
1619 1903 1858 1940 Protestamur

358 1960 462 1995 ctiam
481 1959 577 2006 quod
597 1958 619 1994 fi
639 1959 722 2006 quid
743 1959 927 1995 obscurum
948 1961 982 1996 in
1001 1961 1154 2007 presenti
1173 1961 1291 1997 nostra
1309 1961 1536 1997 ordinatione
1558 1961 1666 1997 suerit
1683 1961 1740 1997 vel
1759 1962 1858 1997 omis-

358 2018 431 2056 sum
454 2016 523 2052 five
548 2017 761 2052 diminutum
791 2018 826 2052 in
854 2018 971 2065 aliquo
999 2032 1064 2054 nos
1088 2033 1153 2067 pro
1181 2019 1260 2055 loco
1285 2025 1322 2055 et
1345 2025 1507 2068 tempore
1532 2019 1625 2055 velle
1648 2019 1828 2055 declarare
1849 2039 1856 2047 ·

357 2075 488 2110 addere
507 2094 515 2102 ·
535 2075 714 2122 corrigere
733 2080 769 2109 et
786 2076 975 2111 emendare
995 2096 1003 2103 ·
1029 2076 1173 2124 Nosque
1192 2077 1236 2112 ad
1255 2082 1463 2125 perpetuam
1484 2077 1534 2112 rei
1554 2077 1761 2112 memoriam
1781 2090 1858 2125 pre-

358 2133 434 2167 sens
460 2131 729 2167 instrumentum
756 2131 855 2180 sigilli
878 2132 985 2168 nostri
1009 2135 1199 2170 auctentici
1225 2134 1422 2170 munimine
1447 2134 1657 2169 roboramus
1684 2139 1719 2170 et
1745 2132 1857 2182 figillo

358 2190 538 2225 communi
562 2190 706 2238 capituli
732 2189 838 2225 nostri
863 2191 1076 2239 precipimus
1100 2191 1295 2240 consignari
1316 2212 1324 2220 ·
1354 2192 1490 2227 Datum
1511 2196 1546 2227 et
1564 2197 1682 2227 actum
1701 2191 1758 2227 die
1777 2191 1857 2227 loco

359 2254 393 2283 et
411 2260 506 2283 anno
525 2247 730 2296 supradictis
749 2267 757 2275 ·
