2060 2660
535 188 851 226 REGISTRUM
878 191 1238 228 MORAVIENSE.
1558 200 1629 238 247

144 288 371 337 pervenerint
399 287 554 324 Jacobus
577 287 714 336 Ogiluy
736 289 780 324 de
799 288 981 324 Deskfurd
1007 290 1107 325 miles
1126 309 1135 318 ·
1164 290 1364 326 VVillelmus
1383 291 1562 328 Meldrom
1587 294 1631 329 de

145 347 253 394 wae
271 366 280 374 ·
308 345 487 380 Walterus
506 344 641 393 Ogilvy
665 346 708 381 de
734 346 871 381 Bowne
886 365 894 374 ·
919 346 1089 382 valterus
1114 347 1262 395 Barclay
1283 348 1326 383 de
1351 348 1466 384 Torre
1485 368 1493 377 ·
1523 350 1632 385 Patri-

143 404 217 439 cius
243 403 351 439 Biffat
376 403 421 438 de
448 401 694 439 Lefindrowm
714 423 722 431 ·
752 402 962 439 Alexander
992 403 1143 452 Murray
1168 405 1211 440 de
1240 405 1397 440 Culberd
1417 425 1424 433 ·
1454 407 1633 454 Georgius

143 461 186 496 de
216 460 419 508 Abirnethy
438 479 446 488 ·
478 460 662 497 Johannes
692 461 831 497 Curror
859 462 903 497 de
932 461 1062 497 Durne
1081 481 1089 489 ·
1121 462 1280 497 Thomas
1309 462 1403 497 Bard
1432 463 1475 498 de
1503 463 1633 499 Ordin-

143 518 210 553 hus
223 537 231 545 ·
266 518 439 553 Patricius
467 517 598 566 Tmyn
626 518 779 554 vicarius
807 519 851 554 de
882 518 1152 567 Innyrkethny·
1183 519 1391 555 Alexander
1418 519 1495 555 Hill
1514 540 1522 548 ·
1554 522 1634 557 Fin-

143 575 218 610 laus
246 574 410 622 Monedy
429 594 437 603 ·
472 575 654 611 Robertus
682 576 791 611 frater
818 576 933 611 Finlai
953 596 961 604 ·
994 576 1177 613 Johannes
1205 576 1283 611 Hill
1303 596 1310 604 ·
1342 577 1506 613 Andreas
1528 578 1632 613 Tait·

142 632 343 667 Willelmus
370 632 480 668 Clerk
503 652 511 660 ·
545 633 678 680 Symon
704 633 893 680 Quorsque
912 652 920 661 ·
948 633 1132 670 Johannes
1151 633 1285 668 Wilson
1305 652 1313 661 ·
1343 634 1532 669 Donaldus
1551 635 1635 671 Car-

141 689 227 737 nusy
241 694 277 724 et
294 689 478 726 Johannes
496 689 595 725 Neill
610 709 618 718 ·
637 688 791 726 affisores
806 691 929 725 arbitri
947 690 1176 726 arbitratores
1194 696 1230 726 et
1247 703 1454 726 communes
1471 692 1574 727 amici
1592 693 1635 728 de

142 752 177 782 et
194 747 297 795 super
315 747 572 782 debatabilibus
594 748 699 783 terris
717 761 780 796 per
799 753 835 783 et
853 748 947 783 inter
967 747 1217 783 Alexandrum
1239 748 1347 783 Innes
1373 748 1417 783 de
1441 749 1566 784 eodem
1593 763 1636 785 ex

142 818 211 839 una
231 809 266 839 et
286 804 536 840 Alexandrum
557 805 705 853 Symson
722 805 894 840 vicarium
915 806 958 840 de
978 805 1204 840 Abirkerdor
1218 818 1262 841 ex
1276 805 1386 840 altera
1402 806 1558 853 partibus
1572 826 1580 834 ·
1602 812 1636 842 et

142 862 335 910 specialiter
353 875 418 910 pro
437 862 541 897 terris
559 863 603 898 de
621 863 654 898 le
675 863 813 898 Zochre
832 876 913 898 eum
932 863 1009 898 aliis
1027 863 1191 898 merchiis
1210 868 1245 898 et
1264 861 1378 897 divifis
1391 882 1399 890 ·
1413 876 1456 898 ex
1470 864 1635 899 consensu

141 919 326 954 ambarum
349 919 505 967 partium
530 933 602 955 una
626 933 707 955 cum
727 920 896 956 consensu
914 919 1114 956 sereniflimi
1133 920 1226 967 regis
1243 919 1367 956 Jacobi
1385 920 1500 967 quarti
1519 921 1639 956 Scoto-

143 990 223 1012 rum
250 975 464 1011 illustrissimi
484 996 491 1004 ·
517 977 706 1012 reverendi
725 978 834 1025 patris
854 977 1003 1013 Andree
1022 977 1173 1025 episcopi
1193 976 1425 1012 Moravienfis
1444 983 1479 1013 et
1496 991 1640 1013 veneraf

143 1033 221 1068 bilis
239 1034 349 1081 patris
368 1034 489 1069 David
507 1033 730 1082 permiffione
749 1035 870 1070 divina
890 1034 1041 1070 Abbatis
1059 1035 1103 1070 de
1123 1034 1285 1069 Arbroth
1310 1035 1346 1069 in
1373 1035 1546 1082 presentia
1566 1035 1640 1071 sub-

143 1091 351 1139 scriptorum
381 1091 611 1127 dominorum
638 1091 772 1127 confilii
797 1092 924 1140 prefati
951 1092 1103 1139 supremi
1130 1092 1264 1126 domini
1291 1091 1397 1126 nostri
1420 1092 1528 1138 Regis
1547 1105 1640 1128 com-

145 1149 301 1184 muniter
320 1149 425 1184 electi
444 1154 484 1184 ut
503 1149 540 1184 in
558 1148 792 1184 instrumento
811 1147 1047 1197 compromiffi
1065 1149 1240 1185 Johannis
1254 1149 1344 1196 Tyri
1362 1150 1491 1184 notarii
1510 1150 1639 1197 publici

144 1206 227 1241 inde
246 1206 412 1241 conseEto
427 1198 567 1254 plenius
579 1206 731 1242 habetur
747 1226 754 1234 ·
774 1212 879 1242 tenor
893 1206 994 1254 cujus
1008 1206 1231 1241 instrumenti
1249 1206 1404 1253 sequitur
1422 1212 1458 1241 et
1475 1206 1523 1241 est
1540 1207 1618 1242 talis
1631 1227 1639 1234 ·

146 1263 191 1298 In
211 1263 281 1298 Dei
306 1263 452 1298 nomine
476 1276 581 1298 amen
601 1283 608 1291 ·
638 1263 707 1299 Per
733 1264 802 1299 hoc
828 1263 970 1311 presens
996 1263 1177 1311 publicum
1205 1263 1475 1298 instrumentum
1503 1264 1641 1299 cunetis

144 1325 263 1368 pateat
289 1320 473 1355 evidenter
494 1321 590 1368 quod
609 1334 704 1356 anno
726 1321 991 1356 Incarnacionis
1010 1320 1187 1356 dominice
1205 1319 1386 1355 millesimo
1405 1321 1640 1368 quadringen-

145 1376 266 1413 tefimo
285 1377 511 1425 nonagesimo
534 1378 687 1413 secundo
713 1377 838 1413 menfis
856 1391 942 1413 vero
964 1378 1173 1413 Decembris
1191 1377 1248 1412 die
1266 1377 1391 1424 quinto
1410 1396 1418 1404 ·
1446 1377 1640 1413 indictione

145 1435 334 1470 undecima
349 1454 356 1462 ·
376 1435 603 1483 pontificatus
622 1434 823 1471 sanctissimi
841 1436 878 1470 in
893 1434 1008 1471 Cristo
1026 1435 1135 1483 patris
1153 1440 1188 1469 et
1207 1434 1342 1469 domini
1360 1433 1467 1469 nostri
1485 1435 1641 1470 Alexan-

146 1493 199 1527 dri
221 1493 315 1540 Pape
343 1492 428 1528 sexti
456 1505 552 1527 anno
579 1493 695 1540 primo
715 1512 723 1520 ·
751 1493 788 1527 in
815 1493 884 1528 mei
911 1492 1041 1527 notarii
1067 1492 1199 1540 publici
1223 1497 1259 1527 et
1282 1491 1420 1526 testium
1439 1492 1641 1540 subscripto-

146 1562 224 1584 rum
245 1549 419 1597 presentia
437 1549 616 1585 constituti
642 1550 868 1585 honorabiles
895 1555 930 1585 et
956 1549 1202 1597 circumspecti
1220 1549 1285 1584 viri
1307 1548 1515 1584 Alexander
1535 1548 1642 1584 Innes

146 1607 190 1641 de
209 1607 334 1642 eodem
354 1620 398 1642 ex
419 1620 492 1642 una
515 1612 551 1642 et
576 1607 742 1642 dominus
767 1607 976 1642 Alexander
1004 1606 1151 1654 Symson
1174 1606 1326 1641 vicarius
1352 1606 1395 1641 de
1418 1605 1642 1641 Abirkerdor

145 1664 304 1711 partibus
322 1664 365 1699 ab
384 1664 496 1699 altera
515 1684 522 1692 ·
544 1678 625 1699 cum
645 1664 802 1712 express'o
822 1664 990 1700 consensu
1008 1669 1044 1699 et
1062 1663 1194 1698 assensu
1213 1661 1488 1698 excellentissimi
1508 1663 1642 1698 domini

146 1720 254 1756 nostri
272 1722 364 1768 regis
382 1721 505 1757 Jacobi
525 1722 641 1768 quarti
660 1722 822 1756 moderni
846 1741 854 1749 ·
874 1721 1059 1756 reverendi
1078 1721 1116 1755 in
1135 1719 1249 1756 Cristo
1266 1720 1375 1768 patris
1395 1720 1542 1755 Andree
1561 1721 1644 1769 epis-

146 1778 225 1826 copi
247 1777 480 1814 Moraviensis
506 1784 541 1814 et
558 1778 817 1814 venerabilium
836 1779 1064 1814 dominorum
1085 1777 1206 1813 David
1228 1777 1363 1812 abbatis
1386 1782 1422 1812 et
1445 1784 1643 1814 conventus

129 1842 131 1844 '
147 1836 191 1871 de
207 1835 368 1870 Arbroth
385 1855 392 1863 ·
408 1836 441 1871 se
460 1836 519 1871 sua
536 1849 634 1872 mera
653 1842 687 1871 et
705 1836 897 1884 spontanea
910 1836 1096 1871 voluntate
1109 1834 1428 1883 compromiserunt
1440 1835 1643 1883 obligarunt

147 1898 183 1928 et
204 1893 437 1928 submiserunt
461 1893 499 1928 in
525 1893 682 1929 uberiori
708 1894 823 1928 forma
849 1891 1085 1941 compromiffi
1104 1892 1141 1927 in
1159 1892 1274 1927 forma
1291 1891 1518 1940 speculatoris
1535 1893 1642 1928 confi-

147 1951 262 1986 ciendi
289 1951 326 1985 in
353 1950 518 1998 personas
545 1951 582 1985 in
609 1951 763 1997 quodam
786 1951 868 1986 ac'to
894 1950 1084 1998 subscripto
1103 1955 1289 1985 contentas
1308 1968 1316 1977 ·
1335 1955 1443 1997 prout
1460 1950 1498 1984 in
1516 1951 1641 1986 eodem

147 2007 351 2043 continetur
370 2027 378 2035 ·
404 2008 560 2055 sequitur
578 2008 615 2042 in
634 2008 698 2043 heo
716 2008 825 2043 verba
843 2027 851 2035 ·
880 2007 934 2043 At
957 2007 1141 2043 Abirdene
1160 2008 1220 2043 the
1238 2007 1298 2055 fyv
1316 2007 1384 2055 day
1402 2007 1443 2042 of
1462 2007 1641 2044 Decembr

147 2065 207 2100 the
224 2078 287 2112 yer
305 2065 346 2100 of
360 2078 427 2100 our
447 2065 544 2100 Lord
564 2078 630 2100 ane
649 2065 824 2100 thousand
850 2065 931 2100 four
956 2065 1137 2100 hundreth
1162 2065 1266 2112 nynti
1292 2065 1363 2099 and
1390 2070 1462 2100 twa
1486 2066 1578 2113 yeris
1604 2066 1640 2100 in

147 2122 312 2169 presence
338 2123 379 2157 of
399 2122 459 2157 the
486 2122 596 2157 lordis
623 2123 664 2157 of
685 2122 745 2157 the
769 2122 900 2157 consell
926 2122 1156 2157 undirwritin
1183 2122 1260 2157 that
1282 2122 1311 2156 is
1334 2127 1371 2157 to
1394 2122 1450 2169 say
1468 2124 1639 2158 reverend

148 2180 218 2214 and
243 2180 438 2215 venerabill
464 2180 593 2215 faderis
620 2180 657 2214 in
681 2179 767 2215 God
786 2179 961 2227 Wilyame
987 2179 1128 2227 bischop
1152 2179 1193 2214 of
1207 2179 1371 2214 Abirden
1396 2192 1515 2227 prewe
1540 2180 1611 2214 seill
1631 2199 1639 2207 ·

150 2236 315 2272 Androw
340 2237 489 2285 Bischop
514 2237 555 2272 of
578 2236 729 2284 Murray
749 2256 756 2264 ·
793 2236 921 2285 Henry
947 2236 1055 2272 abbot
1081 2236 1122 2272 of
1144 2235 1408 2284 Camilkynnall
1430 2229 1611 2271 'thesaurar
1630 2256 1638 2264 ·
