<?xml version="1.0" encoding="UTF-8"?>
<!DOCTYPE html PUBLIC "-//W3C//DTD XHTML 1.0 Transitional//EN"
    "http://www.w3.org/TR/xhtml1/DTD/xhtml1-transitional.dtd">
<html xmlns="http://www.w3.org/1999/xhtml" xml:lang="en" lang="en">
 <head>
  <title>
</title>
<meta http-equiv="Content-Type" content="text/html;charset=utf-8" />
  <meta name='ocr-system' content='tesseract 3.04.00' />
  <meta name='ocr-capabilities' content='ocr_page ocr_carea ocr_par ocr_line ocrx_word'/>
</head>
<body>
  <div class='ocr_page' id='page_1' title='image "./registrumepisc5800morauoft_0272.png"; bbox 0 0 2060 2660; ppageno 0'>
   <div class='ocr_carea' id='block_1_1' title="bbox 241 563 311 598">
    <p class='ocr_par' dir='ltr' id='par_1_1' title="bbox 241 563 311 598">
     <span class='ocr_line' id='line_1_1' title="bbox 241 563 311 598; baseline 0.014 -1"><span class='ocrx_word' id='word_1_1' title='bbox 241 563 311 598; x_wconf 77' lang='lat'>146</span> 
     </span>
    </p>
   </div>
   <div class='ocr_carea' id='block_1_2' title="bbox 235 2136 301 2173">
    <p class='ocr_par' dir='ltr' id='par_1_2' title="bbox 235 2136 301 2173">
     <span class='ocr_line' id='line_1_2' title="bbox 235 2136 301 2173; baseline 0 -7"><span class='ocrx_word' id='word_1_2' title='bbox 235 2136 301 2173; x_wconf 78' lang='lat'>147</span> 
     </span>
    </p>
   </div>
   <div class='ocr_carea' id='block_1_3' title="bbox 343 173 1445 212">
    <p class='ocr_par' dir='ltr' id='par_1_3' title="bbox 343 173 1445 212">
     <span class='ocr_line' id='line_1_3' title="bbox 343 173 1445 212; baseline -0.001 -2"><span class='ocrx_word' id='word_1_3' title='bbox 343 174 411 210; x_wconf 82' lang='lat'>164</span> <span class='ocrx_word' id='word_1_4' title='bbox 737 175 1053 212; x_wconf 88' lang='lat' dir='ltr'><strong>REGISTRUM</strong></span> <span class='ocrx_word' id='word_1_5' title='bbox 1080 173 1445 212; x_wconf 86' lang='lat' dir='ltr'><strong>MORAVIENSE.</strong></span> 
     </span>
    </p>
   </div>
   <div class='ocr_carea' id='block_1_4' title="bbox 339 272 1843 368">
    <p class='ocr_par' dir='ltr' id='par_1_4' title="bbox 339 272 1843 368">
     <span class='ocr_line' id='line_1_4' title="bbox 339 272 1843 323; baseline -0.001 -13"><span class='ocrx_word' id='word_1_6' title='bbox 339 274 491 311; x_wconf 86' lang='lat' dir='ltr'>secunda</span> <span class='ocrx_word' id='word_1_7' title='bbox 520 294 527 302; x_wconf 92' lang='lat'><em>·</em></span> <span class='ocrx_word' id='word_1_8' title='bbox 558 274 785 323; x_wconf 86' lang='lat' dir='ltr'>pontificatus</span> <span class='ocrx_word' id='word_1_9' title='bbox 811 273 1010 310; x_wconf 64' lang='lat' dir='ltr'>sanEHffimi</span> <span class='ocrx_word' id='word_1_10' title='bbox 1038 275 1147 323; x_wconf 86' lang='lat' dir='ltr'>patris</span> <span class='ocrx_word' id='word_1_11' title='bbox 1174 274 1310 309; x_wconf 90' lang='lat' dir='ltr'>domini</span> <span class='ocrx_word' id='word_1_12' title='bbox 1336 272 1475 309; x_wconf 86' lang='lat' dir='ltr'>Urbani</span> <span class='ocrx_word' id='word_1_13' title='bbox 1498 285 1587 320; x_wconf 84' lang='lat' dir='ltr'>pape</span> <span class='ocrx_word' id='word_1_14' title='bbox 1610 273 1724 320; x_wconf 89' lang='lat' dir='ltr'>quinti</span> <span class='ocrx_word' id='word_1_15' title='bbox 1747 286 1843 308; x_wconf 87' lang='lat' dir='ltr'>anno</span> 
     </span>
     <span class='ocr_line' id='line_1_5' title="bbox 339 332 521 368; baseline 0 0"><span class='ocrx_word' id='word_1_16' title='bbox 339 332 494 368; x_wconf 86' lang='lat' dir='ltr'>secundo</span> <span class='ocrx_word' id='word_1_17' title='bbox 513 352 521 360; x_wconf 92' lang='lat'><strong>·</strong></span> 
     </span>
    </p>
   </div>
   <div class='ocr_carea' id='block_1_5' title="bbox 343 446 1280 497">
    <p class='ocr_par' dir='ltr' id='par_1_5' title="bbox 343 446 1280 497">
     <span class='ocr_line' id='line_1_6' title="bbox 343 446 1280 497; baseline -0.004 -13"><span class='ocrx_word' id='word_1_18' title='bbox 343 447 510 485; x_wconf 82' lang='lat' dir='ltr'>Remissio</span> <span class='ocrx_word' id='word_1_19' title='bbox 529 454 564 484; x_wconf 89' lang='lat' dir='ltr'>et</span> <span class='ocrx_word' id='word_1_20' title='bbox 583 449 760 497; x_wconf 67' lang='lat' dir='ltr'>protedffio</span> <span class='ocrx_word' id='word_1_21' title='bbox 781 461 845 496; x_wconf 92' lang='lat' dir='ltr'>pro</span> <span class='ocrx_word' id='word_1_22' title='bbox 865 447 1068 483; x_wconf 90' lang='lat' dir='ltr'>hominibus</span> <span class='ocrx_word' id='word_1_23' title='bbox 1088 446 1251 494; x_wconf 89' lang='lat' dir='ltr'>Episcopi</span> <span class='ocrx_word' id='word_1_24' title='bbox 1272 465 1280 472; x_wconf 93' lang='lat'><strong>·</strong></span> 
     </span>
    </p>
   </div>
   <div class='ocr_carea' id='block_1_6' title="bbox 330 561 1841 1888">
    <p class='ocr_par' dir='ltr' id='par_1_6' title="bbox 330 561 1841 1888">
     <span class='ocr_line' id='line_1_7' title="bbox 340 561 1840 613; baseline -0.001 -12"><span class='ocrx_word' id='word_1_25' title='bbox 340 565 460 601; x_wconf 91' lang='lat' dir='ltr'>David</span> <span class='ocrx_word' id='word_1_26' title='bbox 478 565 549 601; x_wconf 90' lang='lat' dir='ltr'>Dei</span> <span class='ocrx_word' id='word_1_27' title='bbox 568 565 683 613; x_wconf 85' lang='lat' dir='ltr'>gratia</span> <span class='ocrx_word' id='word_1_28' title='bbox 702 564 782 599; x_wconf 86' lang='lat' dir='ltr'>Rex</span> <span class='ocrx_word' id='word_1_29' title='bbox 802 564 1008 599; x_wconf 82' lang='lat' dir='ltr'><strong>Scottorum</strong></span> <span class='ocrx_word' id='word_1_30' title='bbox 1028 561 1194 597; x_wconf 82' lang='lat' dir='ltr'>omnibus</span> <span class='ocrx_word' id='word_1_31' title='bbox 1212 561 1332 609; x_wconf 83' lang='lat' dir='ltr'>probis</span> <span class='ocrx_word' id='word_1_32' title='bbox 1355 561 1560 597; x_wconf 89' lang='lat' dir='ltr'>hominibus</span> <span class='ocrx_word' id='word_1_33' title='bbox 1586 561 1654 597; x_wconf 89' lang='lat' dir='ltr'>suis</span> <span class='ocrx_word' id='word_1_34' title='bbox 1680 563 1726 598; x_wconf 88' lang='lat' dir='ltr'>ad</span> <span class='ocrx_word' id='word_1_35' title='bbox 1752 578 1840 611; x_wconf 89' lang='lat' dir='ltr'>quos</span> 
     </span>
     <span class='ocr_line' id='line_1_8' title="bbox 337 618 1838 672; baseline -0.001 -13"><span class='ocrx_word' id='word_1_36' title='bbox 337 624 515 672; x_wconf 81' lang='lat' dir='ltr'>presentes</span> <span class='ocrx_word' id='word_1_37' title='bbox 534 623 636 659; x_wconf 91' lang='lat' dir='ltr'>litere</span> <span class='ocrx_word' id='word_1_38' title='bbox 655 621 884 671; x_wconf 84' lang='lat' dir='ltr'>pervenerint</span> <span class='ocrx_word' id='word_1_39' title='bbox 902 620 1047 655; x_wconf 87' lang='lat' dir='ltr'>salutem</span> <span class='ocrx_word' id='word_1_40' title='bbox 1065 639 1073 647; x_wconf 88' lang='lat'><strong>·</strong></span> <span class='ocrx_word' id='word_1_41' title='bbox 1102 619 1227 654; x_wconf 84' lang='lat' dir='ltr'>Sciatis</span> <span class='ocrx_word' id='word_1_42' title='bbox 1245 619 1342 666; x_wconf 92' lang='lat' dir='ltr'>quod</span> <span class='ocrx_word' id='word_1_43' title='bbox 1361 618 1557 655; x_wconf 81' lang='lat' dir='ltr'>remisimus</span> <span class='ocrx_word' id='word_1_44' title='bbox 1571 619 1714 657; x_wconf 82' lang='lat' dir='ltr'>Thome</span> <span class='ocrx_word' id='word_1_45' title='bbox 1728 623 1814 658; x_wconf 77' lang='lat' dir='ltr'>&lt;Dan</span> <span class='ocrx_word' id='word_1_46' title='bbox 1831 643 1838 650; x_wconf 93' lang='lat'><strong>·</strong></span> 
     </span>
     <span class='ocr_line' id='line_1_9' title="bbox 338 677 1841 728; baseline -0.001 -11"><span class='ocrx_word' id='word_1_47' title='bbox 338 681 496 717; x_wconf 89' lang='lat' dir='ltr'>Bridano</span> <span class='ocrx_word' id='word_1_48' title='bbox 524 681 598 716; x_wconf 85' lang='lat' dir='ltr'>filio</span> <span class='ocrx_word' id='word_1_49' title='bbox 624 678 779 728; x_wconf 84' lang='lat' dir='ltr'>Fergusli</span> <span class='ocrx_word' id='word_1_50' title='bbox 817 699 824 706; x_wconf 93' lang='lat'><strong>·</strong></span> <span class='ocrx_word' id='word_1_51' title='bbox 861 678 1020 715; x_wconf 68' lang='lat' dir='ltr'>martino</span> <span class='ocrx_word' id='word_1_52' title='bbox 1048 679 1152 714; x_wconf 73' lang='lat' dir='ltr'>&lt;Dore</span> <span class='ocrx_word' id='word_1_53' title='bbox 1190 697 1197 704; x_wconf 96' lang='lat'>·</span> <span class='ocrx_word' id='word_1_54' title='bbox 1235 677 1446 726; x_wconf 68' lang='lat' dir='ltr'>maldowny</span> <span class='ocrx_word' id='word_1_55' title='bbox 1473 677 1551 725; x_wconf 88' lang='lat' dir='ltr'>Beg</span> <span class='ocrx_word' id='word_1_56' title='bbox 1587 698 1594 705; x_wconf 93' lang='lat'><strong>·</strong></span> <span class='ocrx_word' id='word_1_57' title='bbox 1631 679 1841 728; x_wconf 76' lang='lat' dir='ltr'>(Daldowny</span> 
     </span>
     <span class='ocr_line' id='line_1_10' title="bbox 337 735 1840 776; baseline -0.003 0"><span class='ocrx_word' id='word_1_58' title='bbox 337 740 499 776; x_wconf 76' lang='lat' dir='ltr'>oe‘oearti</span> <span class='ocrx_word' id='word_1_59' title='bbox 518 752 594 774; x_wconf 85' lang='lat' dir='ltr'>cam</span> <span class='ocrx_word' id='word_1_60' title='bbox 631 758 639 766; x_wconf 93' lang='lat'><strong>·</strong></span> <span class='ocrx_word' id='word_1_61' title='bbox 677 737 829 775; x_wconf 89' lang='lat' dir='ltr'>Cristino</span> <span class='ocrx_word' id='word_1_62' title='bbox 861 736 935 771; x_wconf 88' lang='lat' dir='ltr'>filio</span> <span class='ocrx_word' id='word_1_63' title='bbox 965 735 1135 771; x_wconf 90' lang='lat' dir='ltr'>Duncaui</span> <span class='ocrx_word' id='word_1_64' title='bbox 1165 754 1173 762; x_wconf 90' lang='lat'><strong>·</strong></span> <span class='ocrx_word' id='word_1_65' title='bbox 1213 735 1372 771; x_wconf 87' lang='lat' dir='ltr'>Bridano</span> <span class='ocrx_word' id='word_1_66' title='bbox 1404 735 1542 771; x_wconf 89' lang='lat' dir='ltr'>Breach</span> <span class='ocrx_word' id='word_1_67' title='bbox 1579 756 1587 764; x_wconf 94' lang='lat'><strong>·</strong></span> <span class='ocrx_word' id='word_1_68' title='bbox 1627 737 1840 773; x_wconf 87' lang='lat' dir='ltr'>Alexandro</span> 
     </span>
     <span class='ocr_line' id='line_1_11' title="bbox 336 793 1837 843; baseline -0.002 -10"><span class='ocrx_word' id='word_1_69' title='bbox 336 797 527 833; x_wconf 71' lang='lat' dir='ltr'>ffi‘Roulet</span> <span class='ocrx_word' id='word_1_70' title='bbox 564 817 571 824; x_wconf 93' lang='lat'><strong>·</strong></span> <span class='ocrx_word' id='word_1_71' title='bbox 610 795 693 831; x_wconf 86' lang='lat' dir='ltr'>Ade</span> <span class='ocrx_word' id='word_1_72' title='bbox 724 794 987 830; x_wconf 84' lang='lat' dir='ltr'>molendinario</span> <span class='ocrx_word' id='word_1_73' title='bbox 1020 813 1028 820; x_wconf 90' lang='lat'><strong>·</strong></span> <span class='ocrx_word' id='word_1_74' title='bbox 1066 793 1226 829; x_wconf 75' lang='lat' dir='ltr'>martino</span> <span class='ocrx_word' id='word_1_75' title='bbox 1258 793 1406 842; x_wconf 75' lang='lat' dir='ltr'>m‘Coly</span> <span class='ocrx_word' id='word_1_76' title='bbox 1438 813 1446 822; x_wconf 88' lang='lat'><strong>·</strong></span> <span class='ocrx_word' id='word_1_77' title='bbox 1480 793 1648 843; x_wconf 85' lang='lat' dir='ltr'>Fergufio</span> <span class='ocrx_word' id='word_1_78' title='bbox 1680 795 1809 832; x_wconf 88' lang='lat' dir='ltr'>clerico</span> <span class='ocrx_word' id='word_1_79' title='bbox 1830 817 1837 824; x_wconf 91' lang='lat'>-</span> 
     </span>
     <span class='ocr_line' id='line_1_12' title="bbox 336 850 1836 904; baseline -0.001 -14"><span class='ocrx_word' id='word_1_80' title='bbox 336 855 447 904; x_wconf 88' lang='lat' dir='ltr'>Dony</span> <span class='ocrx_word' id='word_1_81' title='bbox 466 858 570 892; x_wconf 73' lang='lat' dir='ltr'>(Dore</span> <span class='ocrx_word' id='word_1_82' title='bbox 589 874 598 883; x_wconf 88' lang='lat'><strong>·</strong></span> <span class='ocrx_word' id='word_1_83' title='bbox 617 853 783 891; x_wconf 71' lang='lat' dir='ltr'>michaeli</span> <span class='ocrx_word' id='word_1_84' title='bbox 803 852 1012 899; x_wconf 68' lang='lat' dir='ltr'>merlswayn</span> <span class='ocrx_word' id='word_1_85' title='bbox 1031 870 1040 878; x_wconf 92' lang='lat'><strong>·</strong></span> <span class='ocrx_word' id='word_1_86' title='bbox 1063 850 1223 886; x_wconf 89' lang='lat' dir='ltr'>Bridano</span> <span class='ocrx_word' id='word_1_87' title='bbox 1242 851 1378 888; x_wconf 69' lang='lat' dir='ltr'>OE‘Dor</span> <span class='ocrx_word' id='word_1_88' title='bbox 1398 871 1406 879; x_wconf 93' lang='lat'><strong>·</strong></span> <span class='ocrx_word' id='word_1_89' title='bbox 1430 852 1640 901; x_wconf 70' lang='lat' dir='ltr'>maldowny</span> <span class='ocrx_word' id='word_1_90' title='bbox 1659 854 1808 890; x_wconf 71' lang='lat' dir='ltr'>oe⁶R0bi</span> <span class='ocrx_word' id='word_1_91' title='bbox 1829 875 1836 882; x_wconf 94' lang='lat'><strong>·</strong></span> 
     </span>
     <span class='ocr_line' id='line_1_13' title="bbox 335 909 1837 957; baseline -0.001 -8"><span class='ocrx_word' id='word_1_92' title='bbox 335 913 475 949; x_wconf 86' lang='lat' dir='ltr'>Colano</span> <span class='ocrx_word' id='word_1_93' title='bbox 503 911 721 950; x_wconf 75' lang='lat' dir='ltr'>oe⁶Gilbride</span> <span class='ocrx_word' id='word_1_94' title='bbox 751 931 759 938; x_wconf 92' lang='lat'><em>·</em></span> <span class='ocrx_word' id='word_1_95' title='bbox 790 910 1000 957; x_wconf 72' lang='lat' dir='ltr'>maldowny</span> <span class='ocrx_word' id='word_1_96' title='bbox 1029 909 1186 957; x_wconf 70' lang='lat' dir='ltr'>ffl‘Eney</span> <span class='ocrx_word' id='word_1_97' title='bbox 1215 929 1223 936; x_wconf 93' lang='lat'>·</span> <span class='ocrx_word' id='word_1_98' title='bbox 1257 909 1422 945; x_wconf 87' lang='lat' dir='ltr'>Euerker</span> <span class='ocrx_word' id='word_1_99' title='bbox 1446 915 1482 945; x_wconf 90' lang='lat' dir='ltr'>et</span> <span class='ocrx_word' id='word_1_100' title='bbox 1512 910 1594 946; x_wconf 92' lang='lat' dir='ltr'>Ade</span> <span class='ocrx_word' id='word_1_101' title='bbox 1623 911 1810 948; x_wconf 72' lang='grc' dir='ltr'>Ὲοιιὸὶοιιι·</span> <span class='ocrx_word' id='word_1_102' title='bbox 1830 933 1837 940; x_wconf 85' lang='grc'><em>·</em></span> 
     </span>
     <span class='ocr_line' id='line_1_14' title="bbox 335 967 1840 1019; baseline 0 -13"><span class='ocrx_word' id='word_1_103' title='bbox 335 971 505 1006; x_wconf 87' lang='lat' dir='ltr'>latoribus</span> <span class='ocrx_word' id='word_1_104' title='bbox 533 970 747 1019; x_wconf 89' lang='lat' dir='ltr'>presentium</span> <span class='ocrx_word' id='word_1_105' title='bbox 772 981 916 1004; x_wconf 89' lang='lat' dir='ltr'>omnem</span> <span class='ocrx_word' id='word_1_106' title='bbox 944 967 1124 1002; x_wconf 67' lang='lat' dir='ltr'>actionem</span> <span class='ocrx_word' id='word_1_107' title='bbox 1153 967 1393 1016; x_wconf 81' lang='lat' dir='ltr'>calumpniam</span> <span class='ocrx_word' id='word_1_108' title='bbox 1412 973 1448 1004; x_wconf 93' lang='lat' dir='ltr'>et</span> <span class='ocrx_word' id='word_1_109' title='bbox 1465 968 1596 1004; x_wconf 58' lang='lat' dir='ltr'>sectam</span> <span class='ocrx_word' id='word_1_110' title='bbox 1615 969 1768 1005; x_wconf 89' lang='lat' dir='ltr'>nostram</span> <span class='ocrx_word' id='word_1_111' title='bbox 1789 985 1840 1006; x_wconf 73' lang='lat' dir='ltr'>re-</span> 
     </span>
     <span class='ocr_line' id='line_1_15' title="bbox 332 1026 1840 1077; baseline -0.001 -12"><span class='ocrx_word' id='word_1_112' title='bbox 332 1029 427 1076; x_wconf 86' lang='lat' dir='ltr'>giam</span> <span class='ocrx_word' id='word_1_113' title='bbox 453 1042 538 1077; x_wconf 81' lang='lat' dir='ltr'>quas</span> <span class='ocrx_word' id='word_1_114' title='bbox 561 1042 646 1076; x_wconf 86' lang='lat' dir='ltr'>erga</span> <span class='ocrx_word' id='word_1_115' title='bbox 667 1027 757 1076; x_wconf 85' lang='lat' dir='ltr'>ipsos</span> <span class='ocrx_word' id='word_1_116' title='bbox 775 1026 831 1062; x_wconf 89' lang='lat' dir='ltr'>vel</span> <span class='ocrx_word' id='word_1_117' title='bbox 856 1026 1011 1074; x_wconf 88' lang='lat' dir='ltr'>ipsorum</span> <span class='ocrx_word' id='word_1_118' title='bbox 1037 1026 1191 1073; x_wconf 86' lang='lat' dir='ltr'>aliquem</span> <span class='ocrx_word' id='word_1_119' title='bbox 1218 1026 1388 1061; x_wconf 84' lang='lat' dir='ltr'>habemus</span> <span class='ocrx_word' id='word_1_120' title='bbox 1406 1026 1464 1062; x_wconf 89' lang='lat' dir='ltr'>vel</span> <span class='ocrx_word' id='word_1_121' title='bbox 1485 1026 1616 1063; x_wconf 86' lang='lat' dir='ltr'>habere</span> <span class='ocrx_word' id='word_1_122' title='bbox 1643 1029 1840 1076; x_wconf 75' lang='lat' dir='ltr'>poterimus</span> 
     </span>
     <span class='ocr_line' id='line_1_16' title="bbox 335 1083 1837 1135; baseline 0 -13"><span class='ocrx_word' id='word_1_123' title='bbox 335 1089 369 1122; x_wconf 92' lang='lat' dir='ltr'>in</span> <span class='ocrx_word' id='word_1_124' title='bbox 397 1087 557 1122; x_wconf 88' lang='lat' dir='ltr'>futurum</span> <span class='ocrx_word' id='word_1_125' title='bbox 586 1092 656 1121; x_wconf 86' lang='lat' dir='ltr'>tam</span> <span class='ocrx_word' id='word_1_126' title='bbox 685 1099 751 1134; x_wconf 91' lang='lat' dir='ltr'>pro</span> <span class='ocrx_word' id='word_1_127' title='bbox 779 1083 978 1120; x_wconf 84' lang='lat' dir='ltr'>homicidiis</span> <span class='ocrx_word' id='word_1_128' title='bbox 1006 1103 1014 1111; x_wconf 93' lang='lat'><strong>·</strong></span> <span class='ocrx_word' id='word_1_129' title='bbox 1042 1083 1345 1120; x_wconf 90' lang='lat' dir='ltr'>combustionibus</span> <span class='ocrx_word' id='word_1_130' title='bbox 1371 1103 1379 1112; x_wconf 91' lang='lat'><strong>·</strong></span> <span class='ocrx_word' id='word_1_131' title='bbox 1408 1085 1540 1133; x_wconf 85' lang='lat' dir='ltr'>rapinis</span> <span class='ocrx_word' id='word_1_132' title='bbox 1558 1091 1594 1121; x_wconf 85' lang='lat' dir='ltr'>ct</span> <span class='ocrx_word' id='word_1_133' title='bbox 1611 1086 1715 1121; x_wconf 82' lang='lat' dir='ltr'>furtis</span> <span class='ocrx_word' id='word_1_134' title='bbox 1732 1101 1837 1135; x_wconf 85' lang='lat' dir='ltr'>quarn</span> 
     </span>
     <span class='ocr_line' id='line_1_17' title="bbox 333 1142 1836 1193; baseline -0.001 -12"><span class='ocrx_word' id='word_1_135' title='bbox 333 1159 397 1193; x_wconf 88' lang='lat' dir='ltr'>pro</span> <span class='ocrx_word' id='word_1_136' title='bbox 428 1146 504 1180; x_wconf 86' lang='lat' dir='ltr'>aliis</span> <span class='ocrx_word' id='word_1_137' title='bbox 536 1142 862 1192; x_wconf 67' lang='lat' dir='ltr'>transgressionibus</span> <span class='ocrx_word' id='word_1_138' title='bbox 891 1142 1171 1190; x_wconf 88' lang='lat' dir='ltr'>quibuscumque</span> <span class='ocrx_word' id='word_1_139' title='bbox 1202 1156 1266 1191; x_wconf 88' lang='lat' dir='ltr'>per</span> <span class='ocrx_word' id='word_1_140' title='bbox 1297 1143 1388 1191; x_wconf 86' lang='lat' dir='ltr'>ipsos</span> <span class='ocrx_word' id='word_1_141' title='bbox 1414 1143 1472 1179; x_wconf 93' lang='lat' dir='ltr'>vel</span> <span class='ocrx_word' id='word_1_142' title='bbox 1500 1143 1653 1192; x_wconf 89' lang='lat' dir='ltr'>ipsorum</span> <span class='ocrx_word' id='word_1_143' title='bbox 1683 1145 1836 1193; x_wconf 85' lang='lat' dir='ltr'>aliquem</span> 
     </span>
     <span class='ocr_line' id='line_1_18' title="bbox 331 1201 1839 1251; baseline 0 -12"><span class='ocrx_word' id='word_1_144' title='bbox 331 1204 626 1251; x_wconf 81' lang='lat' dir='ltr'>qualitercunque</span> <span class='ocrx_word' id='word_1_145' title='bbox 654 1201 864 1250; x_wconf 83' lang='lat' dir='ltr'>perpetratis</span> <span class='ocrx_word' id='word_1_146' title='bbox 892 1201 951 1237; x_wconf 90' lang='lat' dir='ltr'>seu</span> <span class='ocrx_word' id='word_1_147' title='bbox 980 1201 1083 1236; x_wconf 60' lang='lat' dir='ltr'>fastis</span> <span class='ocrx_word' id='word_1_148' title='bbox 1114 1201 1221 1249; x_wconf 91' lang='lat' dir='ltr'>usque</span> <span class='ocrx_word' id='word_1_149' title='bbox 1251 1201 1286 1236; x_wconf 91' lang='lat' dir='ltr'>in</span> <span class='ocrx_word' id='word_1_150' title='bbox 1317 1201 1411 1237; x_wconf 90' lang='lat' dir='ltr'>diem</span> <span class='ocrx_word' id='word_1_151' title='bbox 1439 1201 1676 1238; x_wconf 62' lang='lat' dir='ltr'>confectionis</span> <span class='ocrx_word' id='word_1_152' title='bbox 1700 1204 1839 1251; x_wconf 81' lang='lat' dir='ltr'>presen-</span> 
     </span>
     <span class='ocr_line' id='line_1_19' title="bbox 331 1258 1837 1309; baseline 0.001 -13"><span class='ocrx_word' id='word_1_153' title='bbox 331 1262 419 1296; x_wconf 84' lang='lat' dir='ltr'>tium</span> <span class='ocrx_word' id='word_1_154' title='bbox 440 1261 622 1296; x_wconf 88' lang='lat' dir='ltr'>literarum</span> <span class='ocrx_word' id='word_1_155' title='bbox 643 1280 650 1287; x_wconf 94' lang='lat'><em>·</em></span> <span class='ocrx_word' id='word_1_156' title='bbox 682 1260 738 1296; x_wconf 90' lang='lat' dir='ltr'>Ita</span> <span class='ocrx_word' id='word_1_157' title='bbox 756 1265 876 1296; x_wconf 87' lang='lat' dir='ltr'>tamen</span> <span class='ocrx_word' id='word_1_158' title='bbox 895 1259 993 1307; x_wconf 90' lang='lat' dir='ltr'>quod</span> <span class='ocrx_word' id='word_1_159' title='bbox 1011 1258 1139 1307; x_wconf 85' lang='lat' dir='ltr'>finguli</span> <span class='ocrx_word' id='word_1_160' title='bbox 1158 1260 1407 1308; x_wconf 67' lang='lat' dir='ltr'>predi&amp;orum</span> <span class='ocrx_word' id='word_1_161' title='bbox 1426 1259 1590 1296; x_wconf 88' lang='lat' dir='ltr'>fidelibus</span> <span class='ocrx_word' id='word_1_162' title='bbox 1609 1261 1711 1309; x_wconf 83' lang='lat' dir='ltr'>regni</span> <span class='ocrx_word' id='word_1_163' title='bbox 1730 1262 1837 1297; x_wconf 88' lang='lat' dir='ltr'>nostri</span> 
     </span>
     <span class='ocr_line' id='line_1_20' title="bbox 332 1318 1837 1369; baseline 0.002 -16"><span class='ocrx_word' id='word_1_164' title='bbox 332 1318 353 1353; x_wconf 81' lang='lat' dir='ltr'>fi</span> <span class='ocrx_word' id='word_1_165' title='bbox 372 1319 431 1366; x_wconf 91' lang='lat' dir='ltr'>qui</span> <span class='ocrx_word' id='word_1_166' title='bbox 451 1319 540 1367; x_wconf 90' lang='lat' dir='ltr'>ipsos</span> <span class='ocrx_word' id='word_1_167' title='bbox 559 1319 594 1353; x_wconf 92' lang='lat' dir='ltr'>in</span> <span class='ocrx_word' id='word_1_168' title='bbox 614 1319 729 1354; x_wconf 88' lang='lat' dir='ltr'>forma</span> <span class='ocrx_word' id='word_1_169' title='bbox 745 1318 838 1367; x_wconf 92' lang='lat' dir='ltr'>juris</span> <span class='ocrx_word' id='word_1_170' title='bbox 855 1318 1019 1366; x_wconf 88' lang='lat' dir='ltr'>prosequi</span> <span class='ocrx_word' id='word_1_171' title='bbox 1038 1318 1222 1353; x_wconf 90' lang='lat' dir='ltr'>voluerint</span> <span class='ocrx_word' id='word_1_172' title='bbox 1241 1318 1285 1354; x_wconf 88' lang='lat' dir='ltr'>de</span> <span class='ocrx_word' id='word_1_173' title='bbox 1304 1318 1467 1367; x_wconf 85' lang='lat' dir='ltr'>dampnis</span> <span class='ocrx_word' id='word_1_174' title='bbox 1485 1324 1521 1354; x_wconf 91' lang='lat' dir='ltr'>et</span> <span class='ocrx_word' id='word_1_175' title='bbox 1539 1318 1678 1367; x_wconf 88' lang='lat' dir='ltr'>injuriis</span> <span class='ocrx_word' id='word_1_176' title='bbox 1696 1318 1755 1355; x_wconf 86' lang='lat' dir='ltr'>fibi</span> <span class='ocrx_word' id='word_1_177' title='bbox 1775 1334 1837 1369; x_wconf 90' lang='lat' dir='ltr'>per</span> 
     </span>
     <span class='ocr_line' id='line_1_21' title="bbox 330 1375 1837 1425; baseline 0 -13"><span class='ocrx_word' id='word_1_178' title='bbox 330 1377 418 1425; x_wconf 89' lang='lat' dir='ltr'>ipsos</span> <span class='ocrx_word' id='word_1_179' title='bbox 436 1377 492 1412; x_wconf 94' lang='lat' dir='ltr'>vel</span> <span class='ocrx_word' id='word_1_180' title='bbox 518 1377 672 1425; x_wconf 91' lang='lat' dir='ltr'>ipsorum</span> <span class='ocrx_word' id='word_1_181' title='bbox 699 1377 853 1424; x_wconf 90' lang='lat' dir='ltr'>aliquem</span> <span class='ocrx_word' id='word_1_182' title='bbox 882 1376 988 1411; x_wconf 88' lang='lat' dir='ltr'>illatis</span> <span class='ocrx_word' id='word_1_183' title='bbox 1007 1375 1100 1425; x_wconf 90' lang='lat' dir='ltr'>juste</span> <span class='ocrx_word' id='word_1_184' title='bbox 1125 1382 1318 1412; x_wconf 86' lang='lat' dir='ltr'>teneantur</span> <span class='ocrx_word' id='word_1_185' title='bbox 1341 1376 1555 1425; x_wconf 86' lang='lat' dir='ltr'>respondere</span> <span class='ocrx_word' id='word_1_186' title='bbox 1580 1382 1616 1412; x_wconf 88' lang='lat' dir='ltr'>et</span> <span class='ocrx_word' id='word_1_187' title='bbox 1640 1377 1837 1414; x_wconf 76' lang='lat' dir='ltr'>satisfacere</span> 
     </span>
     <span class='ocr_line' id='line_1_22' title="bbox 330 1434 1837 1484; baseline 0.001 -15"><span class='ocrx_word' id='word_1_188' title='bbox 330 1435 522 1471; x_wconf 89' lang='lat' dir='ltr'>secundum</span> <span class='ocrx_word' id='word_1_189' title='bbox 548 1435 644 1483; x_wconf 86' lang='lat' dir='ltr'>leges</span> <span class='ocrx_word' id='word_1_190' title='bbox 671 1441 706 1470; x_wconf 90' lang='lat' dir='ltr'>et</span> <span class='ocrx_word' id='word_1_191' title='bbox 733 1434 1008 1470; x_wconf 86' lang='lat' dir='ltr'>consuetudines</span> <span class='ocrx_word' id='word_1_192' title='bbox 1026 1435 1128 1482; x_wconf 86' lang='lat' dir='ltr'>regni</span> <span class='ocrx_word' id='word_1_193' title='bbox 1147 1434 1255 1470; x_wconf 88' lang='lat' dir='ltr'>nostri</span> <span class='ocrx_word' id='word_1_194' title='bbox 1275 1454 1283 1462; x_wconf 96' lang='lat'><strong>·</strong></span> <span class='ocrx_word' id='word_1_195' title='bbox 1310 1434 1358 1470; x_wconf 83' lang='lat' dir='ltr'>Et</span> <span class='ocrx_word' id='word_1_196' title='bbox 1375 1434 1466 1483; x_wconf 89' lang='lat' dir='ltr'>ipsos</span> <span class='ocrx_word' id='word_1_197' title='bbox 1485 1448 1609 1470; x_wconf 88' lang='lat' dir='ltr'>omnes</span> <span class='ocrx_word' id='word_1_198' title='bbox 1626 1435 1837 1484; x_wconf 86' lang='lat' dir='ltr'>prescriptos</span> 
     </span>
     <span class='ocr_line' id='line_1_23' title="bbox 330 1492 1838 1542; baseline 0 -14"><span class='ocrx_word' id='word_1_199' title='bbox 330 1507 370 1528; x_wconf 88' lang='lat' dir='ltr'>ac</span> <span class='ocrx_word' id='word_1_200' title='bbox 388 1507 512 1529; x_wconf 89' lang='lat' dir='ltr'>eorum</span> <span class='ocrx_word' id='word_1_201' title='bbox 532 1493 726 1540; x_wconf 87' lang='lat' dir='ltr'>quemlibet</span> <span class='ocrx_word' id='word_1_202' title='bbox 747 1493 808 1528; x_wconf 91' lang='lat' dir='ltr'>sub</span> <span class='ocrx_word' id='word_1_203' title='bbox 833 1493 936 1528; x_wconf 88' lang='lat' dir='ltr'>firma</span> <span class='ocrx_word' id='word_1_204' title='bbox 958 1506 1044 1542; x_wconf 87' lang='lat' dir='ltr'>pace</span> <span class='ocrx_word' id='word_1_205' title='bbox 1067 1499 1102 1529; x_wconf 90' lang='lat' dir='ltr'>et</span> <span class='ocrx_word' id='word_1_206' title='bbox 1123 1493 1351 1541; x_wconf 60' lang='lat' dir='ltr'>protefifione</span> <span class='ocrx_word' id='word_1_207' title='bbox 1373 1492 1491 1528; x_wconf 89' lang='lat' dir='ltr'>nostra</span> <span class='ocrx_word' id='word_1_208' title='bbox 1503 1492 1596 1542; x_wconf 89' lang='lat' dir='ltr'>juste</span> <span class='ocrx_word' id='word_1_209' title='bbox 1615 1493 1838 1542; x_wconf 82' lang='lat' dir='ltr'>suscipientes</span> 
     </span>
     <span class='ocr_line' id='line_1_24' title="bbox 332 1551 1837 1600; baseline 0.001 -14"><span class='ocrx_word' id='word_1_210' title='bbox 332 1551 481 1586; x_wconf 87' lang='lat' dir='ltr'>firmiter</span> <span class='ocrx_word' id='word_1_211' title='bbox 508 1551 708 1587; x_wconf 88' lang='lat' dir='ltr'>inhibemus</span> <span class='ocrx_word' id='word_1_212' title='bbox 730 1564 775 1587; x_wconf 88' lang='lat' dir='ltr'>ne</span> <span class='ocrx_word' id='word_1_213' title='bbox 799 1551 877 1599; x_wconf 85' lang='lat' dir='ltr'>quis</span> <span class='ocrx_word' id='word_1_214' title='bbox 895 1551 986 1600; x_wconf 90' lang='lat' dir='ltr'>ipsos</span> <span class='ocrx_word' id='word_1_215' title='bbox 1004 1551 1061 1587; x_wconf 90' lang='lat' dir='ltr'>vel</span> <span class='ocrx_word' id='word_1_216' title='bbox 1081 1551 1237 1600; x_wconf 89' lang='lat' dir='ltr'>ipsorum</span> <span class='ocrx_word' id='word_1_217' title='bbox 1255 1551 1409 1599; x_wconf 85' lang='lat' dir='ltr'>aliquem</span> <span class='ocrx_word' id='word_1_218' title='bbox 1429 1556 1556 1587; x_wconf 87' lang='lat' dir='ltr'>contra</span> <span class='ocrx_word' id='word_1_219' title='bbox 1573 1551 1665 1587; x_wconf 86' lang='lat' dir='ltr'>hanc</span> <span class='ocrx_word' id='word_1_220' title='bbox 1684 1551 1837 1588; x_wconf 88' lang='lat' dir='ltr'>nostram</span> 
     </span>
     <span class='ocr_line' id='line_1_25' title="bbox 333 1607 1838 1658; baseline 0.001 -14"><span class='ocrx_word' id='word_1_221' title='bbox 333 1607 567 1645; x_wconf 86' lang='lat' dir='ltr'>remissionem</span> <span class='ocrx_word' id='word_1_222' title='bbox 595 1622 744 1657; x_wconf 83' lang='lat' dir='ltr'>gravare</span> <span class='ocrx_word' id='word_1_223' title='bbox 766 1623 896 1645; x_wconf 86' lang='lat' dir='ltr'>vexare</span> <span class='ocrx_word' id='word_1_224' title='bbox 923 1609 1110 1645; x_wconf 80' lang='lat' dir='ltr'>molestare</span> <span class='ocrx_word' id='word_1_225' title='bbox 1134 1609 1192 1645; x_wconf 90' lang='lat' dir='ltr'>vel</span> <span class='ocrx_word' id='word_1_226' title='bbox 1218 1609 1420 1657; x_wconf 86' lang='lat' dir='ltr'>aliqualiter</span> <span class='ocrx_word' id='word_1_227' title='bbox 1442 1609 1641 1657; x_wconf 87' lang='lat' dir='ltr'>inquietare</span> <span class='ocrx_word' id='word_1_228' title='bbox 1661 1611 1838 1658; x_wconf 84' lang='lat' dir='ltr'>presumat</span> 
     </span>
     <span class='ocr_line' id='line_1_26' title="bbox 333 1666 1836 1716; baseline 0.001 -14"><span class='ocrx_word' id='word_1_229' title='bbox 333 1666 457 1715; x_wconf 86' lang='lat' dir='ltr'>injuste</span> <span class='ocrx_word' id='word_1_230' title='bbox 484 1667 544 1702; x_wconf 85' lang='lat' dir='ltr'>sub</span> <span class='ocrx_word' id='word_1_231' title='bbox 571 1681 662 1715; x_wconf 90' lang='lat' dir='ltr'>pena</span> <span class='ocrx_word' id='word_1_232' title='bbox 688 1668 849 1703; x_wconf 90' lang='lat' dir='ltr'>omnium</span> <span class='ocrx_word' id='word_1_233' title='bbox 872 1681 940 1715; x_wconf 91' lang='lat' dir='ltr'>que</span> <span class='ocrx_word' id='word_1_234' title='bbox 964 1681 1049 1716; x_wconf 85' lang='lat' dir='ltr'>erga</span> <span class='ocrx_word' id='word_1_235' title='bbox 1067 1681 1133 1703; x_wconf 90' lang='lat' dir='ltr'>nos</span> <span class='ocrx_word' id='word_1_236' title='bbox 1151 1668 1266 1703; x_wconf 91' lang='lat' dir='ltr'>amitti</span> <span class='ocrx_word' id='word_1_237' title='bbox 1284 1673 1456 1714; x_wconf 91' lang='lat' dir='ltr'>poterunt</span> <span class='ocrx_word' id='word_1_238' title='bbox 1474 1669 1731 1716; x_wconf 91' lang='lat' dir='ltr'>quoquomodo</span> <span class='ocrx_word' id='word_1_239' title='bbox 1751 1688 1758 1696; x_wconf 91' lang='lat'><strong>·</strong></span> <span class='ocrx_word' id='word_1_240' title='bbox 1794 1669 1836 1704; x_wconf 86' lang='lat' dir='ltr'>In</span> 
     </span>
     <span class='ocr_line' id='line_1_27' title="bbox 333 1725 1837 1773; baseline 0.001 -13"><span class='ocrx_word' id='word_1_241' title='bbox 333 1725 434 1773; x_wconf 92' lang='lat' dir='ltr'>cujus</span> <span class='ocrx_word' id='word_1_242' title='bbox 456 1725 506 1760; x_wconf 91' lang='lat' dir='ltr'>rei</span> <span class='ocrx_word' id='word_1_243' title='bbox 529 1725 768 1761; x_wconf 84' lang='lat' dir='ltr'>testimouium</span> <span class='ocrx_word' id='word_1_244' title='bbox 786 1726 849 1761; x_wconf 88' lang='lat' dir='ltr'>has</span> <span class='ocrx_word' id='word_1_245' title='bbox 867 1726 986 1761; x_wconf 81' lang='lat' dir='ltr'>literas</span> <span class='ocrx_word' id='word_1_246' title='bbox 1004 1726 1139 1762; x_wconf 87' lang='lat' dir='ltr'>nostras</span> <span class='ocrx_word' id='word_1_247' title='bbox 1157 1739 1223 1772; x_wconf 89' lang='lat' dir='ltr'>pro</span> <span class='ocrx_word' id='word_1_248' title='bbox 1242 1731 1405 1772; x_wconf 88' lang='lat' dir='ltr'>tempore</span> <span class='ocrx_word' id='word_1_249' title='bbox 1424 1726 1496 1761; x_wconf 88' lang='lat' dir='ltr'>vite</span> <span class='ocrx_word' id='word_1_250' title='bbox 1515 1726 1712 1762; x_wconf 87' lang='lat' dir='ltr'>eorundem</span> <span class='ocrx_word' id='word_1_251' title='bbox 1733 1727 1837 1762; x_wconf 89' lang='lat' dir='ltr'>dura-</span> 
     </span>
     <span class='ocr_line' id='line_1_28' title="bbox 332 1781 1836 1833; baseline 0.002 -16"><span class='ocrx_word' id='word_1_252' title='bbox 332 1790 429 1818; x_wconf 84' lang='lat' dir='ltr'>turas</span> <span class='ocrx_word' id='word_1_253' title='bbox 450 1781 509 1818; x_wconf 85' lang='lat' dir='ltr'>fibi</span> <span class='ocrx_word' id='word_1_254' title='bbox 531 1783 607 1818; x_wconf 85' lang='lat' dir='ltr'>fieri</span> <span class='ocrx_word' id='word_1_255' title='bbox 632 1783 780 1819; x_wconf 87' lang='lat' dir='ltr'>fecimus</span> <span class='ocrx_word' id='word_1_256' title='bbox 805 1789 966 1832; x_wconf 88' lang='lat' dir='ltr'>patentes</span> <span class='ocrx_word' id='word_1_257' title='bbox 986 1804 993 1812; x_wconf 93' lang='lat'><strong>·</strong></span> <span class='ocrx_word' id='word_1_258' title='bbox 1033 1785 1145 1833; x_wconf 91' lang='lat' dir='ltr'>Apud</span> <span class='ocrx_word' id='word_1_259' title='bbox 1165 1784 1274 1820; x_wconf 84' lang='lat' dir='ltr'>Perth</span> <span class='ocrx_word' id='word_1_260' title='bbox 1293 1784 1409 1833; x_wconf 91' lang='lat' dir='ltr'>primo</span> <span class='ocrx_word' id='word_1_261' title='bbox 1429 1784 1486 1820; x_wconf 89' lang='lat' dir='ltr'>die</span> <span class='ocrx_word' id='word_1_262' title='bbox 1508 1784 1722 1820; x_wconf 87' lang='lat' dir='ltr'>Novembris</span> <span class='ocrx_word' id='word_1_263' title='bbox 1740 1799 1836 1821; x_wconf 88' lang='lat' dir='ltr'>anno</span> 
     </span>
     <span class='ocr_line' id='line_1_29' title="bbox 332 1840 847 1888; baseline 0.002 -13"><span class='ocrx_word' id='word_1_264' title='bbox 332 1841 433 1888; x_wconf 82' lang='lat' dir='ltr'>regni</span> <span class='ocrx_word' id='word_1_265' title='bbox 452 1840 559 1876; x_wconf 80' lang='lat' dir='ltr'>nostri</span> <span class='ocrx_word' id='word_1_266' title='bbox 581 1855 675 1876; x_wconf 87' lang='lat' dir='ltr'>·xxx·</span> <span class='ocrx_word' id='word_1_267' title='bbox 694 1841 819 1888; x_wconf 85' lang='lat' dir='ltr'>quinto</span> <span class='ocrx_word' id='word_1_268' title='bbox 840 1862 847 1869; x_wconf 92' lang='lat'><strong>·</strong></span> 
     </span>
    </p>
   </div>
   <div class='ocr_carea' id='block_1_7' title="bbox 333 2016 1484 2066">
    <p class='ocr_par' dir='ltr' id='par_1_7' title="bbox 333 2016 1484 2066">
     <span class='ocr_line' id='line_1_30' title="bbox 333 2016 1484 2066; baseline 0.003 -16"><span class='ocrx_word' id='word_1_269' title='bbox 333 2016 443 2058; x_wconf 81' lang='lat' dir='ltr'>Quod</span> <span class='ocrx_word' id='word_1_270' title='bbox 466 2016 656 2064; x_wconf 87' lang='lat' dir='ltr'>Episcopus</span> <span class='ocrx_word' id='word_1_271' title='bbox 674 2029 738 2065; x_wconf 90' lang='lat' dir='ltr'>per</span> <span class='ocrx_word' id='word_1_272' title='bbox 756 2016 925 2053; x_wconf 83' lang='lat' dir='ltr'>ballivum</span> <span class='ocrx_word' id='word_1_273' title='bbox 945 2019 1109 2066; x_wconf 85' lang='lat' dir='ltr'>cognosci</span> <span class='ocrx_word' id='word_1_274' title='bbox 1128 2019 1233 2055; x_wconf 87' lang='lat' dir='ltr'>faciat</span> <span class='ocrx_word' id='word_1_275' title='bbox 1252 2019 1296 2054; x_wconf 92' lang='lat' dir='ltr'>de</span> <span class='ocrx_word' id='word_1_276' title='bbox 1316 2018 1456 2055; x_wconf 60' lang='lat' dir='ltr'>delictis</span> <span class='ocrx_word' id='word_1_277' title='bbox 1476 2038 1484 2046; x_wconf 82' lang='lat'><strong>·</strong></span> 
     </span>
    </p>
   </div>
   <div class='ocr_carea' id='block_1_8' title="bbox 331 2132 1837 2355">
    <p class='ocr_par' dir='ltr' id='par_1_8' title="bbox 331 2132 1837 2355">
     <span class='ocr_line' id='line_1_31' title="bbox 333 2132 1835 2182; baseline 0.001 -16"><span class='ocrx_word' id='word_1_278' title='bbox 333 2132 451 2167; x_wconf 88' lang='lat' dir='ltr'>David</span> <span class='ocrx_word' id='word_1_279' title='bbox 473 2132 544 2167; x_wconf 91' lang='lat' dir='ltr'>Dei</span> <span class='ocrx_word' id='word_1_280' title='bbox 569 2132 684 2178; x_wconf 79' lang='lat' dir='ltr'>gratia</span> <span class='ocrx_word' id='word_1_281' title='bbox 708 2132 788 2167; x_wconf 84' lang='lat' dir='ltr'>Rex</span> <span class='ocrx_word' id='word_1_282' title='bbox 813 2133 1017 2168; x_wconf 83' lang='lat' dir='ltr'>Scottorum</span> <span class='ocrx_word' id='word_1_283' title='bbox 1040 2134 1241 2182; x_wconf 80' lang='lat' dir='ltr'>justiciariis</span> <span class='ocrx_word' id='word_1_284' title='bbox 1261 2155 1269 2163; x_wconf 92' lang='lat'><strong>·</strong></span> <span class='ocrx_word' id='word_1_285' title='bbox 1295 2134 1567 2171; x_wconf 86' lang='lat' dir='ltr'>coronatoribus</span> <span class='ocrx_word' id='word_1_286' title='bbox 1587 2154 1595 2161; x_wconf 91' lang='lat'><strong>·</strong></span> <span class='ocrx_word' id='word_1_287' title='bbox 1620 2134 1835 2169; x_wconf 88' lang='lat' dir='ltr'>vicecomiti-</span> 
     </span>
     <span class='ocr_line' id='line_1_32' title="bbox 332 2189 1836 2241; baseline 0.001 -17"><span class='ocrx_word' id='word_1_288' title='bbox 332 2190 396 2225; x_wconf 86' lang='lat' dir='ltr'>bus</span> <span class='ocrx_word' id='word_1_289' title='bbox 417 2210 425 2217; x_wconf 93' lang='lat'><strong>·</strong></span> <span class='ocrx_word' id='word_1_290' title='bbox 449 2189 630 2238; x_wconf 73' lang='lat' dir='ltr'>prepositis</span> <span class='ocrx_word' id='word_1_291' title='bbox 654 2196 688 2225; x_wconf 85' lang='lat' dir='ltr'>et</span> <span class='ocrx_word' id='word_1_292' title='bbox 711 2203 835 2226; x_wconf 89' lang='lat' dir='ltr'>eorum</span> <span class='ocrx_word' id='word_1_293' title='bbox 856 2190 992 2226; x_wconf 80' lang='lat' dir='ltr'>ballivis</span> <span class='ocrx_word' id='word_1_294' title='bbox 1010 2192 1054 2226; x_wconf 84' lang='lat' dir='ltr'>ad</span> <span class='ocrx_word' id='word_1_295' title='bbox 1073 2205 1160 2239; x_wconf 84' lang='lat' dir='ltr'>quos</span> <span class='ocrx_word' id='word_1_296' title='bbox 1180 2193 1357 2241; x_wconf 85' lang='lat' dir='ltr'>presentes</span> <span class='ocrx_word' id='word_1_297' title='bbox 1376 2193 1478 2228; x_wconf 89' lang='lat' dir='ltr'>litere</span> <span class='ocrx_word' id='word_1_298' title='bbox 1497 2192 1726 2240; x_wconf 87' lang='lat' dir='ltr'>pervenerint</span> <span class='ocrx_word' id='word_1_299' title='bbox 1750 2192 1836 2226; x_wconf 85' lang='lat' dir='ltr'>salu-</span> 
     </span>
     <span class='ocr_line' id='line_1_33' title="bbox 331 2247 1836 2299; baseline 0.001 -16"><span class='ocrx_word' id='word_1_300' title='bbox 331 2256 402 2284; x_wconf 82' lang='lat' dir='ltr'>tem</span> <span class='ocrx_word' id='word_1_301' title='bbox 423 2268 430 2275; x_wconf 94' lang='lat'><em>·</em></span> <span class='ocrx_word' id='word_1_302' title='bbox 460 2248 584 2284; x_wconf 80' lang='lat' dir='ltr'>Sciatis</span> <span class='ocrx_word' id='word_1_303' title='bbox 602 2248 698 2295; x_wconf 90' lang='lat' dir='ltr'>quod</span> <span class='ocrx_word' id='word_1_304' title='bbox 717 2247 947 2284; x_wconf 81' lang='lat' dir='ltr'>conceffimns</span> <span class='ocrx_word' id='word_1_305' title='bbox 966 2250 1159 2285; x_wconf 83' lang='lat' dir='ltr'>venerabili</span> <span class='ocrx_word' id='word_1_306' title='bbox 1183 2251 1220 2286; x_wconf 88' lang='lat' dir='ltr'>in</span> <span class='ocrx_word' id='word_1_307' title='bbox 1241 2250 1381 2287; x_wconf 85' lang='lat' dir='ltr'>Christo</span> <span class='ocrx_word' id='word_1_308' title='bbox 1406 2250 1496 2299; x_wconf 83' lang='lat' dir='ltr'>patri</span> <span class='ocrx_word' id='word_1_309' title='bbox 1518 2249 1729 2285; x_wconf 82' lang='lat' dir='ltr'>Alexandro</span> <span class='ocrx_word' id='word_1_310' title='bbox 1753 2250 1836 2297; x_wconf 85' lang='lat' dir='ltr'>epis-</span> 
     </span>
     <span class='ocr_line' id='line_1_34' title="bbox 331 2305 1837 2355; baseline 0.001 -14"><span class='ocrx_word' id='word_1_311' title='bbox 331 2320 420 2354; x_wconf 79' lang='lat' dir='ltr'>copo</span> <span class='ocrx_word' id='word_1_312' title='bbox 436 2305 649 2343; x_wconf 67' lang='lat' dir='ltr'>moraviensi</span> <span class='ocrx_word' id='word_1_313' title='bbox 665 2326 672 2334; x_wconf 92' lang='lat'><strong>·</strong></span> <span class='ocrx_word' id='word_1_314' title='bbox 693 2320 736 2342; x_wconf 90' lang='lat' dir='ltr'>ex</span> <span class='ocrx_word' id='word_1_315' title='bbox 755 2307 859 2342; x_wconf 75' lang='lat' dir='ltr'>certis</span> <span class='ocrx_word' id='word_1_316' title='bbox 879 2307 1110 2343; x_wconf 86' lang='lat' dir='ltr'>rationalibus</span> <span class='ocrx_word' id='word_1_317' title='bbox 1129 2308 1235 2344; x_wconf 69' lang='lat' dir='ltr'>caulis</span> <span class='ocrx_word' id='word_1_318' title='bbox 1256 2322 1320 2344; x_wconf 88' lang='lat' dir='ltr'>nos</span> <span class='ocrx_word' id='word_1_319' title='bbox 1339 2309 1383 2345; x_wconf 90' lang='lat' dir='ltr'>ad</span> <span class='ocrx_word' id='word_1_320' title='bbox 1403 2309 1470 2344; x_wconf 89' lang='lat' dir='ltr'>hoc</span> <span class='ocrx_word' id='word_1_321' title='bbox 1490 2307 1716 2343; x_wconf 81' lang='lat' dir='ltr'>moventibus</span> <span class='ocrx_word' id='word_1_322' title='bbox 1731 2327 1738 2335; x_wconf 90' lang='lat'><strong>·</strong></span> <span class='ocrx_word' id='word_1_323' title='bbox 1760 2321 1837 2355; x_wconf 79' lang='lat' dir='ltr'>pre-</span> 
     </span>
    </p>
   </div>
  </div>
 </body>
</html>
