1912 2660
681 100 859 137 CARTE
886 101 959 138 ΟΒ
965 102 1225 138 IGINALES.
1617 108 1689 144 459

209 199 334 248 scripta
350 199 388 234 in
404 198 551 233 liberam
570 203 606 233 et
623 204 829 246 perpetuam
849 197 1073 233 elemosinam
1092 203 1237 234 teneant
1254 205 1290 234 et
1307 199 1499 247 possideant
1516 202 1565 237 ita
1582 202 1691 237 libere

209 262 244 292 et
269 257 386 304 quiete
412 255 568 303 plenarie
595 261 630 290 et
657 255 852 290 honorifice
870 253 955 290 ficut
972 255 1080 301 aliqui
1099 255 1166 290 viri
1183 255 1334 302 religiosi
1352 257 1582 293 Cistercienfis'
1600 259 1692 293 ordi-

208 314 262 348 nis
280 314 315 348 in
333 317 409 348 tota
430 317 526 347 terra
549 311 666 347 nostra
689 311 893 347 elemosinas
916 311 992 346 suas
1017 311 1162 347 liberius
1185 312 1338 359 quietius
1363 314 1502 361 plenius
1524 322 1559 350 et
1581 316 1692 351 hono-

206 369 399 404 rificentius
417 373 541 403 tenent
559 367 786 416 etpoflident
811 367 897 403 ficut
919 373 1015 403 carte
1042 369 1208 403 datorum
1236 368 1406 404 testantur
1425 389 1433 397 ·
1461 371 1554 406 salvo
1572 378 1690 407 tamen

205 426 349 461 servicio
368 425 486 460 nostro
507 425 550 460 de
569 426 672 461 terris
691 426 734 460 de
753 425 879 472 quibus
893 425 1077 460 servicium
1092 425 1221 461 habere
1236 425 1404 460 debemus
1419 445 1426 453 ·
1445 425 1530 461 sicut
1548 434 1642 463 carte
1657 434 1691 463 et

204 482 426 518 confirmatio
445 482 580 517 domini
600 483 710 529 Regis
722 482 892 517 willelmi
910 482 1019 529 patris
1037 481 1145 517 nostri
1160 482 1242 517 inde
1260 482 1351 518 facte
1369 482 1539 518 testantur
1557 489 1593 519 et
1610 497 1692 519 con-

203 540 346 574 firmant
365 559 373 567 ·
401 539 563 574 Testibus
578 539 719 574 Thoma
733 540 776 575 de
792 539 958 575 Strivelin
978 539 1190 574 cancellario
1209 539 1345 574 domini
1360 539 1470 587 Regis
1482 560 1490 567 ·
1511 540 1690 576 willelmo

204 596 346 644 Cumyn
365 596 495 631 comite
513 597 558 631 de
578 597 725 632 Buchan
738 596 931 644 justiciario
951 596 1068 632 Scotie
1087 616 1095 623 ·
1120 597 1267 643 Rogero
1286 597 1330 632 de
1350 597 1481 638 Quinci
1501 617 1509 624 -
1532 597 1691 633 Henrico

203 654 247 689 de
276 653 446 688 Strivelin
473 653 547 688 filio
575 654 713 688 comitis
740 654 859 688 David
880 673 887 680 ·
917 653 1076 688 Waltero
1104 653 1237 689 Cumin
1256 673 1264 681 ·
1291 653 1472 689 Willelmo
1501 654 1544 689 de
1572 654 1662 690 Brus
1682 675 1689 682 -

204 710 414 745 Alexandro
447 710 490 745 de
523 710 632 746 Seton
652 730 660 738 ·
697 710 871 746 michaele
902 710 1009 745 Scoto
1028 730 1036 738 ·
1073 711 1169 758 apud
1200 711 1352 746 soonam
1389 711 1600 746 duodecimo
1635 713 1691 747 die

203 767 384 815 Februarij
405 780 500 802 anno
519 768 620 814 regni
639 767 746 802 nostri
765 768 977 803 duodecimo
993 787 1000 794 -

203 939 420 987 Compositio
439 940 534 976 inter
554 940 739 975 Andrean]
759 940 959 988 episcopum
978 940 1236 976 moraviensem
1257 946 1292 975 et
1312 940 1510 976 Robertum
1533 941 1620 977 Hod
1635 961 1642 969 ·

202 1054 339 1089 Notum
366 1053 406 1089 fit
432 1054 595 1089 omnibus
622 1054 666 1089 ad
693 1067 781 1101 quos
806 1055 946 1102 presens
973 1055 1138 1101 scriptum
1166 1055 1368 1102 pervenerit
1385 1055 1480 1101 quod
1500 1068 1579 1090 cum
1597 1056 1692 1091 inter

201 1110 387 1146 Andream
412 1112 613 1159 episcopum
633 1111 891 1148 moraviensem
910 1117 946 1146 et
964 1111 1158 1159 capitulum
1176 1112 1397 1148 moraviense
1424 1125 1468 1147 ex
1493 1118 1592 1159 parte
1620 1126 1691 1147 una

199 1174 235 1204 et
254 1169 454 1204 Robertum
476 1169 584 1204 Hode
604 1174 639 1204 et
659 1168 848 1204 Matildam
875 1169 1032 1217 sponsam
1059 1169 1134 1217 ejus
1157 1182 1201 1204 ex
1226 1169 1338 1204 altera
1359 1168 1596 1204 controversia
1613 1183 1689 1205 ver-

198 1231 335 1261 teretur
354 1226 456 1274 super
475 1226 633 1262 manerio
652 1227 695 1261 de
715 1226 931 1261 Lamanbrid
949 1239 1029 1261 cum
1048 1226 1270 1273 pertinentiis
1287 1226 1355 1261 suis
1372 1239 1491 1261 coram
1509 1226 1689 1274 judicibus

198 1297 219 1318 a
237 1283 383 1319 domino
404 1284 498 1331 Papa
517 1283 687 1330 delegatis
705 1283 834 1318 scilicet
853 1283 995 1319 Abbate
1015 1283 1058 1318 de
1077 1284 1152 1318 Der
1171 1302 1179 1310 ·
1204 1284 1350 1318 Decano
1369 1290 1404 1318 et
1423 1282 1689 1318 Archidiacono

200 1340 448 1377 Aberdonensi
466 1360 474 1368 ·
498 1340 622 1376 illustri
646 1341 748 1387 Rege
773 1341 961 1376 Scotorum
986 1340 1195 1375 Alexandro
1223 1340 1431 1387 prohibente
1458 1346 1493 1375 et
1519 1340 1688 1375 afferente

198 1398 398 1446 predictum
418 1399 615 1433 manerium
640 1398 735 1433 snam
758 1398 824 1433 ess'e
842 1398 1024 1433 baroniam
1044 1403 1079 1433 et
1098 1397 1178 1432 ideo
1198 1397 1240 1432 de
1259 1397 1330 1445 ipso
1350 1398 1385 1432 in
1404 1397 1502 1432 curia
1522 1397 1636 1445 Regia
1653 1402 1689 1433 et

198 1468 272 1490 non
285 1454 510 1492 ecclesiastiea
524 1455 652 1490 debere
666 1455 797 1502 litigari
807 1474 814 1483 ·
830 1455 974 1490 tandem
989 1454 1064 1503 post
1078 1455 1206 1489 multas
1220 1454 1484 1489 altercationes·
1500 1454 1572 1501 ipso
1586 1454 1688 1502 Rege

198 1513 376 1548 mediante
396 1532 404 1540 ·
433 1513 592 1560 predicta
613 1512 714 1547 causa
731 1526 794 1560 per
812 1512 1082 1547 transactionem
1101 1511 1301 1559 hujusmodi
1319 1511 1472 1546 finaliter
1490 1511 1537 1546 est
1554 1511 1664 1558 sopita
1679 1531 1686 1539 ·

198 1569 327 1605 scilicet
348 1570 444 1616 quod
466 1570 645 1617 predictus
664 1570 857 1617 Episcopus
875 1583 940 1617 pro
966 1569 999 1604 se
1026 1575 1061 1604 et
1087 1568 1335 1604 succefforibus
1353 1568 1419 1603 suis
1437 1574 1473 1603 et
1490 1568 1686 1615 capitulum

198 1627 420 1662 moraviense
438 1640 503 1674 pro
521 1627 554 1662 se
573 1632 608 1662 et
626 1625 686 1661 fibi
707 1626 906 1662 successuris
932 1627 968 1661 in
994 1625 1170 1673 posterum
1198 1626 1250 1660 liti
1273 1625 1431 1672 predicte
1457 1624 1688 1660 renunciave-

196 1689 282 1719 runt
301 1684 336 1719 in
355 1689 566 1732 perpetuum
586 1689 621 1719 et
635 1684 796 1732 predicto
810 1684 870 1719 ·R·
886 1689 920 1719 et
936 1683 1003 1718 ·M·
1019 1683 1137 1731 sponse
1152 1682 1227 1731 ejus
1245 1688 1281 1718 et
1298 1682 1487 1718 heredibus
1506 1682 1574 1717 suis
1591 1682 1686 1729 quie-

196 1747 272 1776 tum
300 1741 544 1776 clamaverunt
570 1741 607 1776 in
633 1747 844 1789 perpetuum
872 1746 988 1776 totum
1015 1741 1189 1776 clameum
1213 1740 1311 1775 suum
1331 1745 1367 1775 et
1385 1745 1500 1775 totum
1513 1739 1573 1787 jus
1591 1740 1687 1786 quod

195 1798 228 1833 se
256 1798 419 1834 dicebant
450 1798 578 1834 habere
610 1799 644 1833 in
677 1799 837 1846 predicto
870 1798 1028 1833 manerio
1059 1798 1103 1833 de
1132 1797 1349 1832 Lamanbrid
1380 1810 1459 1832 cum
1488 1797 1554 1831 suis
1579 1797 1686 1844 perti-

195 1856 324 1891 nentiis
350 1855 514 1891 omnibus
532 1875 540 1883 ·
569 1862 716 1903 excepta
737 1854 878 1891 ecclesia
896 1855 1048 1903 ejusdem
1067 1854 1214 1890 manerii
1233 1860 1268 1890 et
1285 1867 1358 1889 una
1375 1854 1511 1889 dauach
1528 1859 1622 1889 terre
1641 1854 1685 1888 ad

195 1913 343 1948 eandem
363 1911 539 1948 ecclesiam
560 1913 761 1961 pertinente
781 1933 789 1940 ·
828 1913 1014 1948 Predictus
1032 1925 1117 1947 vero
1137 1911 1196 1946 ·R·
1218 1911 1305 1946 Hod
1324 1917 1359 1946 et
1377 1913 1439 1947 -m-
1463 1911 1585 1959 sponsa
1610 1911 1684 1959 ejus

194 1983 259 2018 pro
278 1970 342 2005 hac
356 1970 477 2017 quieta
489 1970 701 2005 clamatione
719 1970 865 2005 nomine
884 1969 1127 2005 transactionis
1145 1969 1323 2004 dederunt
1337 1968 1551 2017 episcopatui
1566 1970 1683 2004 mora-

194 2025 300 2062 vienfi
327 2033 363 2062 et
389 2027 506 2062 mense
532 2027 778 2075 episcoporum
796 2025 1072 2064 moraviensium
1090 2031 1126 2061 et
1145 2024 1406 2073 aflignaverunt
1433 2026 1469 2060 in
1495 2038 1619 2073 puram
1648 2031 1683 2059 et

192 2089 400 2132 perpetuam
427 2082 651 2119 elemosinam
677 2097 785 2119 unam
813 2084 949 2119 dauach
975 2089 1069 2119 terre
1095 2096 1164 2130 que
1185 2083 1385 2131 appellatur
1404 2083 1602 2118 Petnass'are
1619 2095 1681 2129 per

193 2144 270 2176 suas
287 2146 401 2177 rectas
420 2141 544 2176 divisas
562 2146 597 2176 et
615 2154 696 2177 cum
716 2141 879 2176 omnibus
891 2140 992 2189 justis
1009 2140 1233 2189 pertinentiis
1256 2140 1324 2175 suis
1344 2160 1351 2168 ·
1379 2153 1460 2175 cum
1487 2145 1562 2175 tota
1587 2145 1681 2173 terra

193 2211 262 2245 que
279 2198 327 2234 est
344 2199 437 2234 inter
461 2198 615 2235 rivulum
642 2199 702 2246 qui
728 2198 926 2247 appellatur
945 2197 1133 2234 Granuske
1160 2203 1196 2233 et
1221 2211 1311 2245 aqua
1337 2211 1405 2244 que
1432 2195 1609 2233 descendit
1636 2196 1680 2231 de
