1912 2660
176 385 233 412 329

173 812 230 839 380

169 1196 223 1223 331

168 1529 225 1555 332

166 1957 223 1984 333

260 99 333 138 396
651 99 755 135 REG
764 99 782 135 Ι
785 99 968 136 STRUM
997 100 1115 136 MOR
1122 99 1360 136 AVIENSE.

259 197 292 224 de
309 196 434 234 Dranye,
453 196 586 225 ,Iohanne
601 197 687 226 Innes
702 198 730 225 in
747 198 915 231 Knochillis,
935 198 1048 226 domino
1062 198 1169 226 Jacobo
1185 197 1296 226 Sibbald
1315 201 1343 224 et
1361 196 1475 224 domino
1488 197 1620 225 Johanne
1635 196 1763 225 Gibsoun

260 244 385 278 notariis,
399 244 475 273 dicto
487 245 594 273 Jacobo
609 245 694 273 Innes
711 245 828 273 Ballivo.
872 246 955 283 Apud
972 246 1078 283 Spyne,
1096 246 1131 272 14
1147 245 1218 272 Dec.
1237 245 1321 271 1555.

260 386 445 414 Confirmatio
463 387 497 414 ab
514 387 649 425 Episcopo
666 392 748 415 cartae
764 386 931 415 venditionis
946 385 1096 413 earundem
1111 389 1248 412 terrarum
1263 394 1280 411 a
1292 383 1425 412 ,Iohanne
1439 385 1541 413 comite
1557 385 1763 414 Sutherlandiae

258 433 338 462 factae
359 434 490 471 magistro
509 435 635 462 ,lohanni
658 434 803 472 Campbell
826 432 1063 461 commendatario
1082 432 1115 459 de
1136 431 1348 459 Ardebattane:
1371 431 1497 460 Tenend:
1515 432 1563 460 sub
1581 433 1683 462 eisdem
1698 444 1764 462 con-

258 482 411 510 ditionibus
432 482 532 520 quibus
553 482 610 520 ipse
633 483 735 511 Comes
757 482 834 520 prius
859 481 967 509 easdem
994 479 1095 512 tenuit,
1125 479 1198 517 apud
1220 479 1315 513 Fores,
1340 481 1377 507 21
1405 480 1469 519 Sep.
1497 481 1581 508 1556.
1635 481 1764 510 Testibus

260 529 385 558 Roberto
408 530 528 557 Dunbar
549 530 583 557 de
606 530 718 562 Durris,
742 528 912 557 Archibaldo
934 528 1037 555 Brown
1061 527 1189 564 burgensi
1211 527 1245 555 de
1269 527 1362 561 Fores,
1383 527 1490 556 Jacobo
1514 528 1611 556 Freser
1630 529 1763 557 servitore

259 577 389 611 Comitis,
404 577 518 605 domino
532 578 643 605 mIoanne
660 576 814 605 Gibsoune.
856 575 985 603 Testibus
1005 575 1038 602 ad
1060 574 1311 608 confirmationem,
1331 575 1446 603 Andrea
1467 575 1624 604 Monereiff
1638 575 1763 614 juniore,

261 624 405 652 Willelmo
427 624 587 658 Monereiff,
612 624 736 661 Georgio
760 623 891 660 Ogilwye
914 623 947 650 de
972 623 1185 659 Awquennane,
1205 622 1336 660 magistro
1358 622 1453 652 David
1474 623 1625 657 Trumbill,
1649 624 1764 652 domino

257 672 368 700 Joanne
385 671 522 700 Gibsoun.
564 672 650 710 Apud
666 672 770 709 Spyne,
787 672 823 698 24
841 670 905 708 Sep.
923 670 1008 698 1556.

256 814 349 843 Cartae
363 814 525 842 feodifirmae
544 814 577 841 ab
599 813 735 851 Episcopo
754 812 826 840 fucta
840 812 991 840 earundem
1006 816 1145 840 terrarum
1163 812 1326 840 Alexandro
1343 812 1480 841 Gordoun
1495 813 1529 841 de
1545 813 1656 848 Perssie,
1678 814 1763 851 refig-

255 867 384 890 natarum
398 873 414 890 a
428 862 502 890 dicto
515 860 760 890 Commendatario
774 860 802 887 in
818 859 942 887 favorem
957 859 1041 897 ipfius
1057 859 1221 894 Alexandri,
1236 860 1327 898 pretio
1345 861 1420 888 1100
1435 861 1535 889 mercis
1549 862 1583 889 ab
1598 862 1762 889 Alexandro

255 909 355 938 soluto.
397 909 523 937 Tenend:
546 908 594 936 sub
617 907 823 936 conditionibus
845 911 928 935 cartae
950 907 1052 935 Adami
1072 907 1210 935 Gordoun
1229 907 1330 946 (326).
1372 908 1502 936 Testibus
1516 908 1630 936 domino
1645 909 1762 937 Valtero

255 957 384 995 Ogilwye
406 957 440 984 de
465 956 564 993 Boynd
583 955 682 989 milite,
706 955 832 992 Georgio
856 955 991 993 Barclaye
1014 955 1047 983 de
1070 955 1178 988 eodem,
1201 955 1327 992 Georgio
1351 955 1476 993 Ogiluye
1498 956 1531 984 de
1556 957 1761 994 Auquennane,

254 1004 385 1042 magistro
400 1003 544 1031 willelmo
560 1003 713 1031 Gordoune
728 1003 762 1030 de
778 1002 931 1041 Tarparfie,
955 1003 1087 1031 Johanne
1105 1003 1259 1031 Gordoune
1274 1003 1307 1030 de
1325 1003 1459 1036 Ardae-ht,
1484 1004 1595 1032 Andrea
1610 1003 1766 1032 Monereiff

247 1051 361 1090 juniore
376 1056 404 1080 et
418 1051 532 1079 domino
546 1051 678 1079 Johanne
691 1050 818 1079 Gibsoun
834 1050 954 1079 notario.
998 1051 1085 1089 Apud
1100 1050 1195 1088 Elgin,
1214 1052 1249 1078 12
1265 1051 1331 1079 Feb.
1349 1052 1434 1079 1556.

253 1193 421 1231 Preceptum
443 1193 476 1221 de
499 1193 571 1221 clare
595 1193 702 1222 constat
724 1193 758 1221 ab
782 1192 920 1231 Episcopo
942 1193 1039 1221 datum
1061 1193 1095 1221 ad
1116 1192 1306 1221 infeofandam
1326 1193 1462 1222 Jonetam
1481 1194 1614 1222 Gordone
1635 1194 1762 1223 relictam

251 1241 390 1279 quondam
407 1241 563 1269 Alexandri
577 1241 695 1279 predicti
709 1241 739 1269 in
754 1240 802 1269 sua
815 1241 900 1269 tertia
914 1246 993 1279 parte
1008 1245 1147 1270 terrarum
1168 1241 1355 1280 predictarum
1371 1241 1473 1281 (330).
1514 1242 1640 1276 Ballivis,
1655 1242 1761 1270 Jacobo

251 1290 336 1317 Innes
350 1290 384 1317 de
399 1289 516 1326 Dranye
531 1294 559 1317 et
577 1289 702 1318 Roberto
714 1289 800 1318 Innes
815 1289 875 1328 ejus
890 1289 948 1317 filio
963 1294 991 1317 et
1006 1289 1107 1317 herede
1122 1293 1282 1327 apparente.
1325 1289 1454 1318 Testibus
1471 1289 1581 1318 Davide
1597 1289 1760 1328 Cumming,

252 1338 415 1365 Alexandro
432 1337 595 1376 Hepburne‚
619 1337 731 1365 Joanne
747 1337 914 1375 Hepburne,
939 1337 1086 1365 Willelmo
1101 1336 1245 1365 Lermond
1260 1337 1442 1365 servitoribus
1459 1337 1588 1375 Episcopi
1603 1343 1631 1366 et
1646 1338 1760 1366 domino

251 1386 361 1413 Joanne
377 1385 505 1413 Gibsoun
520 1390 628 1414 rectore
642 1385 676 1414 de
693 1385 844 1420 Unthank,
859 1384 978 1413 notario.
1020 1385 1106 1424 Apud
1123 1385 1228 1423 Spyne,
1242 1386 1281 1413 24
1298 1385 1370 1413 Maii
1389 1386 1472 1413 1570.

253 1529 338 1558 Carta
358 1528 530 1556 affedationis
551 1539 601 1567 pro
626 1530 661 1557 19
682 1529 762 1557 annis
784 1540 799 1557 a
817 1529 933 1557 Decano
954 1539 1019 1557 cum
1037 1528 1172 1557 consensu
1188 1528 1317 1567 Episcopi
1332 1533 1360 1557 et
1375 1528 1489 1566 capituli
1503 1528 1625 1556 conceffiz
1641 1527 1758 1555 Thomae

252 1575 423 1609 Chssholme,
443 1576 476 1604 de
490 1576 572 1604 terris
587 1577 620 1605 de
636 1577 745 1605 Bothill
761 1587 825 1605 cum
839 1577 1002 1605 molendino
1017 1581 1045 1605 et
1060 1581 1158 1614 quarta
1171 1581 1250 1615 parte
1263 1581 1402 1605 terrarum
1417 1577 1450 1604 de
1465 1575 1641 1614 Litilpenyk.
1683 1575 1759 1603 Red-

251 1624 341 1652 dendo
356 1623 501 1652 annuatim
516 1624 580 1652 L.4.
595 1626 622 1652 6.
636 1625 664 1652 8.
690 1626 708 1652 3
727 1625 814 1653 bollas
828 1634 989 1658 avenarum,
1015 1629 1141 1663 quartam
1166 1629 1274 1663 partem
1296 1629 1392 1653 martae
1413 1634 1464 1662 pro
1486 1623 1708 1662 Littil-pennyk‚
1729 1627 1758 1651 et

251 1675 370 1699 martam
391 1671 419 1698 in
442 1671 501 1699 vice
523 1671 571 1699 sua
591 1672 744 1710 respective
765 1673 799 1701 ad
819 1673 939 1711 reliquas
957 1677 1046 1702 terras
1067 1672 1225 1701 Decanatui
1240 1682 1365 1700 annexas
1379 1682 1430 1710 pro
1445 1671 1561 1705 Bothill,
1579 1672 1614 1699 12
1629 1680 1757 1709 capones,

251 1729 315 1746 cum
338 1718 464 1755 curiagiis
487 1723 515 1746 et
538 1719 671 1748 serviciis.
713 1720 842 1749 Testibus
863 1721 1003 1758 magistris
1025 1725 1053 1749 et
1075 1720 1197 1748 dominis
1219 1720 1330 1748 Thoma
1345 1720 1470 1748 Gaderar
1483 1719 1588 1748 vicario
1602 1719 1635 1747 de
1651 1718 1756 1751 Name,

252 1766 397 1794 Willelmo
420 1766 565 1800 Gordone,
598 1767 729 1795 Johanne
754 1768 872 1797 Roberti
896 1768 999 1797 vicario
1022 1769 1055 1797 de
1081 1768 1225 1802 Artilduil‚
1257 1768 1351 1797 David
1374 1767 1575 1805 Fothringame
1597 1766 1701 1796 vicario
1723 1766 1757 1794 de

253 1814 424 1851 Rothemay,
438 1814 563 1842 notariis.
606 1815 691 1853 Apud
707 1815 800 1853 Elgin,
817 1817 834 1844 2
852 1816 915 1854 Sep.
934 1817 1019 1844 1527.

252 1956 338 1985 Carta
351 1955 513 1983 seodifirmae
528 1957 561 1984 ab
577 1956 715 1995 Episcopo
732 1958 854 1986 concessa
872 1963 1009 1987 terrarum
1024 1959 1057 1987 de
1073 1959 1154 1988 Litill
1172 1959 1300 1987 Budweit
1315 1958 1344 1986 in
1359 1958 1472 1986 baronia
1486 1958 1520 1986 de
1537 1957 1686 1990 Arclauch‚
1702 1956 1755 1984 vic.

251 2004 285 2032 de
305 2003 410 2036 Narne,
430 2003 556 2031 Johanni
572 2004 758 2042 Mongumry,
782 2006 828 2043 qui
843 2006 951 2034 easdem
971 2007 1047 2044 prius
1067 2007 1228 2045 occupabat,
1242 2016 1293 2045 pro
1308 2007 1415 2034 summa
1431 2006 1522 2034 L.100
1536 2005 1570 2033 ab
1583 2004 1642 2043 ipso
1657 2004 1755 2032 soluta.

254 2051 406 2079 Reddenda
430 2051 575 2079 annuatim
600 2051 665 2080 L.2.
688 2053 733 2081 17.
754 2055 783 2080 4.
806 2063 891 2081 unam
913 2054 1016 2082 bollam
1038 2065 1200 2088 avenarum,
1223 2055 1292 2083 duas
1311 2058 1422 2092 quartas
1437 2057 1542 2081 martae.
1585 2052 1754 2090 Preceptum

251 2098 344 2127 sasinae
368 2098 396 2126 in
420 2098 475 2126 fine
497 2099 669 2127 continetur.
711 2099 838 2128 Testibus
859 2100 965 2129 Jacobo
990 2102 1074 2131 Innes
1097 2103 1130 2131 de
1153 2103 1269 2140 Dranye
1292 2101 1437 2141 (ballivo),
1460 2100 1567 2129 Jacobo
1591 2100 1753 2132 Cokburne,

251 2146 365 2174 domino
386 2145 493 2174 Jacobo
517 2146 639 2182 SibbaJd,
660 2147 775 2176 domino
792 2148 917 2176 Heurico
934 2149 1149 2189 Abircrommye
1166 2150 1259 2189 priore
1281 2150 1314 2179 de
1331 2150 1430 2178 scona.
1472 2148 1557 2187 Apud
1582 2148 1701 2176 Sconam
1725 2151 1754 2175 et

252 2193 347 2232 Elgin,
361 2195 380 2222 4
395 2198 424 2223 et
441 2194 478 2221 10
490 2193 556 2222 Jan.
574 2194 659 2223 1566.
