2060 2660
343 164 415 198 ¹202
741 159 1055 197 REGISTRUM
1085 159 1450 197 MORAVIENSE.

344 261 438 296 idem
457 260 623 296 dominus
643 259 773 296 Comes
792 258 958 296 concessit
975 259 1034 295 fibi
1053 259 1232 295 licentiam
1252 258 1434 305 specialem
1455 276 1463 284 ·
1486 256 1759 292 affedationibus
1777 263 1846 293 ter-

345 332 465 354 rarum
493 324 528 354 et
551 319 768 354 decimarum
797 318 832 353 in
860 318 966 353 curiis
993 317 1148 365 ejusdem
1176 316 1340 362 quotiens
1367 313 1501 349 necesse
1528 313 1576 349 est
1600 320 1635 349 et
1664 314 1846 361 requisitus

345 377 452 412 fuerit
470 389 535 424 pro
554 382 653 424 parte
673 376 833 424 Episcopi
854 375 1016 410 intererit
1035 394 1043 402 ·
1074 374 1119 408 ad
1144 378 1260 418 partes
1279 372 1323 406 de
1342 371 1502 418 Straspee
1522 390 1530 398 ·
1556 371 1600 406 de
1624 371 1814 408 Badenach
1835 393 1842 400 -

347 435 390 469 de
418 434 450 470 le
482 433 561 469 Ard
588 439 623 469 et
641 434 747 482 juxta
767 434 943 479 Inuernys
965 437 1001 466 et
1023 431 1098 466 aliis
1117 430 1246 476 ubique
1264 429 1325 463 ubi
1343 434 1438 463 terre
1458 428 1621 477 Episcopi
1646 435 1681 465 et
1705 430 1846 466 annalia

341 492 464 540 jacent
490 504 570 527 cum
598 489 781 538 requisitus
807 490 914 525 fuerit
938 488 1112 523 laborabit
1137 500 1203 532 pro
1228 486 1331 521 terris
1355 485 1515 534 Episcopi
1542 487 1720 534 replendis
1740 507 1748 515 ·
1772 489 1848 524 hus-

349 550 472 584 bandis
490 555 526 584 et
544 549 729 584 annalibus
748 546 999 594 recuperandis
1019 564 1026 572 -
1054 544 1115 579 sub
1134 542 1292 589 expenfis
1316 542 1419 591 ipfius
1444 544 1580 579 domini
1599 544 1632 580 T
1636 545 1740 581 home
1758 546 1849 582 vice-

349 607 488 643 comitis
506 607 550 642 de
571 606 746 652 Inuernys
766 625 773 632 ·
794 604 854 639 sub
880 604 957 638 foro
982 609 1102 637 tamen
1126 601 1289 649 Episcopi
1316 601 1353 636 in
1380 601 1484 636 terris
1506 601 1662 650 ejusdem
1685 603 1850 650 quotiens

349 666 386 700 in
406 664 569 712 Episcopi
596 663 748 710 negotiis
774 661 947 697 laborabit
967 680 974 687 ·
1006 660 1075 695 Cui
1096 659 1289 707 Episcopus
1317 659 1450 706 obligat
1477 659 1510 695 se
1536 659 1641 695 fidele
1666 659 1850 696 confilium

349 723 386 757 in
401 722 565 757 omnibus
579 720 725 768 agendis
740 718 967 766 tangentibus
981 723 1053 752 tam
1068 715 1180 763 ipsum
1195 715 1407 764 Episcopum
1423 730 1527 764 quam
1544 718 1719 765 prefatum
1740 718 1851 753 domi-

350 793 436 815 num
457 778 634 813 Thomam
654 777 898 813 vicecomitem
920 776 963 810 de
986 775 1162 822 Inuernys
1186 780 1221 809 et
1245 774 1416 809 auxilium
1435 775 1472 809 in
1491 775 1611 810 litibus
1630 776 1825 812 ministrare
1842 796 1849 804 ·

354 838 399 872 Et
422 837 516 872 idem
541 836 706 871 dominus
732 835 924 882 Episcopus
949 833 1045 867 dabit
1071 832 1185 867 eidem
1212 832 1358 867 domino
1384 832 1525 868 Thome
1544 833 1659 881 primo
1678 847 1774 869 anno
1793 834 1851 869 sci-

351 896 434 930 licet
451 908 546 930 anno
567 893 715 929 Domini
734 896 879 928 ‹o⁰·ccc⁴'·
900 888 1127 937 nonagesimo
1152 903 1197 924 ·x·
1216 889 1322 924 libras
1340 890 1384 925 ad
1404 890 1575 925 terminos
1593 891 1686 926 beati
1705 892 1852 928 (Dartini

352 954 388 988 in
412 965 514 1000 yeme
533 958 567 987 et
589 949 809 986 l’entecostes
827 948 1001 995 sequentis
1028 967 1036 974 ·
1065 954 1101 983 et
1126 960 1222 982 anno
1247 946 1476 994 nonagesimo
1502 948 1618 995 primo
1645 949 1690 983 ad
1713 949 1853 985 eosdem

352 1010 523 1046 terminos
543 1023 611 1044 ·xx·
633 1021 766 1043 marcas
787 1026 795 1034 ·
819 1012 854 1042 et
872 1019 967 1041 anno
987 1003 1215 1053 nonagesimo
1234 1005 1389 1040 secundo
1409 1019 1503 1040 ·xxv·
1524 1019 1659 1041 marcas
1678 1026 1685 1034 ·
1705 1013 1741 1042 et
1759 1020 1854 1042 anno

352 1066 578 1115 nonagesimo
605 1066 711 1101 tertio
740 1078 808 1099 ·xx·
837 1064 942 1098 libras
969 1064 1014 1098 ad
1042 1063 1182 1098 eosdem
1209 1063 1382 1098 terminos
1406 1082 1413 1090 ·
1443 1069 1478 1098 et
1504 1077 1600 1099 anno
1627 1064 1855 1112 nonagesimo

352 1132 478 1173 quarto
499 1138 616 1160 ·xxxv·
636 1137 771 1159 marcas
789 1123 833 1158 ad
852 1122 991 1158 eosdem
1011 1122 1183 1157 terminos
1203 1141 1211 1149 ·
1232 1128 1267 1157 et
1289 1135 1384 1157 anno
1404 1122 1631 1170 nonagesimo
1649 1124 1775 1171 quinto
1796 1125 1854 1160 ·xl-

353 1196 486 1219 marcas
506 1183 550 1217 ad
570 1182 708 1217 eosdem
728 1181 900 1216 terminos
919 1200 927 1208 ·
953 1186 989 1216 et
1006 1179 1050 1215 fic
1069 1193 1134 1229 pro
1155 1186 1316 1228 tempore
1336 1180 1423 1215 (1ὶᾶὶί
1442 1181 1577 1215 domini
1598 1181 1758 1230 Episcopi
1780 1202 1787 1210 ·
1812 1181 1855 1218 fic

352 1247 469 1276 tamen
497 1240 593 1287 quod
620 1239 812 1274 conventio
841 1238 902 1273 ista
928 1238 1112 1286 personam
1141 1237 1244 1286 ipfius
1272 1238 1408 1273 domini
1428 1238 1592 1286 Episcopi
1615 1245 1650 1274 et
1670 1240 1855 1287 personam

353 1297 454 1346 ipsius
479 1297 613 1332 domini
634 1297 776 1332 Thome
798 1297 1018 1331 vicecomitis
1044 1297 1087 1332 ad
1112 1297 1221 1331 vitam
1248 1296 1410 1344 Episcopi
1440 1309 1512 1331 non
1543 1297 1794 1333 transcendat·
1821 1305 1856 1333 et

353 1356 447 1403 quod
467 1356 535 1401 ipse
555 1355 719 1402 sequetur
738 1353 920 1389 confilium
943 1354 1104 1402 Episcopi
1130 1360 1165 1389 et
1188 1354 1331 1389 suorum
1360 1353 1598 1389 ministrorum
1625 1355 1661 1389 in
1682 1355 1856 1402 guberua-

353 1414 450 1449 tione
477 1413 526 1448 sui
555 1412 660 1447 officii
686 1432 694 1440 ·
720 1418 756 1447 et
782 1412 878 1459 quod
906 1412 1051 1447 feodum
1080 1412 1180 1447 suum
1208 1412 1252 1447 ad
1278 1425 1403 1447 manus
1423 1412 1618 1447 Camerarii
1639 1413 1801 1461 Episcopi
1820 1414 1856 1448 in

354 1470 495 1518 lingulis
513 1470 674 1505 terminis
693 1470 839 1518 recipiat
865 1489 873 1497 ·
900 1476 935 1505 et
953 1470 1024 1518 ipse
1043 1483 1117 1505 non
1136 1470 1307 1518 procedat
1326 1470 1370 1505 ad
1389 1469 1604 1505 levationem
1619 1470 1803 1506 firmarum
1822 1478 1858 1507 et

355 1528 535 1564 annalium
554 1528 610 1563 vel
636 1528 854 1563 decimarum
875 1528 1037 1576 Episcopi
1065 1541 1130 1576 pro
1158 1527 1281 1562 salario
1309 1527 1370 1562 suo
1395 1526 1457 1562 nifi
1483 1528 1552 1562 hoc
1577 1526 1636 1562 fibi
1660 1528 1768 1564 fuerit
1796 1542 1858 1577 per

358 1586 568 1634 Episcopum
587 1585 645 1620 vel
664 1585 763 1620 suum
783 1586 1030 1621 Camerarium
1050 1584 1259 1633 assignatum
1279 1605 1287 1613 ·
1322 1585 1404 1627 Que
1426 1585 1547 1620 omnia
1570 1591 1606 1620 et
1629 1584 1765 1633 fingula
1781 1601 1859 1635 pre-

357 1644 453 1679 miss'a
471 1644 564 1678 idem
585 1643 750 1678 dominus
769 1643 928 1679 Thomas
955 1644 1060 1679 taetis
1086 1643 1313 1679 sacrosantffis
1340 1643 1533 1690 evangeliis
1559 1656 1666 1679 manu
1691 1644 1750 1680 sua
1777 1646 1860 1681 dex-

358 1709 433 1737 tera
461 1701 496 1735 in
520 1701 693 1746 presentia
720 1701 806 1736 dicti
835 1701 970 1736 domini
993 1702 1102 1749 patris
1130 1701 1180 1736 sui
1204 1707 1240 1736 et
1264 1700 1402 1736 testium
1430 1701 1702 1749 subscriptorum
1723 1702 1860 1751 juravit

358 1759 507 1794 firmiter
536 1758 719 1793 observare
738 1778 745 1785 ·
785 1759 829 1793 In
862 1760 1107 1807 premissorum
1141 1758 1380 1794 testimonium
1410 1759 1502 1806 parti
1535 1759 1639 1807 hujus
1670 1760 1860 1796 indenture

360 1830 466 1864 penes
493 1816 703 1863 Episcopum
730 1817 927 1851 remanenti
951 1816 1101 1864 sigillum
1126 1817 1213 1852 dieti
1241 1816 1377 1852 domini
1400 1816 1542 1852 'l‘home
1571 1817 1787 1853 vicecomitis
1814 1819 1861 1854 est

360 1874 549 1922 appensum
570 1892 578 1900 ·
604 1878 639 1907 et
666 1874 756 1920 parti
783 1874 884 1908 alteri
912 1888 1019 1922 penes
1047 1875 1155 1923 ipsum
1187 1875 1373 1910 dominum
1397 1874 1574 1909 Thomam
1600 1873 1750 1922 sigillum
1774 1877 1861 1912 dicti

361 1931 495 1967 domini
516 1930 676 1978 Episcopi
697 1931 744 1966 est
762 1932 952 1979 appensum
972 1952 979 1959 ·
1022 1934 1118 1968 Data
1144 1939 1179 1968 et
1205 1933 1287 1968 acta
1313 1938 1354 1967 ut
1381 1932 1485 1980 supra
1512 1933 1568 1968 die
1595 1946 1691 1968 anno
1718 1939 1753 1969 et
1782 1934 1861 1969 loco

361 1989 569 2037 supradictis
597 2007 604 2016 ·
634 1989 851 2036 presentibus
881 1991 1069 2037 magnifico
1099 1991 1247 2026 domino
1277 1990 1423 2025 domino
1449 1990 1616 2027 Johanne
1642 1991 1685 2026 de
1710 1991 1862 2026 Dunbar

361 2047 490 2082 comite
505 2046 667 2082 moravie
686 2047 868 2082 antedicto
886 2067 893 2074 -
914 2048 1084 2095 magistris
1097 2048 1278 2083 Willelmo
1293 2054 1504 2096 precentore
1518 2068 1525 2076 ·
1546 2048 1727 2084 W'illelmo
1745 2055 1862 2086 tezau-

362 2105 455 2140 rario
475 2124 483 2132 ·
503 2104 668 2140 Johanne
687 2104 731 2139 de
752 2104 830 2139 Ard
851 2105 1054 2141 succentore
1075 2126 1082 2133 ·
1104 2106 1316 2142 Alexandro
1340 2107 1383 2142 de
1403 2106 1568 2142 Urchard
1596 2126 1603 2133 -
1631 2106 1798 2143 ,Iohanne
1818 2108 1862 2143 de

365 2164 446 2199 Ines
464 2163 643 2198 canonicis
663 2162 804 2198 ecclesie
823 2162 1053 2199 moraviensis
1073 2184 1080 2191 -
1110 2165 1320 2200 Alexandro
1340 2165 1383 2200 de
1405 2165 1487 2200 Ines
1512 2164 1658 2199 domino
1683 2164 1836 2213 ejusdem
1853 2186 1861 2193 ·

364 2221 482 2256 Adam
504 2221 679 2268 Flemyng
698 2240 705 2247 ·
734 2220 913 2255 Willelmo
933 2221 1101 2269 OEalwyle
1122 2242 1129 2249 ·
1158 2222 1301 2257 Thoma
1328 2222 1372 2257 de
1400 2222 1564 2258 Urchard
1592 2227 1627 2257 et
1652 2221 1863 2258 Alexandro

363 2280 407 2314 de
439 2278 650 2326 Ryklynton
681 2284 717 2313 et
749 2278 896 2313 domino
930 2278 1049 2314 Adam
1082 2280 1124 2315 de
1157 2280 1321 2328 Lasynby
1349 2280 1491 2315 rectore
1522 2278 1663 2315 ecclesie
1693 2280 1737 2316 de
1767 2281 1863 2317 Keth

364 2336 486 2373 Sancti
506 2336 655 2372 Andree
674 2336 862 2384 dyoceseos
878 2356 885 2364 ·
905 2343 941 2372 et
960 2337 1080 2372 multis
1098 2338 1174 2373 aliis
1192 2337 1335 2374 testibus
1353 2338 1398 2373 ad
1417 2337 1578 2386 premissa
1597 2357 1604 2365 ·
