2060 2660
59 1382 94 1412 ἐς

562 187 878 223 REGISTRUM
904 188 1265 226 MORAVIENSE.
1581 198 1651 230 QS5

165 292 200 322 et
223 284 362 322 ecclesie
385 283 598 321 moraviensi
625 285 722 320 dedit
749 291 785 320 et
811 284 975 321 conceffit
1004 305 1012 313 ·
1040 287 1088 321 ita
1108 288 1274 323 videlicet
1304 290 1399 335 quod
1423 291 1576 337 prefatus
1593 292 1652 327 Jo-

164 344 297 379 hannes
315 342 492 390 quendam
512 340 670 377 inveniet
687 342 909 390 capellanum
929 355 993 389 pro
1012 343 1195 378 animabus
1213 345 1363 391 predicti
1380 346 1487 392 Regis
1505 353 1540 382 et
1558 356 1653 382 ante-

164 400 333 435 cessorum
354 405 389 434 et
407 399 638 434 successorum
662 399 806 434 suorum
829 405 864 434 et
885 399 1012 447 prefati
1033 399 1179 435 Andree
1205 401 1354 448 episcopi
1372 408 1407 437 et
1425 403 1650 439 successorum

163 457 304 492 suorum
331 462 366 491 et
384 457 545 492 omnium
566 456 694 492 Christi
712 456 871 491 fidelium
898 456 1030 491 missam
1056 457 1092 491 in
1114 457 1275 505 predicta
1301 457 1442 493 ecclesia
1463 460 1653 496 celebratu-

163 527 241 549 rum
261 533 269 541 ·
299 514 360 549 Ad
387 513 488 561 cujus
512 514 685 561 capellani
711 513 996 548 sustentationem
1024 514 1195 561 percipiet
1222 514 1316 549 idem
1339 515 1520 551 ,Iohannes
1546 530 1652 552 unam

161 584 314 606 marcam
339 584 495 606 annuam
518 571 562 606 de
580 571 713 606 vicario
733 571 776 606 de
795 570 903 618 Dyke
921 571 982 617 qui
1003 584 1069 617 pro
1088 576 1248 618 tempore
1269 571 1376 606 suerit
1394 591 1402 599 ·
1430 573 1652 609 medietatem

162 628 290 663 scilicet
313 628 357 663 ad
375 627 498 663 festum
519 628 641 664 Sancti
660 628 818 675 martyni
844 628 882 662 in
900 628 1026 675 hyeme
1045 633 1080 663 et
1098 628 1202 663 aliam
1226 629 1449 664 medietatem
1469 630 1512 664 ad
1531 631 1651 666 festum

163 685 384 721 Pentecostes
410 685 573 733 proximo
601 685 747 732 sequens
767 704 775 712 ·
803 690 838 720 et
855 683 900 720 fic
919 685 1085 732 deinceps
1103 684 1246 732 singulis
1264 686 1364 720 annis
1383 705 1391 713 ·
1420 686 1496 721 Nos
1514 701 1599 723 vero
1618 696 1652 723 et

160 742 367 778 successores
395 742 503 778 nostri
530 742 728 791 predictam
757 747 890 778 terram
919 755 1000 777 cum
1027 742 1191 777 omnibus
1216 742 1357 790 juribus
1383 742 1590 779 affiamentis
1618 752 1652 780 et

160 800 471 835 commoditatibus
496 806 537 835 ut
564 800 766 848 predictum
786 799 834 835 est
851 799 966 834 eidem
984 799 1142 836 Johanni
1157 819 1165 827 ·
1193 799 1262 835 five
1279 799 1405 835 statum
1423 800 1522 836 suum
1542 809 1653 837 muta-

160 858 251 892 verit
269 856 337 893 five
354 870 429 892 non
445 877 453 885 ·
479 863 605 893 contra
623 870 746 892 omnes
764 857 926 892 homines
944 857 980 891 in
999 857 1060 892 suo
1078 862 1250 904 perpetuo
1269 858 1593 894 warrantizabimus
1619 866 1653 894 et

114 960 120 966 ι
160 915 390 950 defendemus
409 934 417 942 ·
447 915 492 950 In
510 914 610 963 cujus
625 915 676 950 rei
691 914 930 950 testimonium
945 927 1017 949 una
1031 927 1112 949 cum
1126 913 1237 962 figillo
1256 914 1373 950 nostro
1392 913 1541 962 sigillum
1559 930 1653 951 com-

160 985 267 1007 mune
295 971 440 1020 capituli
468 971 698 1008 moraviensis
728 972 882 1020 presenti
912 971 1040 1019 scripto
1068 971 1116 1006 est
1141 971 1335 1019 appositum
1354 991 1362 999 ·
1395 973 1531 1008 Datum
1559 974 1652 1021 apud

159 1030 345 1064 canoniam
365 1029 408 1064 de
425 1029 543 1077 Elgyn
561 1030 618 1065 die
636 1029 762 1066 martis
780 1029 943 1077 proximo
958 1028 1033 1076 post
1047 1028 1169 1064 festum
1187 1029 1308 1064 Sancti
1322 1030 1473 1066 matthie
1486 1030 1651 1078 apostoli·

158 1100 253 1122 anno
274 1087 423 1122 Domini
442 1086 621 1123 millesimo
641 1085 879 1122 ducentefimo
899 1084 1137 1133 octuagesimo
1157 1086 1303 1134 septimo
1324 1106 1332 1114 ·

162 1260 377 1295 Presentatio
396 1259 568 1307 capellani
586 1258 686 1294 castri
704 1259 746 1294 de
767 1258 921 1294 Duffous
938 1277 946 1285 ·

160 1374 365 1410 Venerabili
383 1375 420 1409 in
440 1373 578 1409 Christo
603 1373 692 1421 patri
713 1378 748 1408 et
767 1373 880 1408 amico
899 1372 960 1408 suo
979 1371 1154 1407 karissimo
1174 1372 1319 1407 domino
1341 1372 1560 1409 Archibaldo
1580 1375 1650 1411 Dei

158 1433 272 1479 gratia
289 1432 449 1480 episcopo
470 1429 683 1467 moravienfi
701 1430 780 1466 suus
800 1430 859 1465 ·R·
878 1430 911 1465 le
931 1430 1035 1466 Chen
1054 1430 1203 1465 eandem
1228 1443 1333 1477 quam
1360 1431 1458 1466 cordi
1485 1431 1546 1467 suo
1572 1446 1651 1480 pro·

159 1490 235 1537 prio
255 1490 400 1524 salutem
421 1508 428 1514 -
449 1502 530 1524 cum
550 1488 648 1523 omni
667 1487 832 1534 obsequio
852 1507 860 1514 ·
881 1487 1081 1523 reverentia
1098 1493 1134 1522 et
1152 1487 1288 1523 honore
1308 1506 1316 1514 ·
1344 1487 1437 1523 Cum
1457 1489 1590 1536 capella
1608 1491 1651 1525 de

158 1547 268 1582 castro
296 1546 413 1582 nostro
441 1546 484 1581 de
507 1545 638 1580 Duffus
668 1558 731 1592 per
758 1550 911 1580 mortem
938 1545 1073 1579 domini
1100 1544 1269 1592 Hugonis
1296 1544 1467 1592 capellani
1492 1546 1649 1582 defuncti

158 1610 260 1640 vacat
281 1605 324 1639 de
340 1604 423 1651 jure
448 1608 483 1638 et
506 1603 549 1638 de
574 1603 670 1637 facto
690 1622 697 1629 ·
727 1602 911 1637 dominum
932 1601 1132 1637 Robertum
1155 1601 1377 1649 capellanum
1401 1602 1557 1638 nostrum
1581 1617 1652 1639 una

157 1675 238 1696 cum
257 1661 424 1697 consensu
443 1660 557 1696 marie
576 1659 696 1707 sponse
714 1659 830 1694 nostre
855 1659 900 1694 ad
925 1659 1058 1694 dictam
1077 1658 1247 1707 capellam
1265 1659 1365 1694 vobis
1382 1659 1622 1707 presentamus
1642 1681 1649 1689 ·

158 1718 305 1754 vestram
320 1718 552 1753 reverendam
572 1717 820 1764 paternitatem
836 1716 933 1751 omni
952 1716 1082 1751 affectu
1100 1721 1267 1763 rogantes
1285 1722 1460 1762 quatenus
1478 1717 1588 1765 ipsum
1607 1718 1651 1753 ad

158 1777 226 1812 hoc
249 1776 403 1811 caritatis
428 1774 562 1810 intuitu
588 1774 775 1809 admittere
801 1773 996 1821 dignemini
1023 1793 1032 1801 ·
1060 1779 1200 1808 tantum
1228 1771 1253 1807 fi
1279 1773 1394 1820 placet
1419 1773 1587 1810 facientes
1612 1781 1650 1810 ut

125 1828 128 1830 ⁵
158 1847 179 1869 a
214 1834 296 1869 Deo
332 1833 546 1880 condignam
581 1832 788 1867 mereamini
823 1831 1005 1879 percipere
1036 1830 1237 1866 mercedem
1273 1835 1309 1865 et
1339 1843 1360 1865 a
1390 1831 1492 1866 nobis
1521 1833 1651 1879 gratias

158 1897 193 1927 et
211 1891 365 1926 honores
382 1889 588 1925 uberiores·
618 1889 663 1923 In
690 1888 790 1936 cujus
817 1889 868 1924 rei
897 1888 1135 1923 testimonium
1163 1887 1382 1935 presentibus
1409 1888 1519 1923 literis
1543 1887 1652 1936 sigilla

158 1948 275 1984 nostra
304 1947 528 1995 apposuimus
548 1965 555 1974 ·
589 1945 727 1981 Datum
753 1946 848 1993 apud
875 1945 1003 1980 Doffus
1028 1945 1083 1980 die
1103 1944 1203 1981 Jovis
1231 1945 1394 1992 proxima
1420 1951 1502 1981 ante
1527 1945 1649 1981 festum

159 2005 419 2042 Purificationis
435 2004 536 2040 beate
554 2004 667 2040 marie
685 2015 780 2038 anno
800 2002 949 2038 Domini
969 2006 1105 2039 ·<o⁰·cc⁰·
1125 2000 1356 2049 nonogesimo
1375 2002 1470 2038 sexto
1491 2023 1498 2030 -
