1912 2660
272 58 346 94 460
749 59 929 97 CARTE
956 60 1303 98 ORIGINALES.

279 158 359 194 lacu
386 157 551 206 Lochlyn
578 157 665 194 ficut
693 159 873 207 predictus
901 160 1038 196 rivulus
1067 160 1248 197 deseendit
1276 160 1313 194 in
1342 160 1537 207 predictam
1565 172 1692 207 aquam
1712 179 1720 189 ·
1745 166 1781 197 et

278 215 363 251 inde
391 216 487 251 inter
514 215 682 252 fabricam
707 222 743 252 et
768 217 907 252 mansos
933 218 993 265 qui
1019 218 1099 253 sunt
1127 218 1163 253 in
1189 223 1287 252 terra
1313 217 1437 252 eadem
1463 217 1572 264 usque
1590 217 1636 252 ad
1653 230 1779 265 aquam

280 273 477 309 molendini
504 279 539 310 et
565 274 697 311 sursum
724 287 789 323 per
814 275 964 310 eandem
991 288 1119 322 aquam
1145 275 1254 321 usque
1278 274 1323 309 ad
1344 274 1546 322 predictum
1573 274 1690 310 lacum
1709 295 1717 303 ·
1746 281 1781 312 et

281 331 365 366 inde
390 344 455 379 per
480 330 588 367 ficum
615 332 819 380 proximum
844 332 953 379 usque
976 332 1022 367 ad
1045 332 1247 380 predictum
1265 331 1421 367 rivulum
1442 351 1451 360 ·
1476 332 1568 368 hanc
1586 332 1696 380 igitur
1712 338 1783 369 ter-

281 402 357 424 ram
384 402 448 437 per
474 389 599 425 divisas
626 390 892 438 prenominatas
918 394 955 425 et
981 389 1178 437 predictam
1203 388 1340 424 dauach
1367 389 1498 425 scilicet
1517 389 1697 426 Petinsare
1720 403 1784 439 per

281 447 359 482 suas
376 452 489 482 rectas
508 447 633 483 divisas
660 453 696 483 et
722 460 803 483 eum
832 447 996 482 omnibus
1017 446 1119 494 justis
1145 446 1370 494 pertinentiis
1387 446 1455 482 suis
1472 460 1516 483 ex
1535 448 1632 483 dono
1650 453 1686 483 et
1704 460 1786 484 con-

283 503 433 540 cessione
452 505 696 553 predictorum
721 505 781 540 ·R·
806 510 843 540 et
867 506 929 541 ·Q'>·
955 504 1076 552 sponse
1095 504 1154 539 sue
1171 504 1319 539 nomine
1337 504 1583 545 transactionis
1600 505 1692 541 facta
1710 518 1787 553 pre-

284 562 400 599 dictus
418 562 599 611 episcopus
618 567 653 598 et
671 562 879 598 successores
902 562 951 597 sui
970 562 1007 597 in
1025 567 1240 609 perpetuum
1264 561 1449 598 habebunt
1474 562 1584 598 libere
1610 563 1729 610 quiete
1752 569 1787 599 et

283 620 442 668 plenarie
469 625 504 656 et
530 620 727 656 honorifice
753 621 790 655 in
818 632 944 668 puram
971 624 1007 655 et
1029 624 1239 667 perpetuam
1266 618 1493 656 elemosinam
1512 626 1547 656 et
1564 621 1721 668 quietam
1742 620 1785 656 ab

283 678 382 712 omni
405 678 590 714 exactione
618 683 653 713 et
679 677 821 713 servitio
841 690 922 712 cum
941 677 1123 712 communi
1142 676 1282 725 pastura
1300 682 1335 713 et
1354 678 1520 713 omnibus
1537 678 1786 714 communibus

284 734 505 783 ayfiamentis
531 736 641 771 totius
669 735 818 770 manerii
845 734 995 782 predicti
1022 740 1195 782 quantum
1221 735 1378 781 pertinet
1403 736 1449 771 ad
1471 740 1607 771 tantam
1626 741 1757 772 terram
1778 755 1785 763 ·

285 793 386 828 salvis
410 793 507 828 dicto
533 793 592 827 ·R·
618 797 653 827 et
676 794 738 828 -m-
764 792 884 838 sponse
910 791 985 840 ejus
1010 797 1046 827 et
1073 792 1264 828 heredibus
1293 792 1361 828 suis
1389 793 1597 829 molendino
1620 794 1682 829 suo
1704 806 1786 829 cum

286 863 377 897 aqua
391 850 546 898 ejusdem
558 849 756 884 molendini
775 855 811 884 et
828 848 961 884 fabrica
978 849 1139 897 predicta
1157 855 1193 885 et
1210 850 1356 885 bracina
1374 850 1434 886 sua
1451 864 1520 898 que
1538 864 1612 886 non
1630 850 1678 886 est
1695 851 1787 886 infra

285 909 456 944 terminos
482 907 751 953 prenominatos
771 926 779 934 ·
809 906 996 943 Predictus
1023 907 1130 943 etiam
1149 908 1209 943 ·R·
1231 907 1340 943 Hode
1363 913 1399 943 et
1421 910 1484 945 &D-
1511 908 1633 956 sponsa
1659 908 1735 957 ejus
1753 914 1787 944 et

286 966 434 1001 heredes
460 965 509 1000 sui
532 965 812 1000 warantizabunt
833 970 1008 1013 perpetuo
1026 965 1203 1013 predictas
1221 971 1334 1001 terras
1355 979 1419 1014 per
1437 966 1514 1001 suas
1531 971 1646 1002 rectas
1664 966 1788 1003 divisas

286 1035 367 1058 cum
394 1022 560 1057 omnibus
583 1021 684 1070 justis
711 1022 936 1070 pertinentiis
962 1023 1030 1058 suis
1056 1036 1139 1059 cum
1165 1023 1335 1071 predictis
1356 1023 1497 1072 pastura
1514 1028 1550 1059 et
1567 1023 1788 1072 ayfiamentis

286 1080 507 1117 libertatibus
534 1086 569 1116 et
595 1080 882 1116 immunitatibus
908 1080 1070 1129 predicto
1098 1081 1274 1130 Episcopo
1299 1086 1334 1117 et
1358 1081 1522 1117 omnibus
1540 1081 1789 1117 succefforibus

287 1139 354 1174 suis
370 1157 377 1166 -
397 1151 540 1174 necnon
559 1143 595 1174 et
612 1139 751 1174 easdem
769 1144 882 1174 terras
899 1139 1156 1187 acquietabunt
1173 1144 1348 1187 perpetuo
1367 1144 1493 1175 contra
1512 1139 1699 1176 dominum
1719 1139 1789 1175 Re-

286 1210 367 1244 gem
386 1202 422 1232 et
440 1209 565 1232 omnes
584 1196 746 1232 homines
765 1197 809 1232 de
828 1197 993 1232 omnibus
1011 1197 1256 1233 exactionibus
1275 1203 1311 1233 et
1328 1197 1477 1233 servitiis
1496 1216 1504 1225 ·
1541 1197 1643 1233 Idem
1669 1202 1790 1233 autem

291 1255 350 1289 -R·
370 1259 406 1290 et
424 1256 487 1291 -m-
507 1254 629 1302 sponsa
647 1254 723 1303 ejus
741 1254 993 1303 obligaverunt
1015 1255 1049 1291 se
1068 1260 1104 1291 et
1120 1255 1270 1291 heredes
1289 1255 1367 1291 suos
1385 1255 1429 1291 ad
1447 1255 1648 1304 supradicta
1671 1255 1791 1291 omnia

289 1312 544 1361 perpetualiter
563 1312 783 1348 observanda
801 1332 809 1340 ·
842 1313 891 1348 Et
908 1313 1011 1361 super
1028 1313 1095 1348 hiis
1113 1313 1264 1348 firmiter
1282 1318 1318 1349 et
1335 1313 1490 1349 fideliter
1507 1318 1614 1360 atque
1638 1312 1791 1348 finaliter

288 1371 452 1406 tenendis
478 1376 551 1406 tam
578 1384 644 1419 pro
671 1370 705 1406 se
732 1384 838 1418 quam
864 1384 931 1419 pro
955 1371 1145 1407 heredibus
1163 1371 1230 1406 suis
1249 1371 1435 1418 corporale
1453 1370 1682 1419 prestiterunt
1693 1370 1791 1419 jura-

290 1434 452 1464 mentum
468 1448 475 1456 ·
505 1429 692 1464 Predictus
710 1442 797 1465 vero
816 1429 1011 1477 Episcopus
1024 1442 1090 1477 pro
1104 1429 1138 1464 se
1152 1434 1188 1464 et
1202 1429 1452 1465 successoribus
1465 1429 1533 1464 suis
1547 1433 1583 1464 et
1596 1428 1791 1477 capitulum

292 1487 514 1522 moraviense
532 1500 598 1535 pro
616 1487 649 1522 se
668 1492 704 1522 et
721 1486 781 1522 fibi
799 1487 1001 1523 succefl'uris
1018 1487 1055 1522 in
1073 1486 1252 1535 posterum
1271 1487 1511 1535 promiserunt
1528 1487 1565 1522 in
1580 1486 1690 1523 verbo
1702 1485 1793 1522 veri-

291 1543 373 1579 tatis
391 1544 554 1591 predicto
569 1545 628 1580 ·R·
645 1550 680 1580 et
693 1544 884 1580 heredibus
897 1545 965 1580 suis
979 1545 1082 1593 super
1095 1543 1234 1580 refiduo
1248 1545 1399 1593 predicti
1419 1545 1568 1580 manerii
1582 1545 1625 1580 de
1640 1543 1791 1579 Laman-

290 1601 391 1637 bride
410 1602 454 1637 de
472 1602 571 1637 nullo
590 1616 749 1650 unquam
767 1608 928 1651 tempore
947 1603 990 1638 ab
1009 1603 1058 1638 eis
1073 1602 1129 1638 vel
1143 1615 1206 1650 per
1219 1602 1301 1638 illos
1316 1602 1532 1650 questionem
1551 1602 1627 1637 fore
1645 1613 1790 1637 moven-

292 1659 374 1694 dam
395 1679 403 1687 ·
441 1659 484 1694 In
511 1661 757 1707 premissorum
781 1666 902 1696 autem
921 1660 1064 1696 firmum
1084 1666 1120 1696 et
1138 1660 1372 1696 indubitabile
1390 1660 1629 1696 testimonium
1648 1659 1681 1695 ei
1698 1659 1791 1707 parti

292 1717 398 1765 hujus
419 1717 589 1765 scripture
616 1719 653 1753 in
680 1719 827 1754 modum
850 1718 1063 1766 cyrographi
1088 1718 1249 1754 confecto
1275 1731 1344 1765 que
1367 1718 1463 1766 apud
1480 1717 1658 1765 predictos
1677 1716 1736 1752 ·R·
1756 1721 1792 1752 et

293 1777 356 1811 ·(Ὡ·
380 1775 538 1823 sponsam
557 1775 632 1824 ejus
651 1781 686 1811 et
704 1776 852 1812 heredem
874 1777 953 1812 suos
971 1776 1089 1812 extitit
1111 1774 1268 1824 apposita
1292 1776 1372 1811 sunt
1394 1774 1506 1823 figilla
1530 1774 1683 1823 predicti
1709 1774 1792 1822 Epi-

293 1833 386 1880 scopi
405 1838 441 1868 et
459 1833 605 1881 capituli
628 1834 790 1869 (Doravie
817 1847 899 1869 cum
926 1833 1238 1882 subscriptionibus
1263 1833 1461 1869 eorundem
1480 1852 1489 1861 ·
1520 1832 1579 1867 Illi
1597 1845 1684 1868 vero
1702 1831 1793 1879 parti

292 1903 361 1938 que
391 1890 438 1926 est
465 1904 575 1938 penes
603 1891 802 1939 predictum
832 1892 1046 1940 Episcopum
1075 1891 1337 1928 moraviensem
1364 1896 1399 1927 et
1424 1890 1620 1939 capitulum
1643 1888 1792 1937 sigillum

292 1947 435 1984 illustris
464 1949 575 1996 Regis
604 1949 794 1984 Scotorum
825 1949 1025 1985 Alexandri
1054 1955 1090 1986 et
1119 1949 1270 1998 predicti
1300 1949 1359 1984 ·R·
1395 1948 1482 1984 Hod
1512 1948 1765 1997 appenduntur
1783 1966 1791 1974 ·

294 2005 456 2042 Testibus
489 2006 648 2042 Waltero
681 2006 889 2054 Glasguenfi
923 2008 1086 2056 episeopo
1112 2028 1120 2036 ·
1158 2007 1336 2056 Gylberto
1375 2005 1568 2042 Katanenfi
1603 2005 1764 2054 episcopo
1783 2023 1791 2032 ·

295 2064 417 2100 Alano
441 2064 485 2100 de
504 2064 678 2112 Gykelles
699 2064 822 2112 Wyck’
847 2065 964 2100 Const’
984 2085 992 2093 ·
1021 2066 1166 2113 [Alano
1196 2066 1240 2100 de
1270 2065 1446 2113 Galweya
1471 2063 1741 2100 Constabulario
1755 2061 1792 2108 ?]

295 2122 488 2159 malcolmo
507 2122 637 2158 comite
657 2122 701 2157 de
721 2122 792 2167 Fys
806 2142 814 2150 ·
835 2122 1017 2159 willelmo
1038 2123 1182 2172 Cumyn
1201 2123 1245 2159 de
1265 2123 1425 2159 Bucham
1445 2142 1453 2150 ·
1483 2121 1645 2157 Roberto
1664 2121 1793 2157 comite

295 2181 338 2215 de
371 2180 564 2228 Straheryn
593 2200 600 2208 ·
634 2180 795 2216 Waltero
827 2180 985 2228 dapifero
1022 2182 1158 2217 domini
1193 2181 1304 2229 Regis
1323 2201 1331 2209 ·
1366 2180 1528 2216 Henrico
1558 2180 1602 2215 de
1631 2177 1794 2227 Baylloyl
