<?xml version="1.0" encoding="UTF-8"?>
<!DOCTYPE html PUBLIC "-//W3C//DTD XHTML 1.0 Transitional//EN"
    "http://www.w3.org/TR/xhtml1/DTD/xhtml1-transitional.dtd">
<html xmlns="http://www.w3.org/1999/xhtml" xml:lang="en" lang="en">
 <head>
  <title>
</title>
<meta http-equiv="Content-Type" content="text/html;charset=utf-8" />
  <meta name='ocr-system' content='tesseract 3.04.00' />
  <meta name='ocr-capabilities' content='ocr_page ocr_carea ocr_par ocr_line ocrx_word'/>
</head>
<body>
  <div class='ocr_page' id='page_1' title='image "./registrumepisc5800morauoft_0432.png"; bbox 0 0 1912 2660; ppageno 0'>
   <div class='ocr_carea' id='block_1_1' title="bbox 285 124 1387 163">
    <p class='ocr_par' dir='ltr' id='par_1_1' title="bbox 285 124 1387 163">
     <span class='ocr_line' id='line_1_1' title="bbox 285 124 1387 163; baseline 0 -3"><span class='ocrx_word' id='word_1_1' title='bbox 285 128 358 161; x_wconf 73' lang='lat'>324·</span> <span class='ocrx_word' id='word_1_2' title='bbox 677 124 994 163; x_wconf 89' lang='lat' dir='ltr'>REGISTRUM</span> <span class='ocrx_word' id='word_1_3' title='bbox 1022 124 1387 162; x_wconf 85' lang='lat' dir='ltr'>MORAVIENSE.</span> 
     </span>
    </p>
   </div>
   <div class='ocr_carea' id='block_1_2' title="bbox 282 220 1786 559">
    <p class='ocr_par' dir='ltr' id='par_1_2' title="bbox 282 220 1786 559">
     <span class='ocr_line' id='line_1_2' title="bbox 286 220 1786 273; baseline -0.002 -14"><span class='ocrx_word' id='word_1_4' title='bbox 286 224 574 272; x_wconf 82' lang='lat' dir='ltr'>procurationem</span> <span class='ocrx_word' id='word_1_5' title='bbox 596 230 632 260; x_wconf 90' lang='lat' dir='ltr'>et</span> <span class='ocrx_word' id='word_1_6' title='bbox 649 223 851 272; x_wconf 88' lang='lat' dir='ltr'>penfionem</span> <span class='ocrx_word' id='word_1_7' title='bbox 866 225 1042 273; x_wconf 86' lang='lat' dir='ltr'>predictas</span> <span class='ocrx_word' id='word_1_8' title='bbox 1062 244 1070 252; x_wconf 93' lang='lat'><strong>·</strong></span> <span class='ocrx_word' id='word_1_9' title='bbox 1098 225 1157 260; x_wconf 92' lang='lat' dir='ltr'>De</span> <span class='ocrx_word' id='word_1_10' title='bbox 1175 224 1302 271; x_wconf 85' lang='lat' dir='ltr'>quibus</span> <span class='ocrx_word' id='word_1_11' title='bbox 1316 221 1481 257; x_wconf 85' lang='lat' dir='ltr'>omnibus</span> <span class='ocrx_word' id='word_1_12' title='bbox 1495 226 1531 257; x_wconf 87' lang='lat' dir='ltr'>et</span> <span class='ocrx_word' id='word_1_13' title='bbox 1548 220 1691 269; x_wconf 75' lang='lat' dir='ltr'>singulis</span> <span class='ocrx_word' id='word_1_14' title='bbox 1708 234 1786 270; x_wconf 83' lang='lat' dir='ltr'>par-</span> 
     </span>
     <span class='ocr_line' id='line_1_3' title="bbox 284 278 1785 331; baseline -0.002 -15"><span class='ocrx_word' id='word_1_15' title='bbox 284 288 337 317; x_wconf 83' lang='lat' dir='ltr'>tes</span> <span class='ocrx_word' id='word_1_16' title='bbox 356 281 518 330; x_wconf 66' lang='lat' dir='ltr'>predicte</span> <span class='ocrx_word' id='word_1_17' title='bbox 538 295 602 331; x_wconf 90' lang='lat' dir='ltr'>per</span> <span class='ocrx_word' id='word_1_18' title='bbox 618 295 676 318; x_wconf 86' lang='lat' dir='ltr'>me</span> <span class='ocrx_word' id='word_1_19' title='bbox 690 283 869 319; x_wconf 86' lang='lat' dir='ltr'>notarium</span> <span class='ocrx_word' id='word_1_20' title='bbox 889 283 1071 331; x_wconf 89' lang='lat' dir='ltr'>publicum</span> <span class='ocrx_word' id='word_1_21' title='bbox 1088 281 1147 317; x_wconf 88' lang='lat' dir='ltr'>fibi</span> <span class='ocrx_word' id='word_1_22' title='bbox 1167 281 1347 329; x_wconf 88' lang='lat' dir='ltr'>petierunt</span> <span class='ocrx_word' id='word_1_23' title='bbox 1364 278 1548 327; x_wconf 89' lang='lat' dir='ltr'>publicum</span> <span class='ocrx_word' id='word_1_24' title='bbox 1565 278 1643 314; x_wconf 88' lang='lat' dir='ltr'>fieri</span> <span class='ocrx_word' id='word_1_25' title='bbox 1660 278 1785 314; x_wconf 87' lang='lat' dir='ltr'>instru-</span> 
     </span>
     <span class='ocr_line' id='line_1_4' title="bbox 284 336 1783 385; baseline -0.001 -11"><span class='ocrx_word' id='word_1_26' title='bbox 284 344 446 375; x_wconf 85' lang='lat' dir='ltr'><strong>mentum</strong></span> <span class='ocrx_word' id='word_1_27' title='bbox 462 359 470 367; x_wconf 93' lang='lat'><strong>·</strong></span> <span class='ocrx_word' id='word_1_28' title='bbox 492 339 588 376; x_wconf 87' lang='lat' dir='ltr'>Acta</span> <span class='ocrx_word' id='word_1_29' title='bbox 606 340 686 375; x_wconf 91' lang='lat' dir='ltr'>sunt</span> <span class='ocrx_word' id='word_1_30' title='bbox 700 339 760 375; x_wconf 88' lang='lat' dir='ltr'>ista</span> <span class='ocrx_word' id='word_1_31' title='bbox 778 353 873 376; x_wconf 88' lang='lat' dir='ltr'>anno</span> <span class='ocrx_word' id='word_1_32' title='bbox 886 360 894 368; x_wconf 91' lang='lat'><strong>·</strong></span> <span class='ocrx_word' id='word_1_33' title='bbox 915 340 1032 375; x_wconf 87' lang='lat' dir='ltr'>mense</span> <span class='ocrx_word' id='word_1_34' title='bbox 1047 359 1056 367; x_wconf 93' lang='lat'><strong>·</strong></span> <span class='ocrx_word' id='word_1_35' title='bbox 1076 339 1133 374; x_wconf 89' lang='lat' dir='ltr'>die</span> <span class='ocrx_word' id='word_1_36' title='bbox 1152 358 1160 366; x_wconf 96' lang='lat'><strong>·</strong></span> <span class='ocrx_word' id='word_1_37' title='bbox 1180 337 1378 373; x_wconf 67' lang='lat' dir='ltr'>indictione</span> <span class='ocrx_word' id='word_1_38' title='bbox 1397 356 1405 364; x_wconf 93' lang='lat'><strong>·</strong></span> <span class='ocrx_word' id='word_1_39' title='bbox 1424 336 1635 385; x_wconf 86' lang='lat' dir='ltr'>pontificatu</span> <span class='ocrx_word' id='word_1_40' title='bbox 1654 342 1689 372; x_wconf 89' lang='lat' dir='ltr'>et</span> <span class='ocrx_word' id='word_1_41' title='bbox 1703 336 1783 372; x_wconf 86' lang='lat' dir='ltr'>loco</span> 
     </span>
     <span class='ocr_line' id='line_1_5' title="bbox 284 394 1783 446; baseline -0.003 -13"><span class='ocrx_word' id='word_1_42' title='bbox 284 398 492 445; x_wconf 66' lang='lat' dir='ltr'>supradietis</span> <span class='ocrx_word' id='word_1_43' title='bbox 507 417 515 426; x_wconf 94' lang='lat'><strong>·</strong></span> <span class='ocrx_word' id='word_1_44' title='bbox 535 397 753 446; x_wconf 86' lang='lat' dir='ltr'>presentibus</span> <span class='ocrx_word' id='word_1_45' title='bbox 769 398 924 433; x_wconf 88' lang='lat' dir='ltr'>discretis</span> <span class='ocrx_word' id='word_1_46' title='bbox 942 397 1026 432; x_wconf 88' lang='lat' dir='ltr'>viris</span> <span class='ocrx_word' id='word_1_47' title='bbox 1044 396 1207 431; x_wconf 92' lang='lat' dir='ltr'>Domino</span> <span class='ocrx_word' id='word_1_48' title='bbox 1223 394 1385 430; x_wconf 84' lang='lat' dir='ltr'>Roberto</span> <span class='ocrx_word' id='word_1_49' title='bbox 1403 394 1477 429; x_wconf 89' lang='lat' dir='ltr'>filio</span> <span class='ocrx_word' id='word_1_50' title='bbox 1493 394 1657 442; x_wconf 89' lang='lat' dir='ltr'>Symonis</span> <span class='ocrx_word' id='word_1_51' title='bbox 1670 394 1783 442; x_wconf 89' lang='lat' dir='ltr'>capel-</span> 
     </span>
     <span class='ocr_line' id='line_1_6' title="bbox 283 451 1780 500; baseline -0.002 -11"><span class='ocrx_word' id='word_1_52' title='bbox 283 455 365 490; x_wconf 88' lang='lat' dir='ltr'>lano</span> <span class='ocrx_word' id='word_1_53' title='bbox 380 455 424 491; x_wconf 84' lang='lat' dir='ltr'>de</span> <span class='ocrx_word' id='word_1_54' title='bbox 441 455 696 492; x_wconf 89' lang='lat' dir='ltr'>Abirbrandeli</span> <span class='ocrx_word' id='word_1_55' title='bbox 711 474 719 482; x_wconf 89' lang='lat'><strong>·</strong></span> <span class='ocrx_word' id='word_1_56' title='bbox 740 455 886 490; x_wconf 88' lang='lat' dir='ltr'>domino</span> <span class='ocrx_word' id='word_1_57' title='bbox 906 454 1027 490; x_wconf 86' lang='lat' dir='ltr'>Adam</span> <span class='ocrx_word' id='word_1_58' title='bbox 1046 453 1231 500; x_wconf 85' lang='lat' dir='ltr'>capellano</span> <span class='ocrx_word' id='word_1_59' title='bbox 1250 452 1294 487; x_wconf 87' lang='lat' dir='ltr'>de</span> <span class='ocrx_word' id='word_1_60' title='bbox 1313 452 1402 500; x_wconf 87' lang='lat' dir='ltr'>Dyk</span> <span class='ocrx_word' id='word_1_61' title='bbox 1420 471 1428 480; x_wconf 89' lang='lat'><strong>·</strong></span> <span class='ocrx_word' id='word_1_62' title='bbox 1448 451 1631 487; x_wconf 82' lang='lat' dir='ltr'>Willelmo</span> <span class='ocrx_word' id='word_1_63' title='bbox 1651 451 1780 488; x_wconf 89' lang='lat' dir='ltr'>Feltun</span> 
     </span>
     <span class='ocr_line' id='line_1_7' title="bbox 282 509 1782 559; baseline -0.001 -12"><span class='ocrx_word' id='word_1_64' title='bbox 282 513 411 549; x_wconf 84' lang='lat' dir='ltr'>clerico</span> <span class='ocrx_word' id='word_1_65' title='bbox 439 519 475 549; x_wconf 88' lang='lat' dir='ltr'>et</span> <span class='ocrx_word' id='word_1_66' title='bbox 499 513 666 550; x_wconf 78' lang='lat' dir='ltr'>Johanne</span> <span class='ocrx_word' id='word_1_67' title='bbox 685 512 814 548; x_wconf 88' lang='lat' dir='ltr'>clerico</span> <span class='ocrx_word' id='word_1_68' title='bbox 833 511 989 559; x_wconf 87' lang='lat' dir='ltr'>ejusdem</span> <span class='ocrx_word' id='word_1_69' title='bbox 1009 509 1150 546; x_wconf 88' lang='lat' dir='ltr'>ecclefie</span> <span class='ocrx_word' id='word_1_70' title='bbox 1169 515 1205 546; x_wconf 91' lang='lat' dir='ltr'>et</span> <span class='ocrx_word' id='word_1_71' title='bbox 1223 509 1300 558; x_wconf 86' lang='lat' dir='ltr'>alijs</span> <span class='ocrx_word' id='word_1_72' title='bbox 1318 509 1461 545; x_wconf 90' lang='lat' dir='ltr'>testibus</span> <span class='ocrx_word' id='word_1_73' title='bbox 1479 509 1524 545; x_wconf 87' lang='lat' dir='ltr'>ad</span> <span class='ocrx_word' id='word_1_74' title='bbox 1542 509 1704 558; x_wconf 77' lang='lat' dir='ltr'>premifl&#39;a</span> <span class='ocrx_word' id='word_1_75' title='bbox 1722 523 1782 546; x_wconf 89' lang='lat' dir='ltr'>vo-</span> 
     </span>
    </p>
   </div>
   <div class='ocr_carea' id='block_1_3' title="bbox 281 570 1780 675">
    <p class='ocr_par' dir='ltr' id='par_1_3' title="bbox 281 570 1780 675">
     <span class='ocr_line' id='line_1_8' title="bbox 281 570 748 619; baseline -0.002 -14"><span class='ocrx_word' id='word_1_76' title='bbox 281 570 367 606; x_wconf 86' lang='lat' dir='ltr'>catis</span> <span class='ocrx_word' id='word_1_77' title='bbox 385 571 517 619; x_wconf 87' lang='lat' dir='ltr'>pariter</span> <span class='ocrx_word' id='word_1_78' title='bbox 535 576 571 606; x_wconf 84' lang='lat' dir='ltr'>et</span> <span class='ocrx_word' id='word_1_79' title='bbox 589 570 722 617; x_wconf 87' lang='lat' dir='ltr'>rogatis</span> <span class='ocrx_word' id='word_1_80' title='bbox 741 589 748 597; x_wconf 92' lang='lat'><strong>·</strong></span> 
     </span>
     <span class='ocr_line' id='line_1_9' title="bbox 479 623 1780 675; baseline -0.002 -12"><span class='ocrx_word' id='word_1_81' title='bbox 479 629 526 663; x_wconf 79' lang='lat' dir='ltr'>Et</span> <span class='ocrx_word' id='word_1_82' title='bbox 545 642 611 675; x_wconf 84' lang='lat' dir='ltr'>ego</span> <span class='ocrx_word' id='word_1_83' title='bbox 638 627 821 664; x_wconf 87' lang='lat' dir='ltr'>Johannes</span> <span class='ocrx_word' id='word_1_84' title='bbox 849 626 966 662; x_wconf 65' lang='lat' dir='ltr'>dietus</span> <span class='ocrx_word' id='word_1_85' title='bbox 993 626 1037 661; x_wconf 90' lang='lat' dir='ltr'>de</span> <span class='ocrx_word' id='word_1_86' title='bbox 1062 625 1173 661; x_wconf 91' lang='lat' dir='ltr'>Oxon</span> <span class='ocrx_word' id='word_1_87' title='bbox 1191 625 1341 661; x_wconf 85' lang='lat' dir='ltr'>clericus</span> <span class='ocrx_word' id='word_1_88' title='bbox 1359 623 1616 661; x_wconf 87' lang='lat' dir='ltr'>Lincolnienfis</span> <span class='ocrx_word' id='word_1_89' title='bbox 1635 624 1780 660; x_wconf 86' lang='lat' dir='ltr'>diocefis</span> 
     </span>
    </p>
   </div>
   <div class='ocr_carea' id='block_1_4' title="bbox 478 680 1849 734">
    <p class='ocr_par' dir='ltr' id='par_1_4' title="bbox 478 680 1849 734">
     <span class='ocr_line' id='line_1_10' title="bbox 478 680 1849 734; baseline -0.003 -13"><span class='ocrx_word' id='word_1_90' title='bbox 478 686 639 734; x_wconf 89' lang='lat' dir='ltr'>publicus</span> <span class='ocrx_word' id='word_1_91' title='bbox 657 684 846 733; x_wconf 88' lang='lat' dir='ltr'>apostolica</span> <span class='ocrx_word' id='word_1_92' title='bbox 862 684 1077 719; x_wconf 66' lang='lat' dir='ltr'>auctoritate</span> <span class='ocrx_word' id='word_1_93' title='bbox 1096 682 1257 719; x_wconf 84' lang='lat' dir='ltr'>notarius</span> <span class='ocrx_word' id='word_1_94' title='bbox 1275 683 1361 719; x_wconf 91' lang='lat' dir='ltr'>dum</span> <span class='ocrx_word' id='word_1_95' title='bbox 1380 683 1501 718; x_wconf 85' lang='lat' dir='ltr'>omnia</span> <span class='ocrx_word' id='word_1_96' title='bbox 1521 687 1557 718; x_wconf 90' lang='lat' dir='ltr'>et</span> <span class='ocrx_word' id='word_1_97' title='bbox 1582 681 1718 730; x_wconf 85' lang='lat' dir='ltr'>fingula</span> <span class='ocrx_word' id='word_1_98' title='bbox 1735 680 1778 717; x_wconf 89' lang='lat' dir='ltr'>fic</span> <span class='ocrx_word' id='word_1_99' title='bbox 1842 688 1849 694; x_wconf 77' lang='grc'><em>”</em></span> 
     </span>
    </p>
   </div>
   <div class='ocr_carea' id='block_1_5' title="bbox 473 741 1778 963">
    <p class='ocr_par' dir='ltr' id='par_1_5' title="bbox 473 741 1778 963">
     <span class='ocr_line' id='line_1_11' title="bbox 477 741 1778 791; baseline -0.002 -13"><span class='ocrx_word' id='word_1_100' title='bbox 477 749 517 778; x_wconf 89' lang='lat' dir='ltr'>ut</span> <span class='ocrx_word' id='word_1_101' title='bbox 543 743 762 791; x_wconf 81' lang='lat' dir='ltr'>premittitur</span> <span class='ocrx_word' id='word_1_102' title='bbox 788 747 981 789; x_wconf 82' lang='lat' dir='ltr'>agerentur</span> <span class='ocrx_word' id='word_1_103' title='bbox 1008 747 1043 777; x_wconf 90' lang='lat' dir='ltr'>et</span> <span class='ocrx_word' id='word_1_104' title='bbox 1060 741 1189 777; x_wconf 86' lang='lat' dir='ltr'>fierent</span> <span class='ocrx_word' id='word_1_105' title='bbox 1211 754 1284 777; x_wconf 91' lang='lat' dir='ltr'>una</span> <span class='ocrx_word' id='word_1_106' title='bbox 1307 754 1389 776; x_wconf 91' lang='lat' dir='ltr'>cum</span> <span class='ocrx_word' id='word_1_107' title='bbox 1414 741 1671 787; x_wconf 85' lang='lat' dir='ltr'>prenominatis</span> <span class='ocrx_word' id='word_1_108' title='bbox 1688 741 1778 776; x_wconf 83' lang='lat' dir='ltr'>testi-</span> 
     </span>
     <span class='ocr_line' id='line_1_12' title="bbox 475 798 1777 848; baseline -0.001 -12"><span class='ocrx_word' id='word_1_109' title='bbox 475 801 541 836; x_wconf 87' lang='lat' dir='ltr'>bus</span> <span class='ocrx_word' id='word_1_110' title='bbox 567 800 708 848; x_wconf 84' lang='lat' dir='ltr'>presens</span> <span class='ocrx_word' id='word_1_111' title='bbox 735 799 881 834; x_wconf 88' lang='lat' dir='ltr'>intersui</span> <span class='ocrx_word' id='word_1_112' title='bbox 903 812 1014 847; x_wconf 85' lang='lat' dir='ltr'>eaque</span> <span class='ocrx_word' id='word_1_113' title='bbox 1032 798 1076 835; x_wconf 85' lang='lat' dir='ltr'>fic</span> <span class='ocrx_word' id='word_1_114' title='bbox 1094 799 1172 835; x_wconf 92' lang='lat' dir='ltr'>fieri</span> <span class='ocrx_word' id='word_1_115' title='bbox 1189 799 1263 835; x_wconf 88' lang='lat' dir='ltr'>vidi</span> <span class='ocrx_word' id='word_1_116' title='bbox 1281 804 1317 835; x_wconf 88' lang='lat' dir='ltr'>et</span> <span class='ocrx_word' id='word_1_117' title='bbox 1334 799 1454 835; x_wconf 88' lang='lat' dir='ltr'>audivi</span> <span class='ocrx_word' id='word_1_118' title='bbox 1473 804 1508 835; x_wconf 88' lang='lat' dir='ltr'>et</span> <span class='ocrx_word' id='word_1_119' title='bbox 1526 799 1562 834; x_wconf 92' lang='lat' dir='ltr'>in</span> <span class='ocrx_word' id='word_1_120' title='bbox 1581 799 1672 835; x_wconf 88' lang='lat' dir='ltr'>hanc</span> <span class='ocrx_word' id='word_1_121' title='bbox 1690 800 1777 847; x_wconf 92' lang='lat' dir='ltr'>pub-</span> 
     </span>
     <span class='ocr_line' id='line_1_13' title="bbox 473 855 1775 905; baseline 0 -12"><span class='ocrx_word' id='word_1_122' title='bbox 473 858 576 893; x_wconf 84' lang='lat' dir='ltr'>licam</span> <span class='ocrx_word' id='word_1_123' title='bbox 594 858 746 893; x_wconf 89' lang='lat' dir='ltr'>formam</span> <span class='ocrx_word' id='word_1_124' title='bbox 766 857 887 904; x_wconf 87' lang='lat' dir='ltr'>redegi</span> <span class='ocrx_word' id='word_1_125' title='bbox 906 870 1086 905; x_wconf 89' lang='lat' dir='ltr'>manuque</span> <span class='ocrx_word' id='word_1_126' title='bbox 1110 870 1189 892; x_wconf 87' lang='lat' dir='ltr'>mea</span> <span class='ocrx_word' id='word_1_127' title='bbox 1212 857 1357 905; x_wconf 87' lang='lat' dir='ltr'>propria</span> <span class='ocrx_word' id='word_1_128' title='bbox 1383 855 1497 905; x_wconf 80' lang='lat' dir='ltr'>scripsi</span> <span class='ocrx_word' id='word_1_129' title='bbox 1520 869 1561 892; x_wconf 88' lang='lat' dir='ltr'>ac</span> <span class='ocrx_word' id='word_1_130' title='bbox 1578 855 1675 904; x_wconf 78' lang='lat' dir='ltr'>ligno</span> <span class='ocrx_word' id='word_1_131' title='bbox 1696 870 1775 893; x_wconf 87' lang='lat' dir='ltr'>meo</span> 
     </span>
     <span class='ocr_line' id='line_1_14' title="bbox 473 912 1751 963; baseline 0.002 -13"><span class='ocrx_word' id='word_1_132' title='bbox 473 916 573 951; x_wconf 92' lang='lat' dir='ltr'>solito</span> <span class='ocrx_word' id='word_1_133' title='bbox 593 921 627 951; x_wconf 84' lang='lat' dir='ltr'>ct</span> <span class='ocrx_word' id='word_1_134' title='bbox 646 915 815 950; x_wconf 88' lang='lat' dir='ltr'>consueto</span> <span class='ocrx_word' id='word_1_135' title='bbox 833 912 966 962; x_wconf 75' lang='lat' dir='ltr'>signavi</span> <span class='ocrx_word' id='word_1_136' title='bbox 984 915 1021 951; x_wconf 92' lang='lat' dir='ltr'>in</span> <span class='ocrx_word' id='word_1_137' title='bbox 1039 914 1280 951; x_wconf 87' lang='lat' dir='ltr'>testimonium</span> <span class='ocrx_word' id='word_1_138' title='bbox 1300 915 1461 950; x_wconf 87' lang='lat' dir='ltr'>omnium</span> <span class='ocrx_word' id='word_1_139' title='bbox 1479 914 1726 963; x_wconf 79' lang='lat' dir='ltr'>premissorum</span> <span class='ocrx_word' id='word_1_140' title='bbox 1743 935 1751 943; x_wconf 90' lang='lat'>·</span> 
     </span>
    </p>
   </div>
   <div class='ocr_carea' id='block_1_6' title="bbox 272 1081 854 1130">
    <p class='ocr_par' dir='ltr' id='par_1_6' title="bbox 272 1081 854 1130">
     <span class='ocr_line' id='line_1_15' title="bbox 272 1081 854 1130; baseline 0.005 -15"><span class='ocrx_word' id='word_1_141' title='bbox 272 1081 493 1117; x_wconf 78' lang='lat' dir='ltr'>Permutatio</span> <span class='ocrx_word' id='word_1_142' title='bbox 512 1081 642 1117; x_wconf 83' lang='lat' dir='ltr'>vicarie</span> <span class='ocrx_word' id='word_1_143' title='bbox 661 1082 704 1117; x_wconf 92' lang='lat' dir='ltr'>de</span> <span class='ocrx_word' id='word_1_144' title='bbox 724 1082 854 1130; x_wconf 82' lang='lat' dir='ltr'>Elgyn·</span> 
     </span>
    </p>
   </div>
   <div class='ocr_carea' id='block_1_7' title="bbox 166 1195 1772 2174">
    <p class='ocr_par' dir='ltr' id='par_1_7' title="bbox 166 1195 1772 2174">
     <span class='ocr_line' id='line_1_16' title="bbox 166 1195 1772 1247; baseline 0.002 -18"><span class='ocrx_word' id='word_1_145' title='bbox 166 1198 237 1234; x_wconf 67' lang='lat'>249</span> <span class='ocrx_word' id='word_1_146' title='bbox 267 1195 475 1232; x_wconf 84' lang='lat' dir='ltr'>Alexander</span> <span class='ocrx_word' id='word_1_147' title='bbox 490 1197 561 1233; x_wconf 91' lang='lat' dir='ltr'>Dei</span> <span class='ocrx_word' id='word_1_148' title='bbox 575 1198 690 1245; x_wconf 88' lang='lat' dir='ltr'>gratia</span> <span class='ocrx_word' id='word_1_149' title='bbox 705 1198 887 1247; x_wconf 87' lang='lat' dir='ltr'>episcopus</span> <span class='ocrx_word' id='word_1_150' title='bbox 905 1197 1137 1236; x_wconf 69' lang='lat' dir='ltr'>moraviensis</span> <span class='ocrx_word' id='word_1_151' title='bbox 1152 1198 1285 1235; x_wconf 62' lang='lat' dir='ltr'>dilecto</span> <span class='ocrx_word' id='word_1_152' title='bbox 1300 1197 1402 1233; x_wconf 90' lang='lat' dir='ltr'>nobis</span> <span class='ocrx_word' id='word_1_153' title='bbox 1420 1198 1458 1232; x_wconf 89' lang='lat' dir='ltr'>in</span> <span class='ocrx_word' id='word_1_154' title='bbox 1473 1197 1611 1234; x_wconf 87' lang='lat' dir='ltr'>Christo</span> <span class='ocrx_word' id='word_1_155' title='bbox 1625 1198 1772 1233; x_wconf 89' lang='lat' dir='ltr'>domino</span> 
     </span>
     <span class='ocr_line' id='line_1_17' title="bbox 263 1253 1771 1293; baseline 0 -3"><span class='ocrx_word' id='word_1_156' title='bbox 263 1253 420 1290; x_wconf 84' lang='lat' dir='ltr'>Johanni</span> <span class='ocrx_word' id='word_1_157' title='bbox 436 1255 479 1290; x_wconf 90' lang='lat' dir='ltr'>de</span> <span class='ocrx_word' id='word_1_158' title='bbox 496 1255 575 1290; x_wconf 91' lang='lat' dir='ltr'>Ard</span> <span class='ocrx_word' id='word_1_159' title='bbox 595 1255 793 1291; x_wconf 87' lang='lat' dir='ltr'>succentori</span> <span class='ocrx_word' id='word_1_160' title='bbox 807 1255 949 1292; x_wconf 78' lang='lat' dir='ltr'>ecclesie</span> <span class='ocrx_word' id='word_1_161' title='bbox 963 1255 1079 1292; x_wconf 89' lang='lat' dir='ltr'>nostre</span> <span class='ocrx_word' id='word_1_162' title='bbox 1094 1255 1324 1293; x_wconf 70' lang='lat' dir='ltr'>moraviensis</span> <span class='ocrx_word' id='word_1_163' title='bbox 1342 1256 1489 1291; x_wconf 90' lang='lat' dir='ltr'>salutem</span> <span class='ocrx_word' id='word_1_164' title='bbox 1508 1269 1589 1291; x_wconf 91' lang='lat' dir='ltr'>cum</span> <span class='ocrx_word' id='word_1_165' title='bbox 1609 1255 1771 1292; x_wconf 85' lang='lat' dir='ltr'>benedic-</span> 
     </span>
     <span class='ocr_line' id='line_1_18' title="bbox 263 1312 1770 1362; baseline 0.002 -16"><span class='ocrx_word' id='word_1_166' title='bbox 263 1312 360 1347; x_wconf 84' lang='lat' dir='ltr'>tione</span> <span class='ocrx_word' id='word_1_167' title='bbox 384 1313 504 1348; x_wconf 87' lang='lat' dir='ltr'>divina</span> <span class='ocrx_word' id='word_1_168' title='bbox 523 1333 531 1341; x_wconf 93' lang='lat'><strong>·</strong></span> <span class='ocrx_word' id='word_1_169' title='bbox 562 1313 659 1356; x_wconf 85' lang='lat' dir='ltr'>Quia</span> <span class='ocrx_word' id='word_1_170' title='bbox 686 1314 899 1362; x_wconf 86' lang='lat' dir='ltr'>capellanias</span> <span class='ocrx_word' id='word_1_171' title='bbox 924 1314 1047 1350; x_wconf 59' lang='lat' dir='ltr'>Sans-ki</span> <span class='ocrx_word' id='word_1_172' title='bbox 1067 1314 1253 1351; x_wconf 68' lang='lat' dir='ltr'>michaelis</span> <span class='ocrx_word' id='word_1_173' title='bbox 1279 1314 1316 1349; x_wconf 90' lang='lat' dir='ltr'>in</span> <span class='ocrx_word' id='word_1_174' title='bbox 1343 1312 1486 1349; x_wconf 82' lang='lat' dir='ltr'>ecclefia</span> <span class='ocrx_word' id='word_1_175' title='bbox 1512 1313 1630 1349; x_wconf 87' lang='lat' dir='ltr'>nostra</span> <span class='ocrx_word' id='word_1_176' title='bbox 1653 1314 1770 1349; x_wconf 85' lang='lat' dir='ltr'>cathe-</span> 
     </span>
     <span class='ocr_line' id='line_1_19' title="bbox 263 1370 1769 1419; baseline 0.001 -14"><span class='ocrx_word' id='word_1_177' title='bbox 263 1370 351 1405; x_wconf 89' lang='lat' dir='ltr'>drali</span> <span class='ocrx_word' id='word_1_178' title='bbox 370 1376 405 1406; x_wconf 91' lang='lat' dir='ltr'>et</span> <span class='ocrx_word' id='word_1_179' title='bbox 424 1371 467 1406; x_wconf 87' lang='lat' dir='ltr'>dc</span> <span class='ocrx_word' id='word_1_180' title='bbox 486 1371 519 1407; x_wconf 89' lang='lat' dir='ltr'>le</span> <span class='ocrx_word' id='word_1_181' title='bbox 539 1371 651 1407; x_wconf 88' lang='lat' dir='ltr'>Inche</span> <span class='ocrx_word' id='word_1_182' title='bbox 669 1385 756 1419; x_wconf 89' lang='lat' dir='ltr'>quas</span> <span class='ocrx_word' id='word_1_183' title='bbox 774 1372 909 1408; x_wconf 88' lang='lat' dir='ltr'>dudum</span> <span class='ocrx_word' id='word_1_184' title='bbox 931 1372 1098 1408; x_wconf 90' lang='lat' dir='ltr'>dominus</span> <span class='ocrx_word' id='word_1_185' title='bbox 1114 1372 1139 1409; x_wconf 86' lang='lat' dir='ltr'>J</span> <span class='ocrx_word' id='word_1_186' title='bbox 1141 1372 1299 1408; x_wconf 85' lang='lat' dir='ltr'>ohannes</span> <span class='ocrx_word' id='word_1_187' title='bbox 1317 1373 1362 1407; x_wconf 87' lang='lat' dir='ltr'>de</span> <span class='ocrx_word' id='word_1_188' title='bbox 1377 1371 1615 1407; x_wconf 84' lang='lat' dir='ltr'>Aberkerdor</span> <span class='ocrx_word' id='word_1_189' title='bbox 1633 1372 1769 1419; x_wconf 88' lang='lat' dir='ltr'>optine-</span> 
     </span>
     <span class='ocr_line' id='line_1_20' title="bbox 263 1427 1767 1479; baseline 0.001 -17"><span class='ocrx_word' id='word_1_190' title='bbox 263 1427 321 1462; x_wconf 88' lang='lat' dir='ltr'>bat</span> <span class='ocrx_word' id='word_1_191' title='bbox 339 1427 528 1476; x_wconf 79' lang='lat' dir='ltr'>resignatas</span> <span class='ocrx_word' id='word_1_192' title='bbox 546 1443 609 1478; x_wconf 90' lang='lat' dir='ltr'>per</span> <span class='ocrx_word' id='word_1_193' title='bbox 628 1430 738 1478; x_wconf 91' lang='lat' dir='ltr'>ipsum</span> <span class='ocrx_word' id='word_1_194' title='bbox 758 1431 795 1465; x_wconf 93' lang='lat' dir='ltr'>in</span> <span class='ocrx_word' id='word_1_195' title='bbox 815 1430 978 1467; x_wconf 87' lang='lat' dir='ltr'>manibus</span> <span class='ocrx_word' id='word_1_196' title='bbox 997 1430 1122 1466; x_wconf 86' lang='lat' dir='ltr'>nostris</span> <span class='ocrx_word' id='word_1_197' title='bbox 1140 1430 1242 1466; x_wconf 85' lang='lat' dir='ltr'>causa</span> <span class='ocrx_word' id='word_1_198' title='bbox 1260 1430 1536 1479; x_wconf 83' lang='lat' dir='ltr'>permutationis</span> <span class='ocrx_word' id='word_1_199' title='bbox 1553 1430 1671 1465; x_wconf 89' lang='lat' dir='ltr'>fiende</span> <span class='ocrx_word' id='word_1_200' title='bbox 1686 1443 1767 1465; x_wconf 88' lang='lat' dir='ltr'>cum</span> 
     </span>
     <span class='ocr_line' id='line_1_21' title="bbox 262 1486 1764 1537; baseline 0.001 -17"><span class='ocrx_word' id='word_1_201' title='bbox 262 1486 408 1521; x_wconf 90' lang='lat' dir='ltr'>domino</span> <span class='ocrx_word' id='word_1_202' title='bbox 428 1487 610 1523; x_wconf 79' lang='lat' dir='ltr'>willelmo</span> <span class='ocrx_word' id='word_1_203' title='bbox 631 1488 675 1523; x_wconf 83' lang='lat' dir='ltr'>dc</span> <span class='ocrx_word' id='word_1_204' title='bbox 704 1488 919 1537; x_wconf 87' lang='lat' dir='ltr'>Lonksordy</span> <span class='ocrx_word' id='word_1_205' title='bbox 936 1502 1002 1537; x_wconf 94' lang='lat' dir='ltr'>pro</span> <span class='ocrx_word' id='word_1_206' title='bbox 1021 1489 1234 1524; x_wconf 86' lang='lat' dir='ltr'>canonicatu</span> <span class='ocrx_word' id='word_1_207' title='bbox 1253 1494 1289 1524; x_wconf 91' lang='lat' dir='ltr'>et</span> <span class='ocrx_word' id='word_1_208' title='bbox 1308 1487 1490 1537; x_wconf 87' lang='lat' dir='ltr'>prebenda</span> <span class='ocrx_word' id='word_1_209' title='bbox 1509 1488 1628 1524; x_wconf 89' lang='lat' dir='ltr'>Sancti</span> <span class='ocrx_word' id='word_1_210' title='bbox 1647 1487 1764 1535; x_wconf 86' lang='lat' dir='ltr'>Egidij</span> 
     </span>
     <span class='ocr_line' id='line_1_22' title="bbox 261 1543 1767 1594; baseline 0.002 -17"><span class='ocrx_word' id='word_1_211' title='bbox 261 1543 297 1578; x_wconf 90' lang='lat' dir='ltr'>in</span> <span class='ocrx_word' id='word_1_212' title='bbox 316 1543 457 1579; x_wconf 79' lang='lat' dir='ltr'>ecclelia</span> <span class='ocrx_word' id='word_1_213' title='bbox 468 1545 585 1580; x_wconf 87' lang='lat' dir='ltr'>nostra</span> <span class='ocrx_word' id='word_1_214' title='bbox 604 1559 685 1581; x_wconf 88' lang='lat' dir='ltr'>cum</span> <span class='ocrx_word' id='word_1_215' title='bbox 706 1546 839 1582; x_wconf 84' lang='lat' dir='ltr'>vicaria</span> <span class='ocrx_word' id='word_1_216' title='bbox 856 1545 998 1582; x_wconf 81' lang='lat' dir='ltr'>ecclesie</span> <span class='ocrx_word' id='word_1_217' title='bbox 1017 1547 1061 1582; x_wconf 88' lang='lat' dir='ltr'>de</span> <span class='ocrx_word' id='word_1_218' title='bbox 1081 1546 1201 1594; x_wconf 85' lang='lat' dir='ltr'>Elgyn</span> <span class='ocrx_word' id='word_1_219' title='bbox 1216 1559 1356 1582; x_wconf 87' lang='lat' dir='ltr'>annexa</span> <span class='ocrx_word' id='word_1_220' title='bbox 1371 1565 1379 1574; x_wconf 92' lang='lat'><strong>·</strong></span> <span class='ocrx_word' id='word_1_221' title='bbox 1395 1559 1435 1582; x_wconf 86' lang='lat' dir='ltr'>ac</span> <span class='ocrx_word' id='word_1_222' title='bbox 1454 1558 1517 1594; x_wconf 89' lang='lat' dir='ltr'>per</span> <span class='ocrx_word' id='word_1_223' title='bbox 1531 1545 1642 1594; x_wconf 89' lang='lat' dir='ltr'>ipsum</span> <span class='ocrx_word' id='word_1_224' title='bbox 1656 1545 1767 1580; x_wconf 90' lang='lat' dir='ltr'>domi-</span> 
     </span>
     <span class='ocr_line' id='line_1_23' title="bbox 261 1601 1765 1653; baseline 0.002 -18"><span class='ocrx_word' id='word_1_225' title='bbox 261 1614 345 1636; x_wconf 86' lang='lat' dir='ltr'>num</span> <span class='ocrx_word' id='word_1_226' title='bbox 368 1601 587 1638; x_wconf 82' lang='lat' dir='ltr'>Willelmum</span> <span class='ocrx_word' id='word_1_227' title='bbox 607 1603 711 1639; x_wconf 84' lang='lat' dir='ltr'>causa</span> <span class='ocrx_word' id='word_1_228' title='bbox 729 1604 825 1640; x_wconf 71' lang='grc' dir='ltr'>ᾰίὅῒθ</span> <span class='ocrx_word' id='word_1_229' title='bbox 849 1604 1123 1653; x_wconf 85' lang='lat' dir='ltr'>permutationis</span> <span class='ocrx_word' id='word_1_230' title='bbox 1140 1604 1302 1640; x_wconf 88' lang='lat' dir='ltr'>faciende</span> <span class='ocrx_word' id='word_1_231' title='bbox 1320 1604 1357 1639; x_wconf 90' lang='lat' dir='ltr'>in</span> <span class='ocrx_word' id='word_1_232' title='bbox 1383 1603 1546 1639; x_wconf 85' lang='lat' dir='ltr'>manibus</span> <span class='ocrx_word' id='word_1_233' title='bbox 1563 1602 1687 1638; x_wconf 86' lang='lat' dir='ltr'>nostris</span> <span class='ocrx_word' id='word_1_234' title='bbox 1712 1616 1765 1638; x_wconf 91' lang='lat' dir='ltr'>re-</span> 
     </span>
     <span class='ocr_line' id='line_1_24' title="bbox 261 1657 1764 1709; baseline 0.002 -17"><span class='ocrx_word' id='word_1_235' title='bbox 261 1657 402 1705; x_wconf 77' lang='lat' dir='ltr'>signatis</span> <span class='ocrx_word' id='word_1_236' title='bbox 414 1679 422 1686; x_wconf 91' lang='lat'><strong>·</strong></span> <span class='ocrx_word' id='word_1_237' title='bbox 439 1660 553 1695; x_wconf 88' lang='lat' dir='ltr'>eidem</span> <span class='ocrx_word' id='word_1_238' title='bbox 573 1661 721 1697; x_wconf 89' lang='lat' dir='ltr'>domino</span> <span class='ocrx_word' id='word_1_239' title='bbox 742 1662 925 1698; x_wconf 87' lang='lat' dir='ltr'>Willelmo</span> <span class='ocrx_word' id='word_1_240' title='bbox 943 1662 1162 1698; x_wconf 87' lang='lat' dir='ltr'>contulimus</span> <span class='ocrx_word' id='word_1_241' title='bbox 1182 1667 1218 1697; x_wconf 86' lang='lat' dir='ltr'>et</span> <span class='ocrx_word' id='word_1_242' title='bbox 1236 1667 1362 1697; x_wconf 89' lang='lat' dir='ltr'>tenore</span> <span class='ocrx_word' id='word_1_243' title='bbox 1381 1660 1595 1709; x_wconf 83' lang='lat' dir='ltr'>presentium</span> <span class='ocrx_word' id='word_1_244' title='bbox 1615 1660 1764 1696; x_wconf 86' lang='lat' dir='ltr'>conferi-</span> 
     </span>
     <span class='ocr_line' id='line_1_25' title="bbox 260 1717 1762 1767; baseline 0.002 -17"><span class='ocrx_word' id='word_1_245' title='bbox 260 1729 338 1751; x_wconf 86' lang='lat' dir='ltr'>mus</span> <span class='ocrx_word' id='word_1_246' title='bbox 366 1717 547 1765; x_wconf 88' lang='lat' dir='ltr'>ipsumque</span> <span class='ocrx_word' id='word_1_247' title='bbox 576 1732 639 1766; x_wconf 87' lang='lat' dir='ltr'>per</span> <span class='ocrx_word' id='word_1_248' title='bbox 666 1720 841 1756; x_wconf 86' lang='lat' dir='ltr'>annulum</span> <span class='ocrx_word' id='word_1_249' title='bbox 869 1719 1027 1756; x_wconf 84' lang='lat' dir='ltr'>nostrum</span> <span class='ocrx_word' id='word_1_250' title='bbox 1047 1719 1289 1756; x_wconf 84' lang='lat' dir='ltr'>investivimus</span> <span class='ocrx_word' id='word_1_251' title='bbox 1308 1719 1352 1755; x_wconf 93' lang='lat' dir='ltr'>de</span> <span class='ocrx_word' id='word_1_252' title='bbox 1376 1718 1579 1767; x_wconf 88' lang='lat' dir='ltr'>capellanijs</span> <span class='ocrx_word' id='word_1_253' title='bbox 1604 1718 1732 1753; x_wconf 84' lang='lat' dir='ltr'>eisdem</span> <span class='ocrx_word' id='word_1_254' title='bbox 1754 1737 1762 1745; x_wconf 88' lang='lat'><strong>·</strong></span> 
     </span>
     <span class='ocr_line' id='line_1_26' title="bbox 258 1773 1764 1826; baseline 0.001 -18"><span class='ocrx_word' id='word_1_255' title='bbox 258 1773 596 1810; x_wconf 86' lang='lat' dir='ltr'>administrationem</span> <span class='ocrx_word' id='word_1_256' title='bbox 624 1777 816 1813; x_wconf 83' lang='lat' dir='ltr'>earundem</span> <span class='ocrx_word' id='word_1_257' title='bbox 844 1791 926 1814; x_wconf 90' lang='lat' dir='ltr'>cum</span> <span class='ocrx_word' id='word_1_258' title='bbox 953 1777 1022 1813; x_wconf 90' lang='lat' dir='ltr'>suis</span> <span class='ocrx_word' id='word_1_259' title='bbox 1048 1776 1273 1826; x_wconf 87' lang='lat' dir='ltr'>pertinentijs</span> <span class='ocrx_word' id='word_1_260' title='bbox 1298 1775 1358 1812; x_wconf 89' lang='lat' dir='ltr'>fibi</span> <span class='ocrx_word' id='word_1_261' title='bbox 1384 1775 1580 1824; x_wconf 87' lang='lat' dir='ltr'>specialiter</span> <span class='ocrx_word' id='word_1_262' title='bbox 1604 1776 1764 1811; x_wconf 89' lang='lat' dir='ltr'>commit-</span> 
     </span>
     <span class='ocr_line' id='line_1_27' title="bbox 259 1831 1765 1884; baseline 0.002 -18"><span class='ocrx_word' id='word_1_263' title='bbox 259 1831 368 1866; x_wconf 90' lang='lat' dir='ltr'>tendo</span> <span class='ocrx_word' id='word_1_264' title='bbox 389 1851 396 1858; x_wconf 93' lang='lat'><strong>·</strong></span> <span class='ocrx_word' id='word_1_265' title='bbox 424 1832 524 1867; x_wconf 86' lang='lat' dir='ltr'>vobis</span> <span class='ocrx_word' id='word_1_266' title='bbox 543 1834 752 1870; x_wconf 88' lang='lat' dir='ltr'>mandamus</span> <span class='ocrx_word' id='word_1_267' title='bbox 778 1841 953 1883; x_wconf 89' lang='lat' dir='ltr'>quatenus</span> <span class='ocrx_word' id='word_1_268' title='bbox 975 1836 1086 1884; x_wconf 91' lang='lat' dir='ltr'>ipsum</span> <span class='ocrx_word' id='word_1_269' title='bbox 1115 1835 1299 1870; x_wconf 86' lang='lat' dir='ltr'>dominum</span> <span class='ocrx_word' id='word_1_270' title='bbox 1321 1834 1542 1869; x_wconf 63' lang='lat' dir='ltr'>W⁷illeln1um</span> <span class='ocrx_word' id='word_1_271' title='bbox 1563 1833 1619 1869; x_wconf 93' lang='lat' dir='ltr'>vel</span> <span class='ocrx_word' id='word_1_272' title='bbox 1637 1846 1765 1881; x_wconf 87' lang='lat' dir='ltr'>procu-</span> 
     </span>
     <span class='ocr_line' id='line_1_28' title="bbox 259 1889 1763 1942; baseline 0.003 -18"><span class='ocrx_word' id='word_1_273' title='bbox 259 1894 414 1925; x_wconf 87' lang='lat' dir='ltr'>ratorem</span> <span class='ocrx_word' id='word_1_274' title='bbox 435 1889 534 1927; x_wconf 83' lang='lat' dir='ltr'>suum</span> <span class='ocrx_word' id='word_1_275' title='bbox 554 1904 618 1938; x_wconf 91' lang='lat' dir='ltr'>pro</span> <span class='ocrx_word' id='word_1_276' title='bbox 637 1892 710 1940; x_wconf 83' lang='lat' dir='ltr'>ipso</span> <span class='ocrx_word' id='word_1_277' title='bbox 729 1893 766 1928; x_wconf 92' lang='lat' dir='ltr'>in</span> <span class='ocrx_word' id='word_1_278' title='bbox 784 1894 1007 1942; x_wconf 87' lang='lat' dir='ltr'>corporalem</span> <span class='ocrx_word' id='word_1_279' title='bbox 1032 1899 1068 1929; x_wconf 89' lang='lat' dir='ltr'>et</span> <span class='ocrx_word' id='word_1_280' title='bbox 1092 1893 1227 1929; x_wconf 85' lang='lat' dir='ltr'>realem</span> <span class='ocrx_word' id='word_1_281' title='bbox 1252 1891 1492 1941; x_wconf 83' lang='lat' dir='ltr'>poffessionem</span> <span class='ocrx_word' id='word_1_282' title='bbox 1512 1891 1690 1927; x_wconf 61' lang='lat' dir='ltr'>dictarum</span> <span class='ocrx_word' id='word_1_283' title='bbox 1708 1904 1763 1928; x_wconf 85' lang='lat' dir='ltr'>ca-</span> 
     </span>
     <span class='ocr_line' id='line_1_29' title="bbox 259 1946 1762 1999; baseline 0.001 -16"><span class='ocrx_word' id='word_1_284' title='bbox 259 1946 492 1995; x_wconf 87' lang='lat' dir='ltr'>pellaniarum</span> <span class='ocrx_word' id='word_1_285' title='bbox 518 1948 693 1984; x_wconf 86' lang='lat' dir='ltr'>inducatis</span> <span class='ocrx_word' id='word_1_286' title='bbox 717 1956 753 1986; x_wconf 90' lang='lat' dir='ltr'>et</span> <span class='ocrx_word' id='word_1_287' title='bbox 778 1951 967 1987; x_wconf 87' lang='lat' dir='ltr'>instituatis</span> <span class='ocrx_word' id='word_1_288' title='bbox 993 1952 1255 1999; x_wconf 67' lang='lat' dir='ltr'>inductumque</span> <span class='ocrx_word' id='word_1_289' title='bbox 1273 1956 1310 1986; x_wconf 84' lang='lat' dir='ltr'>et</span> <span class='ocrx_word' id='word_1_290' title='bbox 1333 1949 1531 1986; x_wconf 88' lang='lat' dir='ltr'>institutum</span> <span class='ocrx_word' id='word_1_291' title='bbox 1549 1949 1762 1985; x_wconf 85' lang='lat' dir='ltr'>auctoritate</span> 
     </span>
     <span class='ocr_line' id='line_1_30' title="bbox 259 2004 1762 2056; baseline 0.002 -17"><span class='ocrx_word' id='word_1_292' title='bbox 259 2004 375 2040; x_wconf 85' lang='lat' dir='ltr'>nostra</span> <span class='ocrx_word' id='word_1_293' title='bbox 394 2004 590 2041; x_wconf 86' lang='lat' dir='ltr'>defendatis</span> <span class='ocrx_word' id='word_1_294' title='bbox 605 2026 613 2033; x_wconf 93' lang='lat'><strong>·</strong></span> <span class='ocrx_word' id='word_1_295' title='bbox 629 2008 912 2044; x_wconf 64' lang='lat' dir='ltr'>contradictores</span> <span class='ocrx_word' id='word_1_296' title='bbox 930 2015 966 2045; x_wconf 90' lang='lat' dir='ltr'>et</span> <span class='ocrx_word' id='word_1_297' title='bbox 984 2009 1133 2045; x_wconf 87' lang='lat' dir='ltr'>rebelles</span> <span class='ocrx_word' id='word_1_298' title='bbox 1150 2007 1174 2044; x_wconf 92' lang='lat' dir='ltr'><strong>fi</strong></span> <span class='ocrx_word' id='word_1_299' title='bbox 1192 2009 1253 2056; x_wconf 91' lang='lat' dir='ltr'>qui</span> <span class='ocrx_word' id='word_1_300' title='bbox 1270 2008 1404 2044; x_wconf 87' lang='lat' dir='ltr'>fuerint</span> <span class='ocrx_word' id='word_1_301' title='bbox 1425 2020 1489 2056; x_wconf 88' lang='lat' dir='ltr'>per</span> <span class='ocrx_word' id='word_1_302' title='bbox 1506 2006 1689 2043; x_wconf 86' lang='lat' dir='ltr'>censuram</span> <span class='ocrx_word' id='word_1_303' title='bbox 1707 2019 1762 2043; x_wconf 90' lang='lat' dir='ltr'>ec-</span> 
     </span>
     <span class='ocr_line' id='line_1_31' title="bbox 259 2061 1761 2115; baseline 0.001 -17"><span class='ocrx_word' id='word_1_304' title='bbox 259 2061 476 2098; x_wconf 83' lang='lat' dir='ltr'>clefiasticam</span> <span class='ocrx_word' id='word_1_305' title='bbox 496 2064 612 2099; x_wconf 87' lang='lat' dir='ltr'>arcius</span> <span class='ocrx_word' id='word_1_306' title='bbox 631 2065 886 2113; x_wconf 89' lang='lat' dir='ltr'>compescendo</span> <span class='ocrx_word' id='word_1_307' title='bbox 906 2086 913 2095; x_wconf 89' lang='lat'><strong>·</strong></span> <span class='ocrx_word' id='word_1_308' title='bbox 929 2072 965 2102; x_wconf 89' lang='lat' dir='ltr'>et</span> <span class='ocrx_word' id='word_1_309' title='bbox 983 2067 1020 2102; x_wconf 92' lang='lat' dir='ltr'>in</span> <span class='ocrx_word' id='word_1_310' title='bbox 1037 2065 1175 2115; x_wconf 85' lang='lat' dir='ltr'>fignum</span> <span class='ocrx_word' id='word_1_311' title='bbox 1193 2066 1300 2115; x_wconf 90' lang='lat' dir='ltr'>hujus</span> <span class='ocrx_word' id='word_1_312' title='bbox 1320 2064 1548 2101; x_wconf 89' lang='lat' dir='ltr'>institutionis</span> <span class='ocrx_word' id='word_1_313' title='bbox 1562 2064 1761 2112; x_wconf 88' lang='lat' dir='ltr'>traditeque</span> 
     </span>
     <span class='ocr_line' id='line_1_32' title="bbox 260 2119 1760 2174; baseline 0.003 -18"><span class='ocrx_word' id='word_1_314' title='bbox 260 2119 472 2171; x_wconf 83' lang='lat' dir='ltr'>poss&#39;essionis</span> <span class='ocrx_word' id='word_1_315' title='bbox 490 2120 641 2168; x_wconf 64' lang='lat' dir='ltr'>sigillum</span> <span class='ocrx_word' id='word_1_316' title='bbox 655 2122 807 2159; x_wconf 88' lang='lat' dir='ltr'>vestrum</span> <span class='ocrx_word' id='word_1_317' title='bbox 822 2124 1041 2172; x_wconf 86' lang='lat' dir='ltr'>presentibus</span> <span class='ocrx_word' id='word_1_318' title='bbox 1058 2138 1166 2174; x_wconf 85' lang='lat' dir='ltr'>penes</span> <span class='ocrx_word' id='word_1_319' title='bbox 1184 2124 1320 2160; x_wconf 57' lang='lat' dir='ltr'>dietum</span> <span class='ocrx_word' id='word_1_320' title='bbox 1340 2123 1526 2159; x_wconf 89' lang='lat' dir='ltr'>dominum</span> <span class='ocrx_word' id='word_1_321' title='bbox 1539 2122 1760 2160; x_wconf 86' lang='lat' dir='ltr'>Willelmum</span> 
     </span>
    </p>
   </div>
  </div>
 </body>
</html>
