1912 2660
266 90 337 122 434
707 82 960 125 RENTALE
989 88 1344 126 EPISCOPATUS
1767 100 1887 127 svme-

269 185 512 217 HARPARLAND
529 187 647 218 ibidem
662 187 768 218 solves,
786 188 818 219 in
835 200 921 219 anno
936 199 979 219 xx
995 191 1019 218 Ξ.
1037 188 1137 226 firme,
1160 199 1256 218 unam
1276 192 1425 228 quartam
1441 192 1554 224 marte,
1570 187 1616 218 xii
1632 198 1768 230 capones

268 242 299 267 et
316 236 395 267 duas
411 237 512 268 bollas
528 250 705 270 avenarum
722 251 795 270 cum
813 240 940 282 pabulo.

400 288 510 331 Elspet
527 290 624 321 Innes

265 390 505 423 Mammums
529 403 638 424 enom
661 393 767 424 solvesi
784 393 817 423 in
833 404 919 423 anno
934 392 1075 434 quinque
1092 390 1192 422 bollas
1209 391 1298 421 ordei
1314 395 1442 422 tautum
1458 391 1598 434 recipiesl
1617 404 1672 434 per
1695 405 1768 435 gra-

268 443 440 473 natarium.

398 494 541 526 Joannes
558 496 641 526 Mill.

265 597 442 628 BiscHom:
460 598 554 628 M1LL
570 597 675 628 solvet]
694 598 727 628 in
743 609 828 628 anno
840 597 891 628 sex
907 596 1005 628 libras
1022 595 1124 634 firme,
1137 601 1202 627 tres
1214 596 1392 637 qual-terias
1404 601 1517 634 marte,
1529 603 1593 628 tres
1607 603 1768 637 mutones,

266 653 403 690 quatuor
416 649 579 679 duodenas
595 660 764 691 caponum,
783 654 847 679 tres
869 659 980 689 agnos,
998 653 1063 678 tres
1085 659 1192 685 aucas,
1209 653 1274 678 tres
1297 647 1399 679 bollas
1415 659 1591 680 avenarum
1614 661 1689 680 eum
1713 662 1770 692 pa-

264 700 351 738 bulo,
369 711 485 731 novem
502 701 603 731 bollas
619 701 706 731 arido
724 700 875 737 multare,
893 699 1052 741 greffuma
1068 704 1206 737 tantum,
1225 711 1299 730 cum
1315 699 1469 742 servicijs.

396 752 536 783 Thomas
555 752 626 782 Mill
673 757 787 792 quarta
804 763 877 793 pars

396 804 524 834 Relicta
540 804 664 834 Thome
681 804 754 844 Kay
799 807 915 844 quarta
931 813 1004 844 pars

394 856 580 896 Margareta
595 853 804 885 Donaldsouu
850 854 907 884 viii
924 865 996 895 pars

394 907 535 937 Thomas
552 906 712 946 Petirkyu
758 905 815 935 viii
833 916 906 946 pars

395 958 559 989 Johannes
576 957 672 988 Paull
718 957 774 987 viii
792 968 866 999 pars

394 1010 533 1040 Jacobus
550 1009 617 1040 Ros
663 1008 719 1039 viii
736 1020 809 1051 pars

262 1113 359 1144 Aean
376 1122 504 1143 mun-:M
521 1111 627 1142 solvefi
645 1111 677 1142 in
695 1123 780 1142 anno
795 1122 861 1142 xxv
872 1114 897 1141 Ξ.
914 1110 1016 1149 firme,
1033 1110 1084 1142 sex
1101 1122 1248 1153 capones,
1268 1122 1365 1142 unam
1381 1122 1495 1142 aucam
1511 1117 1542 1143 et
1560 1112 1615 1144 viii
1626 1116 1650 1144 Ξ.
1668 1113 1723 1145 viii
1735 1115 1766 1146 d.

262 1176 288 1195 m
292 1170 343 1195 art
348 1165 393 1202 fil
394 1175 459 1194 cere

392 1215 533 1246 Cristina
549 1214 674 1254 Crystie

262 1320 436 1354 inA'ruoa
454 1328 525 1349 nom
534 1328 572 1348 us
590 1328 716 1348 imnum
734 1318 841 1348 solvefi
858 1317 892 1348 in
908 1329 993 1348 anno
1009 1318 1053 1348 xii
1068 1321 1092 1348 Ξ.
1111 1317 1202 1349 firme
1218 1323 1250 1349 et
1266 1318 1310 1348 xii
1328 1329 1476 1360 capones.

390 1370 530 1400 Thomas
547 1369 622 1399 Mill
668 1381 733 1400 una
749 1369 864 1400 (lomus

387 1422 525 1452 Jacobus
542 1421 623 1451 Ross

390 1473 553 1503 Johannes
571 1472 672 1503 Paule
718 1484 782 1503 una
798 1473 913 1503 domus

384 1525 533 1554 Andreas
550 1524 716 1555 Blonereif
759 1535 824 1555 una
839 1524 954 1555 domus

258 1626 415 1657 BnAsle
433 1637 590 1657 EJUSDEM
608 1627 713 1658 solvefi
731 1627 763 1657 in
781 1638 867 1658 anno
882 1627 940 1658 xiii
955 1630 980 1657 Ξ.
1000 1626 1044 1668 iiij
1063 1626 1093 1657 d.
1111 1625 1214 1664 firme,
1232 1638 1330 1657 unam
1347 1626 1528 1658 duodenam
1548 1639 1704 1669 caponum
1729 1635 1759 1659 et

258 1689 355 1708 unam
371 1678 551 1708 duodenam
569 1679 779 1720 pultrearum.

385 1729 526 1760 Thomas
543 1730 691 1760 Petirkin
737 1730 870 1761 dimidia
886 1741 960 1772 pars

386 1781 526 1812 Cristina
542 1781 644 1812 Criste
690 1782 753 1812 alia
769 1782 902 1812 dimidia
919 1793 991 1824 pars

253 1935 355 1972 firme,
372 1947 468 1965 unam
481 1935 660 1965 duodenam
675 1947 845 1977 caponum,
861 1948 962 1967 unum
975 1947 1089 1978 aprum
1102 1935 1237 1978 pastum,
1252 1946 1326 1967 eum
1340 1934 1566 1967 sustentatione
1583 1935 1756 1966 molendini

253 1986 286 2016 in
303 1986 446 2028 singulis.

382 2038 530 2069 Andreas
549 2038 713 2068 Mouet-eis
726 2044 757 2069 et
774 2038 943 2069 Elizabeth
961 2039 1057 2070 Innes

253 2140 477 2171 PETTINCARK
496 2140 602 2171 solvcfi
620 2140 652 2170 in
669 2152 755 2170 anno
771 2152 790 2170 x
809 2144 832 2170 Ξ.
850 2140 952 2172 firme.

379 2193 527 2223 Andreas
547 2192 712 2222 Moncrefe
758 2198 822 2222 tres
840 2199 946 2233 partes

378 2244 518 2274 Thomas
536 2243 620 2274 Miln
665 2250 780 2285 quarta
796 2255 869 2285 pars
