1912 2660
273 57 346 93 462
745 55 925 93 CARTE
951 54 1295 93 ORIGINALES.

278 220 387 256 Carta
404 221 448 256 de
467 220 712 269 Culnacloych
730 227 766 257 et
783 222 828 257 de
848 221 1066 257 Ruthtrelen
1081 240 1089 248 ·

276 335 455 372 Omnibus
472 336 540 371 hoc
557 335 724 384 scriptum
742 335 866 371 visuris
884 336 941 371 vel
959 334 1134 370 audituris
1151 334 1175 370 J
1178 333 1335 369 ohannes
1354 332 1399 368 de
1418 332 1582 369 moravia
1598 332 1691 367 filius
1710 332 1773 368 do-

275 393 363 429 mini
376 393 559 430 (Dalcolmi
573 393 617 428 de
632 392 795 429 moravia
808 392 955 427 salutem
970 397 1130 427 eternam
1145 390 1181 425 in
1194 390 1357 425 Domino
1370 409 1378 418 ·
1398 389 1553 425 Noverit
1566 388 1772 425 universitas

276 450 387 486 vestra
409 464 465 486 me
490 450 619 486 dediffe
642 447 839 485 conceflifl'e
862 455 897 484 et
918 449 983 483 hac
1002 448 1155 496 presenti
1173 453 1271 483 carta
1290 460 1367 483 mea
1386 447 1605 483 confirmasse
1624 447 1771 482 domino

275 508 458 544 Willelmo
477 508 520 543 de
539 507 703 544 (Doravia
722 505 823 541 fratri
842 519 922 541 meo
939 519 1006 551 pro
1025 504 1194 552 homagio
1221 510 1257 540 et
1283 504 1431 540 seruicio
1458 505 1520 540 suo
1544 510 1636 540 totas
1659 510 1771 540 terras

274 578 370 601 meas
384 566 427 600 de
441 564 681 612 Culnacloyth
695 569 731 599 et
745 563 789 598 de
805 563 1024 598 Ruthtrelen
1038 562 1075 597 in
1091 562 1322 610 Strathbolgy
1336 575 1422 609 quas
1436 568 1542 597 teneo
1561 562 1605 597 de
1624 562 1770 597 domino

275 622 456 659 Willelmo
476 622 620 658 Comite
639 620 882 657 Suthirlandie
900 633 963 668 per
987 620 1103 655 rastas
1128 619 1253 655 divisas
1278 619 1355 655 suas
1381 633 1463 655 cum
1488 619 1653 655 omnibus
1671 619 1772 667 justis

273 681 501 729 pertinenciis
514 680 582 715 suis
599 678 820 714 libertatibus
838 682 874 713 et
892 676 1113 725 ayfiamentis
1130 677 1175 712 ad
1194 677 1308 713 diet-as
1326 682 1438 713 terras
1456 677 1695 726 spe&antibus
1713 677 1770 712 vel

272 738 391 786 aliquo
410 744 570 786 tempore
588 737 746 785 speetare
766 735 967 771 valentibus
982 754 990 763 ·
1017 735 1210 770 Tenendas
1235 740 1271 770 et
1294 734 1474 770 habendas
1500 735 1598 770 ἀίἇὶο
1622 735 1770 770 domino

273 796 453 831 Willelmo
472 796 516 831 de
530 794 693 831 moravia
711 798 746 828 et
764 792 955 828 heredibus
972 793 1040 828 suis
1059 793 1103 828 de
1121 806 1178 828 me
1193 798 1229 828 et
1242 792 1432 828 heredibus
1451 793 1538 828 meis
1556 793 1592 827 in
1610 793 1716 828 feodo
1735 799 1771 828 et

272 853 481 889 hereditate·
496 852 620 887 libere·
634 851 767 898 quiete·
780 850 926 898 pacifice
939 855 975 886 et
986 850 1199 886 honorifice·
1214 850 1251 885 in
1262 850 1366 886 bosco
1378 856 1414 886 et
1425 850 1532 898 plano
1542 869 1550 878 ·
1563 850 1599 885 in
1614 850 1723 898 pratis
1735 856 1770 886 et

270 910 403 958 pascuis
417 930 424 937 ·
438 910 473 944 in
486 909 551 944 viis
565 914 600 944 et
612 908 741 943 semitis
754 927 762 935 ·
778 908 815 942 in
829 908 938 942 moris
952 913 988 943 et
1003 907 1155 943 marefiis
1168 927 1175 935 ·
1188 908 1226 943 in
1241 908 1342 955 aquis
1356 913 1392 943 et
1405 907 1559 956 piscariis
1572 927 1579 935 ·
1592 908 1629 942 in
1640 908 1723 943 feris
1735 913 1770 943 et

269 968 407 1003 avibus·
420 967 456 1001 in
469 966 623 1012 stangnis
634 971 670 1000 et
681 965 897 1000 molendinis
909 984 917 992 ·
939 965 1142 1000 Reddendo
1155 965 1238 1001 inde
1250 965 1320 1013 ipse
1332 971 1368 1001 et
1381 965 1529 1001 heredes
1541 965 1591 1000 sui
1602 965 1660 1001 vel
1672 964 1769 1013 affig-

267 1025 341 1059 nati
361 1024 445 1059 mihi
465 1028 500 1059 et
518 1022 709 1058 heredibus
727 1023 814 1058 meis
832 1035 943 1058 vnum
961 1035 1025 1070 par
1043 1028 1291 1070 cyrotecarum
1319 1028 1355 1058 et
1372 1036 1483 1058 vnum
1511 1023 1698 1058 denarium
1724 1024 1768 1058 ad

266 1082 392 1128 pascha
419 1087 455 1116 et
482 1080 646 1116 faciendo
674 1079 888 1115 forinsecum
915 1079 1103 1115 seruicium
1127 1080 1355 1115 Scoticanum
1374 1080 1510 1115 domini
1532 1079 1642 1128 Regis
1659 1093 1768 1127 quan-

266 1146 342 1174 tum
361 1139 516 1187 pertinet
534 1138 579 1173 ad
598 1137 712 1173 dietas
730 1142 843 1173 terras
862 1156 870 1165 ·
898 1137 996 1172 Volo
1021 1138 1127 1172 etiam
1153 1144 1189 1173 et
1213 1137 1373 1173 concedo
1396 1143 1437 1173 ut
1461 1137 1579 1173 dietus
1601 1138 1767 1173 dominus

266 1197 467 1232 W'illelmus
486 1196 530 1231 de
550 1195 715 1232 moravia
733 1200 768 1230 et
786 1195 936 1231 heredes
953 1195 1004 1230 sui
1023 1195 1078 1231 vel
1098 1193 1258 1243 assignati
1277 1196 1387 1243 quieti
1404 1194 1471 1231 fint
1489 1195 1532 1231 ab
1552 1196 1767 1231 omnimodis

264 1256 366 1291 scetis
384 1255 564 1291 curiarum
584 1255 629 1290 ad
648 1268 705 1290 me
725 1259 761 1290 et
782 1254 932 1290 heredes
953 1267 1052 1290 meos
1073 1254 1334 1302 pertinentibus
1354 1274 1362 1282 ·
1393 1255 1441 1290 Et
1458 1253 1483 1289 fi
1500 1253 1660 1302 assignati
1680 1255 1766 1290 dieti

264 1314 399 1348 domini
420 1312 591 1348 Willelmi
608 1312 728 1347 fratris
746 1312 816 1348 mei
834 1325 909 1348 non
927 1312 1081 1348 habeant
1100 1311 1255 1348 saisinam
1278 1313 1318 1347 in
1345 1313 1459 1348 dustas
1481 1319 1593 1348 terras
1618 1313 1662 1348 de
1682 1312 1765 1348 Cul-

263 1371 430 1419 nacloyth
458 1376 494 1406 et
522 1370 741 1406 Ruthtrelen
767 1375 850 1406 ante
877 1375 1031 1406 mortem
1059 1370 1146 1406 dicti
1174 1370 1311 1406 domini
1333 1370 1505 1406 Willelmi
1532 1370 1576 1406 de
1603 1370 1766 1406 (Doravia

263 1429 346 1464 volo
365 1429 461 1476 quod
479 1441 553 1464 non
571 1427 611 1463 fit
628 1428 866 1476 prejudicium
892 1428 997 1464 di6fis
1023 1426 1202 1476 assignatis
1220 1428 1280 1475 qui
1299 1428 1453 1464 habeant
1471 1434 1507 1463 et
1524 1433 1670 1463 teneant
1690 1440 1765 1476 pre-

266 1487 378 1521 distas
402 1492 513 1522 terras
533 1487 576 1522 de
596 1500 652 1522 me
676 1492 712 1522 et
738 1486 928 1522 heredibus
952 1486 1039 1522 meis
1056 1485 1144 1522 ficut
1163 1487 1198 1521 in
1216 1486 1413 1534 plenariam
1432 1485 1587 1521 saisinam
1605 1492 1688 1521 ante
1707 1486 1764 1521 de-

263 1544 391 1580 cessum
420 1544 509 1579 (Ιίἃί
538 1544 675 1579 domini
705 1544 877 1579 willelmi
908 1544 1115 1592 prefuissent
1142 1542 1212 1579 fine
1243 1544 1361 1591 aliqua
1388 1543 1675 1579 contradiefione
1706 1543 1763 1578 vel

264 1602 519 1649 impedimento
535 1603 603 1637 mei
618 1602 676 1637 vel
690 1602 862 1638 heredum
877 1615 1040 1638 meorum
1056 1621 1064 1629 ·
1091 1602 1170 1649 Ego
1186 1615 1272 1637 vero
1283 1602 1307 1638 J
1309 1602 1467 1637 ohannes
1482 1607 1517 1637 et
1531 1602 1678 1637 heredes
1693 1601 1762 1636 mei

265 1673 388 1694 omncs
416 1660 594 1707 predifikas
621 1666 733 1695 terras
761 1666 802 1695 ut
829 1661 1063 1709 prescriptum
1091 1659 1139 1695 est
1165 1660 1329 1708 predifw
1354 1660 1500 1695 domino
1519 1659 1701 1695 Willelmo
1725 1664 1761 1694 et

264 1717 453 1752 heredibus
470 1717 538 1752 suis
556 1718 613 1753 vel
632 1717 808 1765 assignatis
826 1724 952 1754 contra
970 1731 1095 1753 omnes
1109 1717 1272 1753 homines
1287 1723 1323 1753 et
1335 1717 1483 1753 feminas
1498 1717 1533 1752 in
1547 1722 1760 1765 perpetuum

264 1775 582 1810 warandizabimus
600 1776 879 1822 acquietabimus
904 1782 939 1812 et
961 1776 1194 1812 defendemus
1213 1795 1220 1803 ·
1252 1775 1296 1810 In
1320 1774 1421 1811 cuius
1442 1775 1493 1810 rei
1520 1774 1759 1810 testimonium

263 1833 414 1880 presenti
441 1833 569 1881 scripto
596 1831 747 1880 sigillum
773 1847 892 1869 meum
917 1834 1062 1882 apposui
1081 1853 1089 1861 ·
1125 1833 1207 1868 Hiis
1225 1832 1369 1868 testibus
1384 1852 1392 1860 ·
1412 1832 1558 1868 domino
1578 1831 1759 1867 Willelmo

263 1891 392 1926 comite
412 1890 456 1925 de
477 1890 552 1926 Ros
571 1910 578 1918 -
599 1891 745 1926 domino
765 1891 947 1927 Willelmo
966 1891 1097 1927 comite
1117 1891 1358 1927 Suthirlandie
1379 1910 1386 1918 ·
1414 1890 1580 1927 Johanne
1605 1890 1649 1925 de
1675 1889 1760 1925 Stri-

264 1948 369 1996 velyn
389 1954 424 1983 et
442 1948 588 1983 domino
608 1947 789 1983 W⁷illelmo
809 1949 852 1984 de
872 1950 1009 1997 Dolays
1032 1949 1203 1985 militibus
1222 1968 1230 1976 ·
1264 1949 1422 1996 dompno
1442 1947 1623 1983 Willelmo
1641 1947 1758 1995 priore

264 2006 308 2041 de
329 2005 524 2042 Hurchard
543 2025 551 2033 ·
577 2006 723 2041 domino
743 2006 898 2053 Symone
920 2008 1038 2055 priore
1058 2007 1102 2043 de
1122 2006 1337 2055 Pluschardy
1356 2026 1364 2034 ·
1396 2006 1514 2041 Adam
1534 2005 1578 2041 de
1597 2004 1759 2042 moravia

266 2063 447 2100 Willelmo
466 2064 510 2099 de
530 2063 690 2099 Lectona
705 2083 712 2091 ·
733 2069 768 2099 et
787 2063 907 2099 multis
925 2064 1001 2100 aliis
1016 2084 1023 2092 ·
