1912 2660
41 282 110 322 278

558 179 873 218 REGISTRUM
900 181 1261 220 MORAVIENSE.

237 276 410 313 Canonici
428 276 569 313 ecclesie
587 278 818 315 moravienfis

361 355 405 378 ex
422 347 523 390 parte
541 342 681 379 Decani
694 363 702 371 ·

163 456 332 491 Decanus
346 474 355 483 ·

162 512 390 549 Subdecanus
405 532 413 541 ·
433 513 762 561 [ebdomadarius·]

162 569 258 618 Croy
274 597 282 605 .
303 570 630 618 [ebdomadarius]

161 627 353 675 Episcopus
372 647 380 655 ·
401 628 444 663 de
462 633 558 663 terra
576 628 619 663 de
638 628 826 665 Fothirves
845 648 854 657 ·

160 684 283 719 Dofws
300 703 308 712 ·
329 684 658 732 [ebdomadarius·]

162 741 402 777 Cancellarius
421 761 429 769 ·
450 742 778 790 [ebdomadarius]

309 799 463 835 Diaconi
478 819 485 827 ·

162 856 274 904 Petyn
291 876 298 884 ·

162 914 408 962 Innerkethny
427 935 435 943 -

309 972 522 1008 Subdiaconi
538 992 545 1000 ·

160 1031 246 1077 moy
264 1049 272 1056 ·
562 1032 565 1037 ’

159 1086 270 1134 Advy
282 1106 290 1113 ·

159 1143 315 1191 Buterry
330 1163 338 1171 ·

161 1201 365 1237 Canonicus
405 1206 548 1237 centum
583 1201 775 1237 solidorum
814 1200 882 1238 five

211 1258 333 1293 Sancti
351 1259 470 1306 Egidii
485 1278 493 1286 ·

309 1315 494 1364 Capellani

161 1372 375 1420 Capellanus
394 1373 524 1408 San&e
545 1372 717 1409 Katarine
736 1393 743 1401 ·

161 1429 376 1477 Capellanus
394 1430 437 1466 de
458 1430 571 1478 Petyn
590 1436 625 1466 et
643 1431 687 1466 de
707 1430 859 1479 Brachly
872 1450 880 1459 ·

161 1486 375 1534 Capellanus
395 1487 529 1523 domini
549 1488 659 1535 Regis
677 1507 685 1515 ·

161 1543 375 1592 Capellanus
393 1544 437 1580 de
455 1544 649 1580 Daldeleth
664 1565 672 1572 ·

160 1601 245 1637 Una
262 1601 457 1649 capellania
475 1602 519 1637 de
539 1602 648 1637 Ross-

160 1658 264 1694 Unus
283 1659 485 1704 capellanus
503 1659 547 1694 de
566 1659 821 1696 Balmethnach
837 1679 845 1687 ·

161 1715 375 1763 Capellanus
394 1716 438 1751 de
458 1716 586 1751 Dofws
601 1735 608 1743 ·

160 1773 246 1808 Alia
263 1773 457 1820 capellania
475 1773 519 1808 de
539 1773 628 1808 Ross
643 1792 650 1799 ·

161 1829 264 1865 Prior
283 1830 405 1865 saneti
423 1829 564 1865 Thome
583 1830 740 1867 martiris
759 1849 766 1857 ·

161 1886 246 1922 Alia
264 1887 458 1933 capellania
476 1887 631 1935 ejusdem
644 1907 653 1915 ·

163 1944 376 1992 Capellanus
388 1944 431 1979 de
444 1944 623 1980 Lanbride
636 1949 671 1980 et
683 1944 863 1992 deoeayne
872 1963 881 1972 ·

162 1999 267 2036 Unus
285 2001 487 2049 capellanus
505 2002 549 2037 de
569 2001 821 2048 Aberbrandly
836 2021 843 2029 ·

164 2228 391 2277 [Capellania
408 2229 539 2277 Drany
555 2229 586 2274 ·]

1580 186 1648 222 361

998 280 1171 316 Canonici
1189 294 1233 316 ex
1250 287 1349 329 parte
1368 282 1532 318 Cantoris
1548 303 1555 311 ·

1138 346 1386 394 Ebdomadarij
1404 366 1412 374 ·

937 458 1074 494 Cantor
1089 476 1097 486 ι

935 515 1221 552 Archidiaconus
1236 535 1244 544 ·

934 572 1129 608 succentor
1148 593 1156 601 -

934 629 1058 677 Dupyl
1074 649 1082 657 ·

934 686 1170 722 Tezaurarius
1185 706 1193 714 ·

1083 801 1237 837 Diaconi
1252 821 1260 829 ·

934 857 1151 906 Aberlowyr
1166 878 1174 886 -

936 916 1107 964 Kyngusy
1119 935 1128 943 ·

1084 973 1297 1009 Subdiaconi
1313 992 1320 1000 ·

935 1031 1055 1078 SPJ'ny
1070 1050 1077 1058 ·

933 1087 1071 1123 Dethol
1087 1107 1095 1115 ·

935 1144 1043 1192 Ryny
1062 1164 1070 1172 ·
1091 1150 1126 1180 et

935 1202 1082 1238 Sacrista
1099 1202 1142 1237 de
1163 1202 1316 1250 Kynnor
1330 1220 1338 1229 ·

1082 1316 1265 1364 Capellani
1285 1336 1293 1344 ·

936 1374 1022 1409 Alia
1039 1373 1233 1421 capellania
1250 1373 1294 1409 de
1313 1374 1568 1411 Balmethnach
1583 1396 1591 1403 ·

934 1431 1020 1467 Alia
1043 1431 1238 1479 capellania
1262 1431 1383 1467 Sancti
1402 1432 1541 1469 Thome
1560 1435 1653 1470 (Dar-

1031 1489 1107 1523 tiris
1122 1507 1130 1516 ·

934 1545 1141 1593 Capellania
1148 1545 1459 1593 deBrychmontet
1466 1546 1653 1594 Kynstary·

935 1602 1142 1650 Capellania
1160 1602 1203 1638 de
1222 1602 1315 1650 Leys
1330 1622 1338 1630 ·

933 1659 1141 1708 Capellania
1169 1660 1212 1695 de
1239 1660 1404 1696 Urchard
1431 1659 1499 1697 five
1530 1661 1654 1697 Rethis

1033 1717 1076 1752 de
1095 1717 1184 1765 Spee
1201 1735 1211 1745 ·

934 1773 1019 1809 Alia
1044 1772 1237 1821 capellania
1262 1774 1384 1809 83,ηὸὶί
1403 1774 1543 1810 Thome
1561 1777 1654 1811 <Dar-

1030 1830 1106 1865 tiris
1121 1849 1129 1858 ·

932 1887 1018 1923 Alia
1036 1887 1231 1936 capellania
1248 1888 1292 1923 de
1312 1887 1402 1923 Ross
1417 1908 1425 1915 ·

935 1944 1021 1980 Alia
1037 1944 1231 1992 capellania
1248 1944 1292 1980 de
1306 1945 1434 1981 Dofws
1446 1965 1454 1972 ·

935 2001 1021 2036 Alia
1039 2001 1234 2049 capellania
1252 2002 1296 2037 de
1314 2001 1404 2037 Ross
1419 2022 1427 2029 ·

937 2058 1074 2101 Quinta
1118 2058 1312 2106 capellania
1352 2058 1474 2095 Sanc’d
1514 2060 1653 2096 Thome

1034 2115 1193 2152 martiris
1211 2134 1220 2143 ·

936 2172 1021 2208 Alia
1038 2172 1234 2221 capellania
1251 2172 1295 2208 de
1314 2172 1563 2221 Aberbrandly
1581 2191 1589 2200 ·

939 2229 1169 2278 [Capellania
1186 2229 1321 2265 domini
1334 2230 1532 2266 Alexandri
1546 2230 1653 2265 Dun-

982 2287 1046 2323 bar
1064 2291 1099 2323 et
1117 2286 1278 2323 Elizabet
1296 2287 1511 2335 Suthyrland
1526 2285 1557 2331 ·]

879 2341 939 2371 22
