1912 2660
274 103 347 135 -1-02
673 96 990 135 REGISTRUM
1018 96 1383 136 MORAVIENSE.

189 199 247 225 :³58
274 198 360 227 Carta
375 197 532 226 Alexandri
548 197 719 226 Sutherland
733 197 830 226 decani
846 197 1038 232 Cathanenfls,
1056 196 1183 225 canonici
1199 194 1394 228 Moraviensts,
1408 193 1583 232 prebendarii
1597 194 1632 223 de
1647 194 1779 230 Duffous,

183 768 241 794 :359

180 1054 236 1080 :560

176 1721 229 1748 :361

272 245 306 273 de,
320 245 395 274 dicto
410 245 581 273 columbario
595 245 668 283 apud
686 245 781 274 locum
799 245 920 274 fratrum
940 245 1091 277 minorum,
1112 245 1177 272 dato
1191 243 1220 270 in
1235 241 1430 270 fundationem
1445 242 1565 269 duorum
1578 242 1780 272 anniversario-

272 303 335 321 rum
351 293 379 321 in
395 294 481 321 choro
495 293 614 322 ecclesiae
629 293 795 322 cathedralis
810 293 1039 321 celebrandorum
1053 302 1104 330 pro
1119 291 1207 318 salute
1224 290 1382 317 animarum
1397 289 1534 317 Willelmi
1555 290 1725 319 Sutherland
1746 291 1780 320 de

273 341 396 369 Duffous
411 346 439 370 et
453 341 565 370 Jonetae
580 341 666 369 Innes
681 340 740 379 ejus
755 340 868 379 sponste,
882 340 1039 368 fundatoris
1052 343 1211 377 parentum,
1227 341 1255 365 et
1268 336 1405 364 Willelmi
1422 337 1593 365 Sutherland
1606 338 1640 367 de
1655 338 1779 368 Duffous

271 388 364 417 fratris
379 389 542 423 fundatoris,
568 399 677 417 necnon
692 388 744 427 piae
760 388 901 416 memoriae
916 386 1041 424 magistri
1057 386 1128 413 Adae
1144 385 1282 413 Gordoun
1297 384 1393 412 decani
1410 385 1594 413 Cathanenfis
1608 390 1637 414 et
1651 387 1779 415 canonici

272 436 468 471 Moravienfis‚
491 442 520 465 et
541 446 592 475 pro
611 436 704 464 anima
717 435 882 464 fundatoris.
924 434 1053 462 Testibus
1075 432 1202 469 Georgio
1224 432 1344 461 Sinclair
1364 432 1467 461 comite
1489 432 1644 468 Cathaniae,
1664 435 1778 463 Gavino

273 484 352 522 Lessy
368 485 549 523 prebendario
563 485 596 512 de
611 483 752 521 Kyngusy
766 493 797 510 ac
812 482 994 510 commissario
1008 480 1132 518 generali
1149 479 1320 508 Moravienfi
1334 489 1385 518 pro
1400 484 1535 518 tempore,
1559 480 1670 510 Thoma
1685 482 1779 511 Gade-

270 541 315 560 rar
334 538 442 561 rectore
463 533 496 560 de
519 531 670 560 Murthlak
692 531 826 558 canonico
844 529 1025 562 Mornviensi,
1044 527 1159 556 Tiberio
1173 527 1371 565 VVynchestre,
1387 527 1499 556 Thoma
1514 528 1658 563 Brabiner,
1675 529 1778 558 Archi-

270 580 350 608 baldo
366 580 502 609 Covintre
517 585 544 608 et
562 580 686 616 Hugone
702 579 795 615 Cragy
812 577 920 606 notario
935 576 1057 615 publico,
1080 575 1229 614 capellanis
1252 575 1372 604 ecclefiae
1394 576 1569 611 cathedralis,
1591 587 1622 605 ac
1645 578 1776 615 magistro

270 627 364 656 David
378 628 506 665 Douglas
520 627 683 666 presbytero
697 632 725 655 et
741 626 851 654 notario
865 625 986 663 publico.
1027 624 1114 662 Apud
1129 624 1250 662 burgum
1264 624 1297 652 de
1314 623 1411 662 Elgin,
1429 625 1464 652 14
1480 625 1602 662 Augusti
1619 626 1706 655 1588.

268 769 492 798 Instrumentum
506 769 599 797 safluae
614 769 696 806 super
710 768 826 796 eandem
841 771 955 801 cartam,
970 767 1041 795 datae
1055 776 1105 805 per
1118 767 1282 795 Johannem
1298 767 1463 795 Thomsoun
1478 767 1614 797 ballivum
1629 768 1662 797 de
1678 769 1773 806 Elgin,

266 817 296 845 in
319 817 399 856 cujus
423 827 522 845 manus
544 817 621 855 prius
645 815 814 852 resignatum
837 814 892 843 suit
915 814 1022 843 dictum
1045 814 1248 843 columbarium
1272 824 1323 852 per
1343 814 1445 843 fustem
1466 820 1494 844 et
1515 816 1646 844 baculum
1664 827 1680 844 a
1700 817 1775 845 dicto

267 865 393 893 Decano.
436 865 461 893 T
464 865 565 893 estibus
586 864 717 901 magistro
738 863 872 891 ,Iohanne
896 862 1076 896 Sutherland,
1100 862 1246 890 Willelmo
1269 862 1440 891 Sutherland
1461 868 1490 892 et
1507 863 1652 892 Willelmo
1668 865 1775 893 Catour

266 913 408 950 sergundo.
451 913 558 940 Eodem
573 912 626 940 die.

265 1055 350 1083 Carta
368 1055 529 1083 feodifirmae
548 1059 685 1081 terrarum
701 1054 735 1081 de
750 1053 905 1082 Kirklands
925 1054 959 1082 de
979 1053 1085 1082 Duffus
1108 1064 1172 1082 cum
1194 1054 1301 1082 duabus
1325 1053 1394 1081 acris
1418 1054 1586 1092 nuncupatis
1606 1054 1644 1083 lie
1665 1055 1772 1084 brewin

262 1103 341 1131 acris
356 1107 384 1130 et
398 1107 518 1140 quatuor
531 1102 601 1130 acris
616 1101 719 1129 vicario
733 1101 923 1139 spectantibus
938 1101 1026 1141 juxta
1045 1102 1186 1131 eccleliam
1207 1101 1395 1140 parochialem
1417 1101 1548 1140 ejusdem,
1564 1112 1614 1140 per
1626 1102 1773 1131 dominum

263 1150 440 1178 VVillelmum
455 1149 528 1178 Liell
543 1150 679 1178 vicarium
695 1154 864 1188 perpetuum
879 1150 912 1178 de
928 1150 1044 1184 Duffus,
1066 1160 1130 1178 cum
1145 1150 1281 1178 consensu
1294 1149 1418 1188 capituli,
1436 1150 1500 1178 data
1512 1150 1638 1178 Johanni
1654 1150 1772 1180 Suther-

261 1199 325 1226 land
340 1198 405 1226 alias
422 1199 501 1235 Bayn
517 1203 544 1226 et
560 1198 708 1226 heredibus
724 1197 852 1225 masculis
867 1198 900 1226 de
915 1208 1031 1236 corpore
1051 1197 1183 1236 ejusdem,
1205 1198 1259 1236 q.d.
1282 1198 1446 1226 Alexandro
1467 1197 1638 1225 Sutherland
1659 1199 1772 1227 domino

261 1247 294 1274 de
310 1246 414 1274 Duffus
429 1250 457 1274 et
473 1245 532 1284 ejus
547 1246 606 1274 her:
623 1246 703 1273 masc:
719 1246 772 1283 q.d.
788 1245 930 1274 Richardo
947 1246 1117 1274 Sutherland
1132 1246 1247 1274 domino
1262 1246 1295 1274 de
1311 1245 1391 1273 Forss
1406 1249 1434 1274 et
1449 1245 1509 1273 her:
1523 1245 1605 1273 masc:
1621 1246 1673 1284 q.d.
1692 1247 1772 1276 here-

260 1294 340 1322 dibus
365 1294 494 1322 masculis
518 1294 584 1322 dicti
609 1293 749 1322 Johannis
773 1293 946 1322 Sutherland
970 1294 1180 1332 quibuscunque
1205 1303 1364 1331 cognomen
1389 1298 1418 1321 et
1444 1302 1521 1321 arma
1542 1293 1576 1321 de
1601 1294 1770 1323 Sutherland

259 1342 432 1379 gerentibus.
458 1342 612 1370 Reddendo
623 1343 641 1369 8
654 1352 759 1370 marcas
773 1342 808 1369 15
820 1341 922 1371 solidos
933 1342 1090 1371 annuatim.
1119 1342 1249 1370 Testibus
1264 1341 1378 1369 domino
1395 1341 1508 1369 Thomu
1524 1341 1693 1370 Sutherland
1708 1353 1771 1381 pre-

260 1390 392 1418 bendario
406 1390 440 1418 de
457 1390 549 1423 Ellen‚
570 1390 676 1418 Jacobo
692 1390 807 1428 Ogilwy
822 1391 856 1418 de
872 1390 993 1424 Cardell,
1011 1390 1138 1428 Hugone
1155 1390 1226 1418 Ross
1246 1390 1280 1418 de
1300 1389 1454 1423 Kilrawok‚
1471 1388 1636 1417 Alexandro
1652 1390 1723 1419 Ross
1737 1391 1771 1419 de

262 1438 361 1472 Holm,
375 1438 506 1466 Johanne
520 1437 590 1466 Ross
605 1438 638 1466 de
655 1438 803 1472 Bulleuait,
817 1438 983 1466 Alexandro
998 1438 1098 1466 Dolles
1113 1438 1146 1466 de
1162 1438 1297 1475 Cantray,
1308 1437 1440 1474 magistro
1451 1436 1584 1465 ,Iohanne
1600 1437 1771 1466 Sutherland

261 1486 406 1523 capitaneo
428 1486 461 1513 de
487 1486 600 1519 Skelbo‚
623 1486 756 1523 magistro
781 1486 906 1524 Hugone
930 1487 1023 1523 Cragy
1047 1486 1134 1514 scriba
1156 1486 1301 1524 capitulari
1323 1485 1442 1519 notario,
1463 1484 1610 1513 Willelmo
1624 1485 1769 1523 Wysman,

261 1533 372 1561 Davide
388 1533 526 1570 Doughss,
541 1533 655 1562 domino
669 1534 801 1563 ,Iohanne
817 1534 955 1569 Gibsoun,
970 1534 1097 1562 notariis.
1139 1534 1225 1572 Apud
1244 1534 1385 1562 ecclesiam
1405 1532 1593 1562 cathedralem
1608 1533 1769 1563 Moravien-

261 1581 327 1614 sem,
343 1582 360 1608 ὁ
378 1581 449 1608 Maii
468 1582 552 1609 1545.

262 1722 347 1750 Curta
361 1722 522 1751 seodifn'mae
537 1728 675 1752 terrarum
690 1725 933 1754 ecclesiasticarum
949 1725 982 1753 de
999 1724 1196 1759 Duhhwucht,
1217 1723 1290 1751 infra
1309 1723 1451 1751 baroniam
1465 1724 1499 1752 de
1515 1724 1666 1758 Arclauch,
1688 1733 1766 1761 rega-

260 1770 371 1799 litatem
386 1771 419 1799 de
436 1771 531 1809 Spyne
546 1777 574 1800 ct
589 1772 816 1801 vicecomitatum
831 1773 864 1801 de
880 1773 1038 1806 Inverness,
1060 1782 1110 1811 per
1132 1772 1300 1810 Episcopum
1322 1781 1386 1800 cum
1407 1771 1541 1799 consensu
1562 1771 1677 1810 capituli
1696 1771 1768 1800 sacta

263 1818 428 1846 Alexandro
444 1819 503 1847 Ros
517 1820 551 1846 de
567 1820 673 1847 Holme
688 1825 715 1848 et
731 1821 842 1849 Jonetae
858 1821 978 1849 Dunbar
996 1820 1056 1859 ejus
1076 1821 1181 1859 sponsae
1202 1825 1230 1848 et
1251 1819 1400 1848 heredibus
1414 1819 1543 1848 masculis
1557 1819 1625 1848 dicti
1640 1819 1767 1848 Alexan-

260 1866 321 1899 ‹lri;
342 1867 395 1904 q.d.
416 1867 475 1895 her:
497 1866 578 1895 masc:
604 1868 735 1905 Ilugonis
759 1868 817 1897 Ros
840 1869 951 1897 baronis
974 1870 1008 1897 de
1031 1868 1187 1897 Kilrawok.
1230 1868 1384 1896 Reddendo
1398 1867 1482 1897 L.10.
1499 1869 1544 1896 13.
1558 1869 1587 1896 8.
1602 1867 1767 1900 annuatim:

265 1914 415 1941 Prcstnndo
429 1914 530 1943 sectum
547 1921 573 1943 ct
588 1915 757 1953 presentiam
777 1916 804 1944 in
820 1917 944 1954 quolibet
959 1916 1230 1955 itinerejusticiariae
1245 1915 1399 1953 regalitatis
1414 1916 1448 1943 dc
1464 1915 1559 1953 Spyne
1573 1927 1580 1949 ;
1599 1920 1628 1944 et
1641 1915 1766 1944 faciendo

261 1961 373 1990 servitia
387 1962 420 1989 ud
434 1972 548 1999 guerras
563 1973 627 1990 cnm
651 1963 788 2002 Episcopo
810 1965 855 1992 vcl
877 1964 936 2002 ejus
956 1965 1068 1998 ballivo,
1088 1964 1244 2003 sumptibus
1266 1963 1395 2002 propriis,
1416 1963 1446 1991 in
1467 1963 1561 1996 armis,
1584 1962 1766 1996 indumentis,

261 2010 343 2037 rebus
357 2010 464 2038 bellicis
479 2015 507 2038 et
522 2010 582 2038 aliis
604 2011 758 2039 ncceffariis
780 2012 813 2039 nd
834 2012 887 2040 hoc
906 2013 1127 2050 congruentibus
1148 2012 1319 2042 sufficienter
1340 2016 1368 2040 et
1388 2011 1513 2045 honeste,
1535 2015 1568 2039 ut
1588 2011 1676 2046 decet,
1697 2010 1766 2039 ficut

261 2057 307 2085 ulii
330 2058 383 2085 viri
406 2058 515 2086 honesti
538 2058 623 2086 vicini
648 2060 787 2097 preparari
811 2060 913 2088 debent
938 2061 1090 2089 secundum
1115 2060 1347 2089 consuetudinem
1370 2059 1467 2098 patriae
1488 2063 1516 2087 et
1536 2059 1647 2087 decreta
1667 2058 1767 2098 parlia-

262 2105 352 2133 menti
373 2110 402 2134 et
424 2106 527 2134 statuta
544 2106 646 2143 Regni.
691 2107 819 2135 'restibus
835 2108 940 2136 Jacobo
956 2108 1075 2136 Dunbur
1089 2109 1123 2137 dc
1139 2108 1254 2142 Conzie,
1275 2108 1382 2136 Jacobo
1397 2107 1482 2135 Innes
1496 2107 1529 2135 de
1545 2106 1654 2145 Drany,
1677 2106 1766 2135 Alex-

262 2153 347 2181 andro
365 2153 448 2182 lnnes
464 2154 492 2181 in
510 2154 643 2188 Pethnik,
659 2154 790 2183 Johannc
807 2155 988 2185 Thomsoune
1003 2156 1132 2194 burgensi
1146 2157 1179 2185 (le
1196 2156 1291 2194 Elgin.
1326 2155 1411 2194 Apud
1426 2154 1567 2184 ecclefiam
1579 2154 1765 2184 cathedralem

263 2210 289 2227 ιιι
306 2201 367 2229 1000
383 2201 525 2240 capitulari
542 2201 665 2239 ejusdem
683 2202 734 2230 ult.
751 2202 822 2230 Maii
841 2204 924 2231 1546.
