1912 2660
191 1048 263 1088 274

289 131 362 168 356
683 131 788 168 REG
796 131 1000 167 ISTRUM
1029 129 1393 167 MORAVIENSE.

290 237 392 267 actus
413 243 481 267 nec
499 230 583 266 dolo
601 231 768 266 inductus
789 231 847 266 sed
869 244 913 266 ex
935 243 1015 266 mea
1040 243 1138 265 mera
1161 236 1197 265 et
1223 229 1416 277 spontanea
1438 227 1625 263 voluntate
1649 233 1685 263 et
1711 229 1792 275 quia

291 289 359 324 hoc
385 287 446 337 ipfi
471 288 644 337 prioratui
670 289 759 324 utile
783 294 911 337 reputo
931 307 939 316 ·
968 287 1080 336 ipsum
1103 288 1300 335 prioratum
1324 286 1362 320 in
1385 284 1547 319 manibus
1566 284 1685 320 vestris
1703 298 1791 333 pure

290 346 400 382 libere
427 351 462 382 et
488 345 690 395 simpliciter
716 359 779 395 per
804 345 983 394 presentes
1005 344 1179 380 renuncio
1201 348 1237 379 et
1260 343 1402 377 dimitto
1421 361 1429 369 ·
1458 342 1663 390 paternitati
1681 342 1791 379 vestre

290 404 488 440 reverende
511 403 741 452 supplicando
768 408 943 450 quatenus
969 401 1067 437 istam
1092 400 1401 436 renunciationem
1426 413 1541 434 meam
1568 400 1683 435 velitis
1704 401 1792 437 reci-

289 474 374 510 pere
394 481 403 489 ·
429 467 465 497 et
489 461 574 496 mihi
602 462 646 497 de
673 459 871 509 provisione
897 459 1015 506 aliqua
1041 457 1259 506 competenti
1283 470 1348 505 pro
1372 462 1533 505 tempore
1557 458 1629 493 vite
1653 471 1731 494 mee
1753 458 1792 494 in

289 519 452 567 prioratu
479 519 551 567 ipso
579 519 623 554 de
649 519 751 554 bonis
776 516 880 566 ipfius
907 517 950 552 de
977 514 1121 551 confilio
1140 520 1176 550 et
1193 514 1363 551 consensu
1382 521 1581 550 conventus
1600 515 1792 551 secundum

289 576 475 613 facultates
501 576 571 612 loci
600 581 635 611 et
659 575 765 624 juxta
791 587 871 610 mea
900 573 1028 608 merita
1053 573 1251 620 dignemini
1282 573 1473 621 providere
1501 592 1509 600 ·
1544 573 1587 608 In
1615 573 1792 621 premiss'o-

289 647 371 670 rum
389 634 629 670 testimonium
653 632 804 681 sigillum
831 631 1009 680 prioratus
1035 630 1186 678 predicti
1212 630 1431 679 presentibus
1458 630 1623 678 apposui·
1656 631 1791 666 Datum

290 692 328 728 in
351 692 513 740 prioratu
532 691 692 739 predicto
713 691 757 726 de
777 689 994 736 Pluscardyn
1015 688 1163 736 septimo
1188 688 1245 724 die
1266 686 1390 724 menfis
1411 687 1563 736 Augusti
1579 708 1587 717 ·
1607 702 1702 724 anno
1718 689 1793 724 Do-

291 749 380 785 mini
398 753 557 787 ·‹n⁰·ccc⁰·
577 746 805 796 nonagesimo
824 747 954 782 octavo
976 765 984 774 ·

292 923 490 959 Decretum
509 921 696 958 electionis
713 920 892 969 prioratus
912 920 956 955 de
975 919 1027 955 ·P·

292 1038 509 1074 Reverendo
528 1038 564 1072 in
584 1036 723 1073 Christo
748 1036 841 1084 patri
866 1035 1013 1071 domino
1033 1034 1216 1071 Willelmo
1236 1035 1308 1071 Dei
1325 1036 1440 1084 gratia
1458 1036 1621 1085 episcopo
1640 1038 1794 1074 moravi-

291 1095 361 1132 ensi
379 1096 430 1131 sui
448 1096 599 1131 humiles
623 1100 660 1131 et
678 1094 799 1130 devoti
818 1093 977 1129 Thomas
997 1092 1027 1130 F
1028 1093 1160 1128 ullonis
1184 1093 1299 1129 senior
1325 1094 1522 1130 monachus
1548 1095 1726 1143 prioratus
1751 1095 1795 1130 dc

291 1154 343 1189 ·P·
373 1158 409 1189 et
437 1153 591 1201 ejusdem
621 1152 690 1188 loci
719 1157 919 1188 conventus
948 1151 1191 1187 obedienciam
1216 1171 1225 1179 ·
1254 1153 1496 1188 reverenciam
1524 1159 1559 1188 et
1586 1153 1759 1189 honorem
1785 1173 1793 1180 ·

290 1211 454 1247 Vacante
485 1211 647 1259 prioratu
675 1210 795 1246 nostro
823 1210 988 1259 predi&o
1019 1222 1083 1258 per
1111 1209 1420 1245 renunciationem
1449 1211 1583 1246 Prioris
1614 1211 1731 1246 ultimi
1759 1212 1794 1246 in

290 1269 453 1305 manibus
470 1269 592 1305 vestris
615 1269 748 1305 factam
771 1275 807 1306 et
830 1269 1012 1305 admiffam
1032 1288 1040 1297 ·
1069 1282 1135 1304 nos
1161 1274 1259 1305 certa
1281 1269 1338 1304 die
1360 1270 1405 1305 ad
1429 1270 1496 1305 hoc
1518 1268 1687 1317 assignata
1705 1270 1795 1306 infra

290 1333 430 1376 tempus
450 1327 543 1376 juris
569 1328 614 1363 ad
641 1328 857 1364 ele<ffionem
883 1327 997 1363 futuri
1020 1326 1150 1375 prioris
1168 1340 1232 1375 per
1250 1327 1344 1363 viam
1362 1327 1520 1363 scrutinii
1539 1327 1766 1376 processimus
1785 1348 1793 1356 ·

290 1390 326 1422 et
344 1398 388 1421 eo
406 1385 586 1434 publicato
606 1386 808 1422 invenimus
826 1385 973 1421 fratrem
992 1384 1243 1421 Alexandrum
1264 1384 1308 1421 de
1324 1385 1561 1434 Pluscardyne
1580 1386 1793 1422 monachum

290 1442 448 1479 nostrum
463 1444 507 1479 ab
522 1443 687 1479 omnibus
701 1444 800 1480 suiss'e
814 1443 1043 1480 concorditer
1057 1442 1283 1478 nominatum
1298 1449 1334 1479 et
1348 1443 1503 1479 elefflmm
1518 1463 1525 1472 ·
1541 1444 1657 1480 virum
1672 1445 1794 1492 utique

291 1501 482 1548 providum
509 1506 545 1537 et
572 1501 761 1537 discretum
792 1502 829 1537 in
859 1501 1097 1550 spiritualibus
1124 1506 1160 1537 et
1187 1501 1443 1549 temporalibus
1470 1502 1765 1549 circumspectum
1786 1522 1793 1530 ·

292 1558 454 1605 regulam
474 1559 609 1595 ordinis
626 1559 735 1596 nostri
754 1559 910 1608 expresse
928 1559 1119 1608 profefl'um
1138 1578 1147 1588 ·
1174 1559 1212 1594 in
1236 1559 1432 1595 sacerdotio
1459 1566 1495 1596 et
1521 1565 1615 1596 etate
1639 1561 1796 1608 legitima

293 1615 522 1652 constitutum
542 1636 550 1645 ·
574 1617 618 1653 de
636 1617 743 1654 thoro
761 1617 923 1665 legitimo
942 1622 1170 1665 procreatum
1190 1636 1198 1645 ·
1223 1617 1390 1653 scientem
1409 1623 1444 1653 et
1462 1623 1645 1666 potentem
1658 1618 1742 1667 jura
1760 1626 1794 1654 et

293 1672 515 1721 poss'essiones
537 1675 715 1723 prioratus
733 1675 842 1711 nostri
860 1675 1013 1724 predi&
1026 1674 1103 1723 jam
1128 1675 1237 1710 exiles
1255 1679 1291 1710 et
1308 1680 1434 1711 tenues
1453 1675 1643 1711 defendere
1668 1682 1703 1712 et
1725 1689 1795 1712 mc-

294 1732 424 1768 liorare
444 1751 452 1760 ·
472 1737 508 1767 et
526 1733 647 1768 ruinas
670 1732 811 1770 ecclefie
830 1739 866 1769 et
883 1732 1143 1768 habitationum
1162 1745 1327 1780 reparare
1347 1751 1355 1760 ·
1374 1746 1479 1780 quem
1498 1733 1641 1769 servatis
1658 1734 1796 1770 servan-

296 1790 348 1826 dis
375 1789 491 1825 senior
514 1790 671 1826 nostrum
700 1791 777 1827 vice
805 1796 841 1827 et
867 1791 911 1827 de
938 1791 1107 1827 mandato
1134 1789 1296 1826 omnium
1324 1789 1482 1826 nostrum
1509 1791 1616 1838 elegit
1639 1792 1677 1827 in
1698 1791 1796 1828 hunc

295 1848 443 1883 modum
472 1866 480 1875 ·
534 1848 613 1895 Ego
642 1848 801 1885 Thomas
830 1849 992 1885 Fullonia
1020 1848 1136 1884 senior
1164 1848 1360 1884 monachus
1390 1848 1495 1896 hujus
1522 1855 1721 1885 conventus
1752 1850 1796 1886 dc

298 1905 514 1953 Pluscardyn
535 1905 612 1941 vice
640 1919 718 1942 mea
744 1912 779 1943 et
804 1907 915 1943 totius
941 1911 1141 1943 conventus
1163 1919 1204 1942 ac
1226 1906 1272 1942 de
1296 1906 1465 1942 mandato
1490 1912 1526 1942 et
1545 1906 1716 1955 potestate
1734 1921 1796 1956 per

297 1969 515 2000 conventum
547 1963 633 1998 mihi
663 1964 802 2000 traditis
829 1965 977 2001 fratrem
1008 1964 1261 2000 Alexandrum
1292 1963 1337 1999 de
1366 1964 1418 1999 ·P·
1446 1965 1661 2000 monachum
1692 1965 1797 2014 hujus

297 2026 496 2058 conventus
514 2021 662 2056 nomino
681 2026 717 2056 et
735 2022 828 2070 eligo
846 2022 884 2057 in
899 2022 1062 2058 Priorem
1081 2022 1125 2058 de
1140 2022 1193 2058 ·P·
1222 2022 1342 2065 Quam
1361 2022 1576 2058 ele6‘ci0nem
1594 2035 1659 2058 nos
1674 2036 1796 2059 omnes

272 2076 534 2127 ‘approbamus
553 2097 561 2106 ·
591 2084 626 2114 et
652 2078 766 2114 statim
790 2080 967 2116 cantando
998 2080 1053 2116 Te
1076 2079 1206 2116 Deum
1232 2080 1432 2116 laudamus
1456 2080 1611 2116 eleaum
1640 2080 1795 2117 nostrum

298 2136 511 2172 deduximus
529 2136 575 2172 ad
592 2149 762 2184 magnum
781 2137 892 2174 altare
912 2157 920 2165 ·
947 2143 982 2173 et
1000 2138 1215 2174 electionem
1234 2138 1365 2174 factam
1389 2138 1433 2173 de
1457 2138 1529 2186 ipso
1546 2138 1693 2174 fecimus
1711 2140 1797 2187 pub—

298 2193 397 2230 licari
417 2213 425 2223 ·
452 2207 493 2230 ac
511 2192 571 2243 ipfi
590 2194 706 2231 ele6‘co
732 2195 778 2231 ad
804 2194 1030 2243 prestandum
1057 2196 1263 2233 consensum
1287 2196 1387 2232 suum
1410 2195 1602 2244 presentari
1621 2215 1629 2224 ·
1653 2197 1713 2245 qui
1735 2210 1798 2246 per
