1912 2660
602 196 919 233 REGISTRUM
947 198 1309 239 MORAVIENSE.
1624 212 1695 247 319

210 297 371 346 perpetui
388 294 509 342 vicarij
531 295 574 330 de
599 295 775 343 Inuernys
801 296 1039 343 prenominati
1065 298 1281 344 presentibus
1307 302 1436 348 apponi
1459 302 1603 339 fecimus
1622 324 1630 332 ·
1658 306 1695 340 in

211 355 365 403 capitulo
396 353 607 388 cathedralis
638 352 779 389 ecclesie
810 353 926 389 nostre
952 354 1151 402 supradicte
1178 356 1235 391 die
1266 356 1419 393 Veneris
1445 359 1605 396 vicefimo
1640 362 1695 397 die

210 410 333 447 menfis
352 409 533 458 Februarij
555 429 563 437 ·
591 423 686 445 anno
706 410 857 446 Domini
876 429 885 439 ·
906 410 1102 447 millessimo
1121 431 1129 440 -
1148 417 1262 448 ccc.¹¹¹⁰
1273 413 1481 461 sexagesimo
1499 417 1622 462 quinto
1638 437 1646 445 ·

209 574 445 611 Confirmatio
465 574 576 621 Regis
594 574 715 610 David
734 574 836 622 super
855 580 988 610 cartam
1007 575 1158 611 Roberti
1176 576 1220 612 de
1239 575 1413 612 Lawedre
1427 596 1434 604 ·

113 692 183 725 243
207 689 328 725 David
346 689 418 725 Dei
442 690 556 737 gratia
575 689 656 724 Rex
675 689 880 724 Scottorum
907 689 1071 725 omnibus
1097 690 1216 737 probis
1242 690 1444 726 hominibus
1470 691 1578 726 totius
1604 696 1697 728 terre

206 746 263 782 sue
277 746 422 782 salutem
439 766 447 774 ·
462 746 586 782 Sciatis
600 760 665 781 nos
679 747 883 794 approbaffe
898 747 1079 782 ratificaffe
1094 753 1129 782 et
1143 747 1207 783 hac
1218 748 1368 795 presenti
1381 753 1478 783 carta
1489 747 1605 783 nostra
1615 762 1697 784 con-

205 804 353 840 firmaffe
366 805 596 840 donationem
608 804 704 839 illam
717 810 752 840 et
764 803 1021 840 conceffionem
1037 818 1142 851 quam
1158 805 1339 840 Robertus
1354 805 1397 840 de
1412 805 1586 840 Lawedre
1598 806 1697 841 miles

204 861 288 897 fecit
306 867 341 897 et
359 860 525 897 eonceffit
543 862 684 897 cuidam
699 862 895 909 capellanie
909 862 1056 897 fundate
1072 862 1107 897 in
1123 861 1264 897 ecclefia
1278 862 1472 897 cathedrali
1486 862 1697 898 moraviensi

205 920 249 955 de
260 926 403 955 centum
418 920 534 954 solidis
546 919 795 967 sterlingorum
808 919 1043 967 percipiendis
1055 920 1098 954 de
1110 919 1220 954 firmis
1232 925 1408 955 terrarum
1420 920 1463 955 de
1472 919 1697 967 Brythmond

205 983 240 1012 et
259 977 302 1012 de
323 976 500 1025 Kynstary
520 997 528 1004 ·
547 977 693 1012 bracina
711 982 746 1013 et
764 977 971 1012 molendino
990 977 1034 1012 de
1054 977 1244 1025 Aldheryn
1262 990 1342 1012 cum
1365 977 1587 1025 pertinentjis
1605 977 1698 1012 infra

205 1035 491 1070 vicecomitatum
519 1035 563 1069 de
582 1034 685 1069 Narn
720 1054 728 1062 -
765 1034 949 1069 Tenendis
975 1040 1011 1069 et
1037 1034 1207 1069 habendis
1234 1034 1349 1070 eidem
1368 1034 1562 1082 capellanie
1583 1035 1618 1069 in
1642 1047 1697 1070 ec-

205 1090 306 1127 clefia
340 1090 553 1128 moraviensi
587 1092 750 1139 predicta
776 1092 922 1127 fundate
950 1105 1030 1127 cum
1058 1091 1222 1126 omnibus
1248 1097 1284 1127 et
1307 1090 1450 1139 fingulis
1476 1091 1696 1127 libertatibus

205 1149 515 1184 commoditatibus
537 1147 756 1197 ayfiamentis
787 1154 823 1184 et
844 1149 945 1197 justis
971 1149 1195 1197 pertinentijs
1221 1148 1289 1184 suis
1315 1148 1581 1196 quibuscunque
1605 1149 1695 1184 adeo

204 1206 313 1242 libere
332 1212 368 1241 et
381 1207 499 1253 quiete
517 1207 674 1254 plenarie
692 1207 832 1253 integre
851 1212 886 1241 et
904 1206 1098 1241 honorifice
1110 1206 1147 1240 in
1162 1205 1326 1241 omnibus
1344 1211 1379 1241 et
1397 1219 1460 1254 per
1478 1206 1598 1241 omnia
1609 1205 1696 1241 ficut

197 1269 295 1299 carta
306 1265 393 1299 dieti
410 1264 562 1299 Roberti
581 1264 624 1299 de
644 1264 820 1299 Lawedre
838 1264 920 1299 inde
939 1264 1103 1299 confee'ta
1120 1264 1157 1298 in
1175 1263 1207 1298 se
1220 1263 1359 1311 plenius
1371 1263 1463 1311 juste
1477 1263 1639 1298 continet
1659 1269 1694 1298 et

203 1327 390 1369 proportat
408 1341 416 1349 ·
446 1321 490 1356 In
509 1321 610 1369 cujus
634 1321 684 1356 rei
712 1320 949 1356 testimonium
976 1321 1127 1368 presenti
1154 1326 1249 1356 carte
1274 1319 1389 1355 nostre
1416 1320 1696 1356 confirmationis

203 1377 353 1426 sigillum
367 1378 523 1414 nostrum
539 1379 762 1426 precepimus
775 1379 906 1426 apponi
920 1398 928 1406 ·
942 1378 1104 1414 Testibus
1115 1377 1374 1413 venerabilibus
1388 1378 1424 1412 in
1440 1377 1578 1413 Christo
1590 1378 1696 1425 patri-

203 1436 267 1471 bus
280 1436 460 1471 Willelmo
470 1436 631 1484 episcopo
640 1436 763 1471 Sancti
775 1435 923 1471 Andree
939 1455 947 1464 ·
963 1441 998 1471 et
1014 1436 1167 1471 Patricio
1183 1435 1344 1483 episcopo
1360 1433 1597 1482 Brechynenfi
1614 1447 1694 1470 can-

204 1493 347 1529 cellario
369 1493 487 1528 nostro
506 1512 515 1522 ·
546 1493 707 1528 Roberto
735 1493 921 1529 senescallo
949 1493 1071 1529 Scocie
1098 1493 1226 1528 comite
1254 1492 1297 1527 de
1327 1492 1533 1527 Stratherne
1562 1497 1693 1539 nepote

203 1550 366 1599 [nostro]
384 1570 392 1578 ·
420 1551 575 1586 Patricio
602 1551 733 1586 comite
760 1551 920 1587 marchie
946 1556 982 1586 et
1000 1551 1160 1587 moravie
1176 1569 1183 1578 ·
1213 1549 1375 1585 Roberto
1403 1549 1446 1584 de
1466 1548 1628 1597 Erfkyn·
1657 1554 1692 1584 et

204 1608 364 1655 Hugone
383 1608 426 1643 de
446 1608 655 1656 Eglyngton
682 1608 851 1644 militibus
878 1628 887 1636 ·
914 1608 1009 1656 apud
1036 1608 1175 1656 Elgyne
1206 1607 1344 1643 decimo
1371 1606 1428 1642 die
1453 1604 1578 1642 menfis
1604 1605 1690 1653 maij

201 1678 297 1700 anno
316 1665 417 1713 regni
435 1664 609 1701 tricefimo
629 1666 759 1702 oetavo
772 1685 780 1693 ·

175 1841 177 1843 ’
202 1836 384 1885 Inquifitio
399 1839 501 1887 super
519 1838 730 1874 fundatione
748 1837 941 1886 capellanie
961 1836 1083 1873 Sancti
1100 1835 1250 1873 (Deninii
1269 1855 1277 1863 ·

101 1941 171 1973 244⁴
202 1951 246 1987 In
264 1953 487 2000 inquisitione
502 1953 596 1988 facta
615 1966 679 2001 per
699 1952 884 1988 dominum
903 1951 1153 1987 Alexandrum
1172 1950 1246 1986 Dei
1261 1950 1375 1998 gratia
1393 1949 1594 1998 episcopum
1612 1949 1689 1984 (Do-

198 2010 392 2046 raviensem
406 2011 508 2059 super
525 2011 737 2046 fundatione
757 2010 852 2045 istius
870 2009 1043 2058 capellani
1062 2028 1070 2036 ·
1093 2008 1204 2043 Anno
1224 2007 1379 2043 Domini
1403 2006 1571 2044 mccc-lx·
1591 2017 1688 2040 nono

197 2074 420 2116 compertum
440 2068 487 2104 est
503 2081 566 2116 per
575 2068 716 2116 juratos
730 2068 825 2115 quod
837 2067 965 2103 modus
978 2066 1229 2102 introducendi
1243 2065 1340 2100 istam
1358 2064 1605 2100 fundationem
1623 2061 1689 2097 fuit

196 2125 291 2172 quod
318 2127 469 2174 contigit
499 2126 596 2173 quod
627 2125 687 2161 iste
720 2126 854 2174 Symon
881 2125 1010 2160 thanus
1043 2124 1224 2172 predictus
1254 2123 1321 2158 fuit
1351 2123 1480 2158 thanus
1507 2119 1687 2166 utriusque

194 2182 348 2232 thanagij
362 2184 491 2220 scilicet
503 2184 547 2219 de
562 2183 768 2219 Conwauth
780 2188 816 2219 et
831 2183 874 2219 de
889 2181 1123 2218 Aberkerdor
1135 2201 1144 2210 ·
1157 2186 1193 2217 et
1207 2180 1395 2228 deliquerit
1409 2184 1535 2216 contra
1548 2178 1686 2224 Regem
