2060 2660
560 161 876 200 REGISTRUM
904 163 1265 202 MORAVIENSE.
1592 175 1659 207 125

169 321 403 359 Confirmatio
423 320 586 369 Episcopi
605 317 835 356 moravienfis
850 338 858 346 ·

70 439 139 471 113
166 436 344 474 Omnibus
373 436 493 471 san&e
523 434 643 473 matris
673 432 814 469 ecclefie
844 433 925 468 filiis
954 433 1024 468 hoc
1054 433 1221 481 scriptum
1249 434 1372 470 visuris
1400 436 1457 471 vel
1487 438 1659 474 audituris

166 493 332 529 Andreas
364 493 484 528 divina
513 489 738 540 permissione
769 489 999 528 moraviensis
1030 490 1210 539 episcopus
1240 496 1399 527 eternam
1430 493 1467 528 in
1499 494 1659 531 Domino

164 551 310 587 salutem
329 570 338 579 ·
365 550 549 586 Noveritis
572 547 726 585 univerfi
748 561 814 584 nos
841 548 885 584 de
909 547 1052 584 confilio
1075 553 1111 583 et
1127 548 1313 584 voluntate
1332 554 1367 584 et
1385 551 1552 586 consensu
1570 554 1660 600 capi.

163 609 230 644 tuli
247 609 379 645 San&e
398 607 586 643 Trinitatis
610 607 654 642 de
673 606 793 654 Elgyn
820 605 949 641 dediffe
975 610 1011 641 et
1037 604 1234 641 conceffiffe
1261 611 1296 641 et
1323 606 1390 642 hac
1418 613 1514 643 carta
1542 609 1658 645 nostra

163 666 381 702 confirmasse
400 665 483 701 Deo
507 670 543 700 et
565 664 670 700 beato
688 663 867 699 Nicholao
891 668 927 698 et
950 662 1112 710 hospitali
1137 663 1292 711 ejusdem
1311 662 1374 699 fito
1389 664 1495 712 juxta
1512 673 1657 714 pontem

163 724 207 759 de
226 723 294 772 Spe
313 742 322 751 .
344 724 390 758 ad
411 722 698 759 sustentationem
715 734 914 769 pauperum
931 720 1064 756 ibidem
1082 720 1369 768 recipiendorum
1389 741 1397 749 ·
1425 722 1461 757 in
1480 736 1605 771 puram
1624 731 1659 761 et

162 786 368 830 perpetuam
383 778 608 816 elemosinam
623 799 631 807 ·
647 777 825 815 ecclesiam
840 779 884 814 de
900 778 1038 814 Rothes
1052 791 1134 814 cum
1149 778 1314 813 omnibus
1322 778 1423 827 justis
1436 781 1659 828 pertinentiis

162 839 228 874 suis
245 839 283 874 in
301 838 576 874 obventionibus
594 857 603 865 ·
627 836 865 873 oblationibus
883 842 919 872 et
937 835 1101 871 omnibus
1119 836 1195 871 aliis
1212 836 1410 872 redditibus
1428 838 1658 876 ecclesiasticis

161 897 206 932 ad
225 910 303 932 eam
322 897 365 932 de
378 895 461 945 jure
479 895 719 944 speetantibus
738 914 746 922 -
772 894 895 937 Quare
913 894 1080 929 volumus
1098 899 1134 929 et
1151 894 1380 930 concedimus
1397 901 1438 931 ut
1455 897 1658 944 predie'tum

162 954 331 1003 hospitale
355 953 483 989 habeat
506 958 542 989 et
565 951 735 1001 poflideat
756 952 954 1000 predie‘oem
976 950 1155 987 ecclefiam
1174 952 1218 987 de
1237 952 1376 988 Rothes
1394 965 1476 988 cum
1495 955 1658 991 omnibus

161 1011 384 1061 pertinentiis
407 1011 475 1047 suis
500 1011 538 1046 in
563 1023 690 1059 puram
714 1015 750 1045 et
773 1015 982 1058 perpetuam
1004 1008 1228 1045 elemosinam
1246 1009 1336 1045 adeo
1354 1010 1464 1047 libere
1483 1031 1492 1039 ·
1511 1013 1629 1059 quiete
1649 1033 1656 1040 ·

161 1069 319 1118 plenarie
352 1074 388 1105 et
419 1068 615 1104 honorifice
643 1066 730 1103 ficut
755 1067 900 1114 aliquod
925 1066 1138 1102 beneficium
1164 1066 1430 1104 ecclefiasticum
1457 1069 1494 1104 in
1521 1069 1658 1118 dyocesi

161 1126 278 1162 nostra
294 1127 439 1162 liberius
457 1146 466 1154 ·
485 1126 638 1174 quietius
657 1144 666 1153 ·
685 1125 825 1173 plenius
848 1129 885 1160 et
909 1124 1204 1161 honorificentius
1221 1130 1365 1161 tenetur
1383 1132 1419 1162 et
1435 1125 1629 1175 possidetur
1647 1148 1655 1155 ·

160 1184 261 1220 salvis
285 1183 537 1233 episcopalibus
564 1202 572 1211 ·
602 1183 649 1219 In
674 1182 802 1218 horum
829 1187 951 1218 autem
976 1182 1216 1219 testimonium
1242 1183 1325 1220 huic
1350 1184 1478 1233 scripto
1502 1184 1658 1234 appofita

160 1242 240 1278 sunt
256 1241 407 1290 sigillum
425 1240 584 1277 nostrum
606 1241 827 1277 autenticum
848 1246 884 1276 et
906 1239 1058 1289 sigillum
1085 1242 1306 1277 autenticum
1331 1243 1485 1291 predififi
1511 1245 1656 1293 capituli

159 1312 241 1335 cum
268 1299 518 1348 subscriptione
543 1299 694 1334 fratrum
719 1318 727 1326 ·
760 1297 922 1334 Testibus
951 1298 1097 1334 domino
1127 1299 1173 1335 ·S·
1203 1299 1339 1335 decano
1368 1300 1508 1337 ecclefie
1537 1304 1655 1339 (Dora-

159 1355 283 1393 vienfis
314 1377 322 1385 ·
353 1356 519 1404 magistro
538 1356 695 1392 Ricardo
712 1361 924 1405 precentore
943 1355 1172 1393 moraviensis
1190 1356 1330 1393 ecclefie
1362 1377 1370 1385 ·
1402 1359 1548 1395 domino
1569 1360 1655 1396 Wil-

159 1414 266 1451 lelmo
284 1414 495 1451 cancellario
510 1434 519 1443 ·
544 1415 690 1450 domino
710 1414 873 1450 Roberto
891 1414 1108 1450 thesaurario
1128 1434 1136 1442 ·
1165 1415 1311 1451 domino
1331 1415 1525 1465 Ranulpho
1543 1419 1654 1454 archi-

159 1473 310 1508 diacono
342 1491 350 1501 ·
382 1472 553 1520 magistris
573 1472 755 1508 Edwardo
774 1477 810 1508 et
827 1471 1009 1507 Willelmo
1039 1491 1046 1500 ·
1080 1472 1243 1508 Roberto
1262 1492 1270 1501 ·
1291 1472 1442 1510 Andrea
1460 1494 1468 1503 ·
1487 1475 1653 1513 Johanne

160 1530 338 1566 canonicis
356 1530 510 1578 ejusdem
529 1528 670 1566 ecclesie
689 1550 697 1558 ·
718 1530 912 1578 Radulpho
928 1529 1111 1578 capellano
1125 1530 1244 1566 nostro
1264 1550 1272 1559 ·
1292 1531 1437 1568 Simone
1455 1532 1499 1569 de
1515 1533 1653 1583 Direby

159 1589 330 1624 serviente
348 1586 466 1624 nostro
481 1607 489 1615 ·
