1912 2660
535 937 725 979 CARTE
757 936 1011 988 QUEDAM
1042 936 1413 978 ORIGINALES.

229 1098 339 1134 Carta
358 1099 402 1135 de
422 1099 530 1135 Innes
542 1119 550 1127 ·

228 1212 445 1249 Malcolmus
461 1214 543 1249 Rex
562 1213 768 1249 Scottorum
787 1213 950 1249 omnibus
968 1213 1086 1261 probis
1103 1213 1306 1248 hominibus
1320 1213 1429 1248 totius
1447 1223 1540 1249 terre
1554 1213 1612 1249 sue
1630 1213 1717 1249 salu-

226 1275 299 1306 tem
318 1290 326 1298 ·
355 1271 479 1307 Sciatis
508 1284 565 1306 me
593 1271 631 1306 in
659 1271 764 1306 feodo
791 1276 826 1306 et
852 1271 1049 1306 hereditate
1078 1270 1206 1306 dediffe
1229 1271 1441 1306 Berowaldo
1467 1269 1655 1306 flandrenfi
1680 1271 1718 1305 in

225 1328 410 1376 provincia
428 1329 472 1364 de
492 1329 600 1376 Elgin
620 1328 725 1364 Inees
737 1333 773 1364 et
791 1329 1042 1364 etherurecard
1059 1341 1123 1376 per
1141 1333 1254 1363 rectas
1272 1341 1394 1364 earum
1412 1328 1536 1364 divisas
1576 1328 1718 1364 Tenen-

226 1386 287 1421 das
313 1384 373 1421 fibi
401 1391 437 1421 et
462 1386 653 1422 heredibus
679 1386 747 1421 suis
773 1386 816 1421 de
841 1399 898 1422 me
926 1391 961 1421 et
987 1386 1030 1421 de
1057 1386 1245 1421 heredibus
1272 1386 1358 1421 meis
1379 1385 1591 1421 hereditarie
1607 1386 1717 1421 libere

225 1443 344 1490 quiete
362 1443 400 1478 in
417 1443 521 1478 bosco
540 1444 577 1478 in
595 1444 701 1491 plano
720 1443 758 1479 in
776 1443 907 1491 campis
922 1443 1030 1491 pratis
1044 1443 1175 1491 pascuis
1189 1443 1226 1477 in
1240 1443 1347 1478 moris
1361 1447 1397 1478 et
1409 1443 1508 1490 aquis
1538 1443 1717 1479 Faciendo

225 1500 332 1536 michi
357 1500 442 1536 inde
468 1500 654 1536 seruicium
681 1501 785 1537 vnius
812 1501 932 1536 militis
955 1501 991 1535 in
1010 1500 1149 1536 castello
1167 1513 1247 1536 meo
1266 1501 1309 1536 de
1328 1500 1436 1547 Elgin
1455 1519 1463 1528 ·
1492 1500 1660 1536 Preterea
1685 1501 1718 1536 ei

226 1558 322 1593 dono
341 1557 378 1592 in
391 1557 506 1605 burgo
525 1571 605 1593 meo
625 1558 668 1593 de
688 1558 796 1605 Elgin
814 1571 925 1594 vnum
944 1558 1073 1593 toftum
1088 1558 1287 1606 plenarium
1305 1558 1500 1593 tenendum
1517 1556 1618 1592 fimul
1636 1570 1718 1593 cum

224 1615 387 1663 predicto
411 1615 518 1650 feodo
537 1615 597 1651 suo
616 1616 666 1651 ita
682 1616 793 1651 libere
811 1620 847 1651 et
864 1616 914 1650 ita
931 1615 1048 1663 quiete
1072 1614 1159 1650 ficut
1179 1614 1304 1662 aliquis
1322 1628 1366 1650 ex
1383 1614 1525 1662 paribus
1548 1614 1616 1649 suis
1633 1614 1717 1650 libe-

225 1673 299 1707 rius
317 1677 353 1708 et
366 1672 524 1720 quiecius
541 1678 641 1708 tenet
658 1672 789 1708 tostum
803 1673 903 1708 suum
919 1692 927 1700 ·
955 1672 1117 1708 Testibus
1131 1672 1312 1707 Willelmo
1326 1671 1543 1708 Moravienfi
1556 1671 1716 1720 episcopo

226 1729 313 1765 sedis
341 1729 529 1778 apostolice
556 1730 675 1778 legato
694 1750 702 1758 ·
734 1730 961 1765 Merlesvano
980 1730 1054 1765 filio
1074 1729 1225 1765 Colbani
1245 1748 1252 1757 ·
1280 1728 1462 1764 Willelmo
1479 1729 1554 1764 filio
1571 1729 1692 1777 frisgin
1706 1749 1715 1757 ·

228 1787 322 1834 apud
339 1792 419 1835 pert
436 1787 474 1822 in
491 1787 602 1822 natali
620 1788 756 1823 domini
774 1788 937 1835 proximo
956 1787 1032 1835 post
1049 1787 1276 1822 concordiam
1295 1786 1405 1833 Regis
1423 1791 1458 1821 et
1475 1786 1663 1822 sumerledi
1677 1807 1686 1814 ·

426 1844 545 1880 Tenet
576 1845 645 1880 hoo
670 1845 930 1893 transumptum
948 1858 1029 1880 cum
1048 1844 1212 1892 originali
1230 1848 1327 1879 carta
1343 1843 1382 1878 in
1398 1843 1574 1890 presentia
1591 1844 1717 1880 Domi-

423 1914 555 1937 norum
583 1900 716 1937 confilii
743 1915 808 1950 pro
836 1902 1005 1937 tribunali
1032 1901 1228 1937 sedentium
1255 1901 1431 1949 producta
1455 1901 1548 1937 lecta
1564 1901 1717 1950 inspecta

423 1963 459 1994 et
485 1959 675 2006 diligenter
698 1959 898 1995 examinata
914 1972 989 1994 non
1007 1959 1201 1995 cancellata
1217 1958 1375 2006 suspecta
1391 1963 1453 1994 aut
1472 1959 1595 1995 vitiata
1612 1959 1716 1995 colla-

420 2016 598 2052 tionatum
625 2022 661 2052 et
686 2017 907 2052 concordans
928 2030 1008 2052 cum
1028 2017 1152 2052 eadem
1170 2021 1206 2052 et
1224 2016 1268 2051 de
1285 2016 1454 2052 mandato
1473 2016 1714 2052 Dominorum

422 2074 461 2108 in
488 2073 580 2109 hanc
607 2074 785 2122 publicam
810 2074 1020 2122 transumpti
1037 2074 1188 2109 formam
1206 2078 1354 2122 propter
1371 2073 1577 2110 vetustatem
1596 2079 1631 2109 et
1647 2074 1714 2109 fra·

422 2130 596 2177 gilitatem
615 2131 797 2179 originalis
815 2137 911 2167 carte
928 2131 1111 2167 redactum
1132 2136 1167 2167 et
1185 2131 1388 2167 confectum
1407 2150 1416 2159 ·
1439 2131 1554 2167 edicto
1571 2131 1712 2178 publico

425 2193 465 2224 ut
483 2189 591 2224 moris
608 2188 657 2225 est
673 2189 741 2225 rite
759 2194 796 2225 et
812 2189 969 2238 legitime
986 2189 1150 2238 primitus
1167 2188 1351 2238 prehabito
1370 2208 1378 2217 ·
1406 2193 1448 2224 ut
1465 2188 1543 2224 talis
1560 2192 1598 2224 et
1613 2193 1712 2224 tanta
