2066 2780
353 153 402 185 52
745 148 1059 186 REGISTRUM
1089 147 1452 185 MORAVIENSE.

352 247 465 295 press'o
482 248 579 296 quod
593 247 617 283 fi
634 248 711 296 quis
728 248 920 284 canonicus
938 247 1070 283 habens
1088 247 1259 282 vicarium
1278 245 1499 280 inchoaverit
1514 243 1663 280 refidere
1680 265 1688 273 ·
1704 246 1851 283 nichilo-

353 305 470 341 minus
492 306 660 342 retinebit
677 306 849 341 vicarium
868 305 976 352 usque
993 305 1039 340 ad
1056 304 1259 352 proximum
1283 302 1476 337 terminum
1501 301 1680 349 stipendiis
1704 304 1851 340 vicario-

352 375 432 398 rum
450 363 625 400 solvendis
643 364 851 412 deputatum
881 382 889 390 ·
915 360 977 397 nifi
1003 362 1040 396 in
1067 360 1151 396 sesto
1175 359 1297 395 Sancti
1316 358 1511 406 mychaelis
1535 359 1755 396 inchoaverit
1774 361 1851 397 refi-

352 419 436 456 dere
467 440 476 448 ·
507 434 578 469 quo
605 421 683 456 casu
710 433 784 456 non
810 419 952 455 habebit
975 418 1109 453 necesse
1134 417 1229 452 ultra
1246 416 1346 450 illum
1366 415 1560 451 terminum
1578 417 1750 453 vicarium
1769 420 1851 455 reti-

351 490 437 513 nere
465 498 473 506 ·
501 478 697 514 dummodo
715 479 753 513 in
770 476 854 513 festo
872 475 1065 511 nativitatis
1083 474 1176 509 beati
1193 474 1216 510 J
1219 473 1369 508 ohannis
1387 472 1444 508 vel
1462 478 1545 509 ante
1559 474 1730 511 vicarium
1748 476 1849 512 suum

350 534 452 583 super
476 536 543 571 hoc
567 536 745 571 curaverit
770 533 974 582 premunire
1011 552 1019 559 ·
1057 531 1140 566 Hoc
1158 531 1253 566 idem
1271 530 1546 577 intelligendum
1564 531 1612 567 est
1630 532 1674 568 de
1692 533 1762 569 alio
1781 539 1850 570 ter-

351 592 448 628 mino
467 593 552 629 dum
574 593 619 628 ad
637 592 766 628 Natale
788 591 899 640 ipsum
922 590 1024 638 super
1048 589 1115 623 hoc
1136 588 1340 636 premuniat
1369 607 1378 615 ·
1410 587 1531 624 Debet
1557 595 1678 625 autem
1701 591 1850 638 quilibet

350 651 542 686 canonicus
559 650 759 698 presentare
776 648 947 684 vicarium
967 647 1050 682 boni
1069 645 1257 681 testimonii
1276 645 1393 681 virum
1417 645 1552 681 decano
1581 666 1589 674 ·
1617 653 1653 683 et
1671 646 1694 682 fi
1712 649 1850 696 presen-

349 708 478 743 taverit
503 708 655 755 aliquem
686 707 746 754 qui
772 706 869 754 prius
895 718 970 740 non
995 704 1104 739 fuerit
1130 703 1283 739 vicarius
1310 715 1384 738 non
1412 703 1570 739 absolute
1601 705 1812 742 admittetur
1840 727 1847 734 ·

349 765 407 801 sed
425 766 683 801 examinabitur
700 777 746 799 an
764 764 846 799 sciat
864 763 983 810 legere
1002 767 1037 797 et
1056 766 1200 797 cantare
1228 779 1235 787 ·
1264 765 1300 795 et
1321 760 1347 795 fi
1371 766 1564 808 utrumque
1586 762 1669 798 sciat
1686 764 1849 811 probabi-

348 822 429 858 liter
446 835 519 857 non
539 828 657 858 tamen
675 822 884 857 admittetur
898 820 942 855 de
956 819 1064 867 plano
1080 838 1088 846 ·
1104 819 1162 854 sed
1181 818 1230 853 ita
1248 823 1289 853 ut
1306 816 1346 853 fit
1364 818 1400 853 in
1418 818 1631 866 probatione
1649 820 1765 868 primo
1783 835 1848 870 per

348 892 481 915 annum
502 899 510 907 ·
529 886 564 915 et
582 880 722 915 interim
737 878 889 914 addiscat
907 877 1103 924 antiphona
1119 888 1292 924 ympnare
1312 894 1320 903 ·
1340 881 1376 911 et
1394 875 1418 911 fi
1437 875 1531 924 lapso
1550 890 1646 913 anno
1662 878 1723 913 illa
1736 879 1847 914 addis-

348 943 443 972 ceret
457 943 497 972 ut
511 936 738 985 probabiliter
751 936 813 970 illa
826 935 908 971 sciat
921 934 992 970 fine
1010 934 1101 969 libro
1118 953 1126 961 ·
1146 933 1301 969 secundo
1319 946 1416 968 anno
1435 934 1664 981 deputabitur
1682 935 1847 983 psalterio

347 994 473 1030 eodem
492 995 599 1030 modo
618 993 829 1030 addiscendo
858 1012 865 1020 ·
899 998 934 1027 et
951 991 975 1026 fi
992 992 1030 1026 in
1047 997 1202 1038 utroque
1223 990 1417 1039 profecerit
1435 991 1666 1039 probabiliter
1684 993 1847 1030 admitte-

346 1057 405 1087 tur
425 1072 432 1080 ·
451 1051 500 1088 fin
526 1058 644 1088 autem
667 1051 859 1099 repelletur
891 1070 899 1077 ·
933 1049 1094 1092 Quilibet
1111 1062 1199 1085 vero
1217 1048 1371 1084 vicarius
1389 1062 1471 1084 cum
1490 1049 1693 1085 admittitur
1710 1050 1846 1099 jurabit

345 1109 551 1145 fidelitatem
565 1108 704 1145 ecclefie
718 1129 726 1137 ·
740 1114 775 1144 et
786 1108 903 1143 clerici
917 1106 1073 1142 fimiliter
1087 1107 1148 1155 qui
1162 1107 1312 1142 chorum
1327 1106 1556 1157 frequentant
1571 1126 1579 1135 ·
1597 1107 1644 1143 Et
1657 1107 1681 1143 fi
1695 1109 1848 1144 vicarius

345 1167 519 1202 recesserit
542 1167 599 1202 vel
627 1166 807 1202 decesserit
833 1165 1024 1200 canonicus
1048 1164 1157 1200 alium
1182 1164 1348 1213 prestabit
1371 1164 1543 1200 vicarium
1563 1184 1572 1192 ·
1592 1170 1627 1200 et
1646 1165 1669 1200 fi
1687 1166 1755 1201 hoc
1773 1179 1847 1202 non

344 1224 466 1259 fecerit
494 1224 604 1260 solvet
632 1224 883 1259 nichilominus
913 1222 1085 1270 stipendia
1112 1223 1245 1258 vicario
1275 1222 1394 1258 debita
1415 1236 1484 1269 que
1507 1223 1641 1258 cedunt
1665 1224 1702 1258 in
1724 1225 1847 1260 vicari-

344 1294 445 1315 orum
461 1294 686 1317 communam
707 1301 714 1309 ·
735 1281 771 1317 Si
786 1285 905 1316 autem
921 1280 1114 1315 canonicus
1130 1279 1309 1315 ecclefiam
1328 1280 1461 1315 habens
1479 1280 1735 1328 prebendatam
1754 1282 1846 1317 vica-

343 1339 433 1373 rium
453 1339 488 1373 in
508 1338 649 1375 ecclesia
665 1339 780 1374 facere
798 1338 955 1374 voluerit
974 1357 982 1365 ·
1002 1343 1122 1374 taxata
1140 1338 1273 1374 vicaria
1295 1351 1360 1386 per
1382 1338 1584 1386 episcopum
1609 1344 1645 1374 et
1670 1339 1844 1375 decanum

343 1396 452 1443 ipsum
471 1397 641 1432 vicarium
660 1397 796 1432 decano
814 1396 1030 1445 presentabit
1045 1415 1053 1423 ·
1069 1396 1130 1444 qui
1148 1394 1375 1431 consideratis
1393 1395 1662 1431 circumstantiis
1679 1410 1748 1443 que
1763 1411 1845 1433 con-

344 1460 397 1487 tra
415 1454 654 1501 ydoneitatem
673 1454 821 1502 persone
839 1454 973 1489 fuerint
991 1454 1210 1490 attendende
1231 1473 1239 1481 ·
1258 1454 1499 1502 presentatum
1514 1452 1538 1489 fi
1550 1454 1659 1489 nichil
1674 1454 1845 1491 obstiterit

346 1511 555 1546 canonicum
575 1512 738 1547 admittet
757 1531 765 1539 ·
784 1511 842 1547 vel
859 1511 883 1547 fi
901 1512 1032 1547 viderit
1055 1511 1246 1559 indignum
1272 1512 1423 1560 repellet
1451 1531 1459 1539 ·
1491 1511 1676 1547 admissum
1702 1513 1845 1559 quidem

346 1567 390 1602 ad
417 1569 615 1617 episcopum
643 1569 760 1605 mittet
785 1588 793 1597 ·
821 1569 882 1617 qui
900 1570 932 1605 ei
950 1582 1073 1605 curam
1098 1570 1296 1605 animarum
1317 1570 1385 1605 hoc
1404 1569 1477 1605 solo
1496 1569 1614 1617 quoad
1632 1569 1744 1618 ipsum
1763 1583 1846 1606 con-

346 1625 521 1673 tingentia
538 1632 728 1662 contentus
745 1627 968 1663 committere
988 1627 1131 1663 debebit
1161 1647 1168 1655 -
1201 1627 1279 1676 Ipse
1296 1633 1416 1663 autem
1435 1627 1588 1663 vicarius
1606 1627 1843 1663 obedientiam

347 1683 482 1718 decano
506 1703 513 1711 ·
537 1684 708 1720 canonico
726 1690 846 1721 autem
864 1698 946 1720 eum
964 1686 1181 1733 presentanti
1200 1685 1363 1721 Domino
1381 1685 1443 1721 suo
1461 1685 1669 1721 fidelitatem
1688 1684 1845 1721 similiter

347 1746 382 1775 et
401 1740 636 1776 obedientiam
650 1741 786 1789 jurabit
804 1762 812 1769 ·

350 1914 407 1949 De
425 1913 522 1961 gestu
541 1914 750 1950 clericorum
770 1915 807 1950 in
825 1916 934 1951 choro
949 1935 958 1944 ·

350 2029 407 2064 De
435 2028 532 2076 gestu
560 2043 647 2064 vero
678 2029 889 2065 clericorum
914 2031 951 2066 in
980 2032 1089 2067 choro
1113 2037 1154 2068 ut
1179 2031 1407 2068 uniformiter
1430 2031 1474 2066 ab
1497 2030 1662 2067 omnibus
1684 2031 1843 2067 servetur

348 2087 526 2134 provisum
545 2086 647 2122 estin
665 2087 761 2122 hunc
784 2088 930 2123 modum
964 2108 971 2116 ·
1004 2088 1141 2125 Omnes
1165 2090 1209 2125 de
1234 2089 1346 2125 choro
1372 2089 1522 2125 chorum
1549 2089 1723 2124 intrantes
1748 2088 1772 2124 fi
1798 2102 1842 2125 ex

349 2150 447 2192 parte
478 2143 617 2179 australi
649 2144 802 2180 habeant
831 2145 928 2181 sedes
957 2159 999 2181 ex
1027 2153 1126 2194 parte
1153 2148 1289 2183 intrent
1315 2152 1351 2183 et
1377 2151 1507 2183 exeant
1536 2145 1604 2182 five
1632 2146 1675 2182 ab
1704 2147 1842 2182 oriente

348 2203 482 2237 intrent
506 2200 575 2237 five
592 2201 636 2237 ab
654 2202 839 2238 occidente
866 2222 874 2230 ·
903 2203 951 2239 Et
968 2217 1049 2239 cum
1068 2205 1111 2239 ab
1130 2205 1267 2240 oriente
1285 2205 1422 2241 intrent
1439 2203 1514 2253 post
1532 2204 1707 2239 decessum
1725 2204 1841 2239 ultimi

347 2259 477 2306 gradus
496 2259 532 2294 in
550 2260 659 2295 choro
678 2259 850 2296 inclinent
873 2261 904 2296 se
923 2262 1038 2309 primo
1057 2262 1100 2297 ad
1120 2263 1229 2298 altare
1257 2283 1265 2291 ·
1293 2262 1412 2310 postea
1428 2262 1473 2298 ad
1493 2261 1703 2310 Episcopum
1723 2260 1746 2296 fi
1765 2275 1841 2310 pre-
