2060 2660
557 182 872 220 REGISTRUM
901 183 1261 222 MORAVIENSE.
1577 194 1648 230 239

167 281 365 317 Willelmus
382 279 602 316 Winchestre
627 281 863 317 thesaurarius
884 282 1094 318 cathedralis
1115 283 1255 320 ecclesie
1273 286 1499 322 moraviensis
1518 305 1526 315 ·
1555 287 1651 323 Tho-

165 352 239 374 mas
257 338 376 375 Grant
393 343 429 373 et
447 337 606 373 Thomas
627 338 781 374 Stewart
805 339 901 374 dicte
925 338 1066 375 ecclefie
1090 341 1300 376 cathedralis
1323 344 1483 379 canonici
1505 344 1651 391 preben-

165 397 322 443 dariique
337 395 459 431 83ηὸῒί
475 396 593 442 Egidii
609 396 653 431 de
669 396 777 444 Elgin
796 402 832 432 et
846 397 984 432 Duthol
1005 397 1041 432 in
1061 398 1181 433 eadem
1198 417 1207 425 ·
1229 398 1434 435 Alexander
1448 400 1653 436 Suthirland

164 459 200 489 et
217 453 394 490 martinus
416 452 639 489 ecclesiarum
663 454 707 489 de
733 454 910 502 Inuernys
933 460 968 490 et
987 455 1106 490 Pettin
1128 455 1250 490 vicarii
1269 475 1277 483 ·
1303 456 1502 492 W'illelmus
1521 457 1652 493 Caldor

164 511 208 546 de
235 510 361 546 eodem
381 530 389 538 -
415 510 615 546 Duncanus
639 511 855 547 m⁶kintofhe
881 512 1085 560 capitaneus
1110 513 1153 548 de
1181 512 1392 548 Clancattan
1411 533 1419 541 ·
1449 514 1653 550 Alexander

165 568 371 616 Cummyng
389 567 433 603 de
449 568 555 603 Altre
571 588 579 596 ·
598 568 782 605 Johannes
801 569 924 617 Brody
938 570 981 605 de
1000 570 1125 605 eodem
1139 589 1147 597 ·
1169 570 1367 606 Willelmus
1384 570 1466 618 Hay
1481 571 1524 606 de
1539 571 1631 606 Park
1644 591 1651 598 -

165 626 365 661 Willelmus
393 626 506 661 Doles
532 626 576 661 de
596 626 754 674 Cantray
773 645 781 654 ·
813 626 925 674 Hugo
944 626 1076 662 Alani·
1106 627 1287 663 Robertus
1312 628 1445 663 Caldor
1464 648 1471 656 ·
1498 628 1654 663 Thomas

167 683 250 731 Hay
262 703 270 711 ·
292 683 458 718 Andreas
473 683 680 732 Cummyng
697 684 887 731 burgenses
902 684 946 720 de
960 684 1063 719 Narn
1076 704 1084 712 ·
1105 684 1272 720 Andreas
1286 685 1408 721 Fraser
1420 705 1428 713 ·
1450 685 1655 721 Alexander

165 740 351 776 Cheshelm
368 760 376 769 ·
407 741 608 776 Willelmus
627 741 814 777 Cheshelm
833 747 869 777 et
887 742 1056 778 OEoreach
1075 742 1171 779 meir
1189 762 1197 770 ·
1227 742 1348 777 arbitri
1367 743 1594 779 arbitratores
1621 749 1655 778 et

165 799 366 834 amicabiles
392 797 643 847 compositores
665 812 705 834 ac
729 812 937 835 comumnes
962 800 1066 835 amici
1092 813 1156 848 per
1182 806 1218 835 et
1241 800 1333 835 inter
1359 801 1594 836 reverendum
1619 801 1655 835 in

166 856 305 892 Christo
332 861 469 904 patrem
499 862 534 891 et
563 857 748 892 dominum
779 857 964 892 dominum
988 856 1174 893 Andream
1202 857 1274 893 Dei
1300 863 1335 893 et
1359 857 1545 905 apostolice
1570 858 1657 893 sedis

165 914 280 961 gratia
305 913 506 961 episcopum
530 914 789 950 moraviensem
821 928 865 950 ex
893 928 966 950 una
993 920 1029 950 et
1052 915 1298 951 honorabilem
1324 916 1441 951 virum
1463 915 1658 963 Hugonem

170 972 244 1006 Ros
274 971 444 1006 baronem
477 972 521 1006 de
554 971 729 1007 Kilravok
755 972 914 1019 partibus
942 972 985 1007 ab
1013 972 1125 1008 altera
1147 992 1155 1000 -
1186 972 1224 1007 in
1247 973 1349 1008 causa
1371 978 1407 1008 et
1428 972 1535 1008 caufis
1557 973 1601 1008 de
1624 979 1658 1008 et

168 1029 269 1077 super
297 1029 400 1064 terris
428 1029 598 1064 limitibus
625 1035 661 1064 et
688 1030 851 1065 marchiis
875 1028 1044 1065 universis
1069 1035 1245 1065 terrarum
1270 1031 1313 1065 de
1335 1030 1508 1065 Kilravok
1527 1050 1535 1058 ·
1563 1031 1659 1078 Croy

167 1092 202 1122 et
222 1086 463 1121 Kildrummie
481 1100 521 1121 ac
539 1087 692 1133 querelis
710 1092 745 1122 et
763 1087 1000 1134 questionibus
1020 1086 1199 1122 occafione
1216 1088 1459 1135 premissorum
1480 1088 1572 1123 inter
1590 1088 1660 1124 eos-

168 1145 248 1179 dem
276 1143 531 1179 debatabilibus
560 1145 664 1179 motis
693 1144 750 1179 seu
783 1145 968 1180 movendis
999 1145 1191 1180 secundum
1222 1145 1372 1180 sormam
1401 1145 1659 1193 speculatorum

168 1201 406 1237 communiter
424 1201 530 1236 81θᾶὶί
549 1221 557 1228 ·
577 1207 685 1249 prout
703 1202 739 1236 in
754 1201 986 1237 instrumento
1005 1200 1321 1250 compromissionis
1335 1203 1482 1250 desuper
1495 1203 1660 1238 confecto

169 1260 273 1294 latius
291 1258 496 1294 continetur
511 1277 519 1286 ·
540 1258 710 1306 prefatam
730 1259 866 1293 causam
887 1264 922 1293 et
940 1259 1056 1294 causas
1075 1272 1139 1306 pro
1157 1259 1290 1294 ultimis
1308 1265 1344 1294 et
1361 1259 1524 1295 finalibus
1540 1261 1662 1295 defini-

168 1317 265 1351 tione
284 1316 391 1351 laudo
411 1314 584 1350 decisione
603 1321 638 1350 et
657 1316 802 1351 decreto
822 1316 1015 1351 earundem
1032 1335 1040 1343 ·
1055 1316 1247 1351 secundum
1262 1316 1411 1351 formam
1427 1315 1660 1364 compromiffi

169 1373 340 1410 antedicti
360 1392 368 1400 ·
387 1372 494 1419 usque
513 1372 714 1408 vicesimum
734 1373 887 1420 primum
907 1373 1000 1408 diem
1019 1371 1143 1409 menfis
1161 1374 1248 1409 maii
1266 1374 1429 1421 proximo
1449 1374 1558 1409 futuri
1580 1387 1662 1409 cum

170 1430 437 1467 continuatione
457 1431 594 1465 dierum
615 1431 817 1466 immediate
835 1431 1054 1478 sequentium
1074 1430 1200 1478 absque
1219 1431 1395 1466 dictarum
1415 1432 1567 1479 partium
1586 1445 1663 1480 pre—

164 1489 301 1537 judicio
329 1489 372 1523 de
401 1488 595 1523 earundem
623 1488 791 1523 consensu
819 1489 1068 1523 continuamus
1094 1488 1318 1524 extendimus
1337 1494 1371 1523 et
1389 1489 1425 1523 in
1445 1489 1509 1523 hiis
1530 1489 1664 1537 scriptis

171 1558 404 1594 prorogamus
424 1565 431 1572 -
452 1546 550 1580 dicto
573 1545 819 1593 compromisso
839 1546 875 1579 in
894 1545 1058 1580 omnibus
1075 1546 1218 1593 puntffis
1236 1551 1271 1580 et
1289 1546 1445 1580 articulis
1463 1546 1530 1581 suis
1550 1547 1585 1580 in
1603 1546 1663 1581 suo

172 1604 300 1639 robore
315 1609 350 1638 et
368 1603 496 1638 effectu
516 1603 688 1637 duraturo
709 1622 716 1630 ·
737 1602 894 1650 partibus
918 1601 995 1650 ipsis
1013 1603 1181 1650 predictis
1200 1616 1319 1638 coram
1339 1603 1440 1637 nobis
1458 1604 1665 1651 promitten-

172 1661 328 1696 tentibus
343 1660 582 1707 obligantibus
600 1665 635 1695 et
654 1659 853 1707 hujusmodi
872 1660 1133 1695 continuationi
1151 1660 1449 1695 consentientibus
1463 1660 1558 1707 quod
1577 1661 1664 1696 inte-

173 1719 238 1753 rim
258 1731 321 1765 per
339 1717 372 1752 se
388 1717 443 1752 vel
462 1717 637 1752 submissas
656 1717 820 1765 personas
838 1723 900 1752 aut
918 1730 981 1765 per
994 1730 1204 1764 quecunque
1219 1718 1334 1753 media
1348 1716 1516 1764 exquisita
1530 1718 1664 1753 dire&e

173 1775 229 1811 vel
250 1775 424 1810 indire&e
443 1774 582 1809 nullum
602 1780 836 1822 procurarent
855 1775 1147 1822 impedimentum
1174 1780 1236 1809 aut
1261 1775 1520 1810 excusationem
1547 1788 1666 1822 quam·

126 1839 128 1841 '
173 1846 313 1880 cunque
350 1838 593 1880 proponerent
626 1833 816 1879 quominus
847 1832 891 1867 ad
926 1832 1174 1867 diffinitionem
1210 1832 1356 1867 laudum
1388 1831 1596 1867 decisionem
1632 1839 1666 1868 et

174 1891 356 1926 decretum
386 1890 579 1925 earundem
605 1890 786 1924 causarum
811 1890 1054 1937 predictarum
1078 1890 1175 1924 (Ιίἃο
1200 1889 1257 1925 die
1281 1903 1362 1924 cum
1390 1889 1527 1924 dierum
1556 1891 1666 1925 conti-

174 1948 345 1983 nuatione
369 1947 651 1994 subsequentium
676 1947 869 1995 procedere
894 1947 1067 1994 possemus
1090 1953 1151 1982 aut
1175 1960 1380 1982 curaremus
1404 1960 1485 1982 cum
1509 1947 1638 1982 effeG'tu
1656 1966 1664 1974 ·

175 2006 288 2053 Super
307 2005 433 2052 quibus
453 2004 617 2039 omnibus
642 2010 678 2040 et
703 2003 845 2052 singulis
864 2005 981 2039 ᾶὶἇὶυε
999 2004 1215 2039 reverendus
1233 2010 1333 2052 pater
1359 2018 1379 2039 a
1403 2004 1503 2039 nobis
1521 2005 1667 2039 notariis

175 2063 322 2110 publicis
350 2062 575 2109 infrascriptis
603 2060 662 2097 fibi
691 2075 803 2096 unum
826 2062 882 2097 vel
907 2062 1010 2109 plura,
1029 2062 1209 2109 publicum
1228 2062 1283 2097 vel
1303 2062 1443 2109 publica
1460 2061 1666 2097 instrumen-

176 2126 251 2155 tum
271 2120 328 2155 vel
353 2119 584 2154 instrumenta
612 2120 686 2154 fieri
712 2120 812 2167 petiit
838 2138 846 2146 ·
874 2119 971 2154 Data
994 2125 1095 2155 erant
1120 2119 1185 2154 hec
1212 2119 1249 2154 in
1275 2119 1388 2167 burgo
1415 2120 1459 2154 de
1482 2119 1583 2155 Narn
1607 2119 1667 2154 sub

176 2190 271 2212 anno
290 2177 406 2212 mense
434 2177 490 2212 die
509 2177 705 2212 indictione
724 2183 760 2212 et
777 2176 985 2225 pontificatu
1010 2177 1136 2224 quibus
1153 2177 1256 2225 supra
1275 2196 1282 2204 -
1302 2176 1519 2225 presentibus
1537 2176 1664 2211 ibidem

177 2234 435 2270 venerabilibus
452 2235 536 2269 viris
555 2235 707 2270 dominis
726 2240 761 2270 et
779 2234 949 2281 magistris
963 2234 1108 2271 Gavino
1124 2234 1277 2270 Dunbar
1296 2233 1438 2270 ecclesie
1457 2233 1664 2268 cathedralis
