<?xml version="1.0" encoding="UTF-8"?>
<!DOCTYPE html PUBLIC "-//W3C//DTD XHTML 1.0 Transitional//EN"
    "http://www.w3.org/TR/xhtml1/DTD/xhtml1-transitional.dtd">
<html xmlns="http://www.w3.org/1999/xhtml" xml:lang="en" lang="en">
 <head>
  <title>
</title>
<meta http-equiv="Content-Type" content="text/html;charset=utf-8" />
  <meta name='ocr-system' content='tesseract 3.04.00' />
  <meta name='ocr-capabilities' content='ocr_page ocr_carea ocr_par ocr_line ocrx_word'/>
</head>
<body>
  <div class='ocr_page' id='page_1' title='image "./registrumepisc5800morauoft_0214.png"; bbox 0 0 2060 2660; ppageno 0'>
   <div class='ocr_carea' id='block_1_1' title="bbox 299 2194 346 2228">
    <p class='ocr_par' dir='ltr' id='par_1_1' title="bbox 299 2194 346 2228">
     <span class='ocr_line' id='line_1_1' title="bbox 299 2194 346 2228; baseline -0.085 0"><span class='ocrx_word' id='word_1_1' title='bbox 299 2194 346 2228; x_wconf 73' lang='lat'>9⁴2</span> 
     </span>
    </p>
   </div>
   <div class='ocr_carea' id='block_1_2' title="bbox 366 166 1466 205">
    <p class='ocr_par' dir='ltr' id='par_1_2' title="bbox 366 166 1466 205">
     <span class='ocr_line' id='line_1_2' title="bbox 366 166 1466 205; baseline -0.001 -2"><span class='ocrx_word' id='word_1_2' title='bbox 366 168 433 204; x_wconf 78' lang='lat'>106</span> <span class='ocrx_word' id='word_1_3' title='bbox 753 167 1068 205; x_wconf 86' lang='lat' dir='ltr'>REGISTRUM</span> <span class='ocrx_word' id='word_1_4' title='bbox 1098 166 1466 204; x_wconf 80' lang='lat' dir='ltr'><strong>MORAVIENSE.</strong></span> 
     </span>
    </p>
   </div>
   <div class='ocr_carea' id='block_1_3' title="bbox 367 263 1876 1871">
    <p class='ocr_par' dir='ltr' id='par_1_3' title="bbox 367 263 1876 1871">
     <span class='ocr_line' id='line_1_3' title="bbox 367 263 1866 316; baseline -0.001 -13"><span class='ocrx_word' id='word_1_5' title='bbox 367 267 440 303; x_wconf 83' lang='lat' dir='ltr'>lilio</span> <span class='ocrx_word' id='word_1_6' title='bbox 454 274 490 304; x_wconf 90' lang='lat' dir='ltr'>et</span> <span class='ocrx_word' id='word_1_7' title='bbox 504 265 724 304; x_wconf 82' lang='lat' dir='ltr'>concellione</span> <span class='ocrx_word' id='word_1_8' title='bbox 736 267 879 316; x_wconf 86' lang='lat' dir='ltr'>majoris</span> <span class='ocrx_word' id='word_1_9' title='bbox 890 273 926 303; x_wconf 88' lang='lat' dir='ltr'>et</span> <span class='ocrx_word' id='word_1_10' title='bbox 936 267 1081 303; x_wconf 88' lang='lat' dir='ltr'>sanioris</span> <span class='ocrx_word' id='word_1_11' title='bbox 1093 267 1201 315; x_wconf 90' lang='lat' dir='ltr'>partis</span> <span class='ocrx_word' id='word_1_12' title='bbox 1216 266 1367 314; x_wconf 60' lang='lat' dir='ltr'>predicti</span> <span class='ocrx_word' id='word_1_13' title='bbox 1382 264 1527 313; x_wconf 87' lang='lat' dir='ltr'>capituli</span> <span class='ocrx_word' id='word_1_14' title='bbox 1541 263 1628 300; x_wconf 88' lang='lat' dir='ltr'>ficut</span> <span class='ocrx_word' id='word_1_15' title='bbox 1642 278 1686 301; x_wconf 87' lang='lat' dir='ltr'>ex</span> <span class='ocrx_word' id='word_1_16' title='bbox 1699 265 1866 315; x_wconf 89' lang='lat' dir='ltr'>subscrip-</span> 
     </span>
     <span class='ocr_line' id='line_1_4' title="bbox 367 321 1870 373; baseline 0 -13"><span class='ocrx_word' id='word_1_17' title='bbox 367 325 524 362; x_wconf 87' lang='lat' dir='ltr'>tionibus</span> <span class='ocrx_word' id='word_1_18' title='bbox 548 326 803 362; x_wconf 89' lang='lat' dir='ltr'>canonicorum</span> <span class='ocrx_word' id='word_1_19' title='bbox 828 326 938 373; x_wconf 89' lang='lat' dir='ltr'>liquet</span> <span class='ocrx_word' id='word_1_20' title='bbox 959 325 1018 372; x_wconf 88' lang='lat' dir='ltr'>qui</span> <span class='ocrx_word' id='word_1_21' title='bbox 1044 324 1207 372; x_wconf 68' lang='lat' dir='ltr'>predi&amp;o</span> <span class='ocrx_word' id='word_1_22' title='bbox 1226 322 1382 370; x_wconf 84' lang='lat' dir='ltr'>capitulo</span> <span class='ocrx_word' id='word_1_23' title='bbox 1402 321 1643 358; x_wconf 89' lang='lat' dir='ltr'>interfuerunt</span> <span class='ocrx_word' id='word_1_24' title='bbox 1662 342 1670 350; x_wconf 93' lang='lat'><strong>·</strong></span> <span class='ocrx_word' id='word_1_25' title='bbox 1690 324 1870 371; x_wconf 89' lang='lat' dir='ltr'>provisum</span> 
     </span>
     <span class='ocr_line' id='line_1_5' title="bbox 369 378 1872 427; baseline -0.001 -9"><span class='ocrx_word' id='word_1_26' title='bbox 369 382 416 418; x_wconf 88' lang='lat' dir='ltr'>est</span> <span class='ocrx_word' id='word_1_27' title='bbox 434 388 470 418; x_wconf 91' lang='lat' dir='ltr'>et</span> <span class='ocrx_word' id='word_1_28' title='bbox 488 383 692 419; x_wconf 91' lang='lat' dir='ltr'>ordinatum</span> <span class='ocrx_word' id='word_1_29' title='bbox 712 388 748 419; x_wconf 89' lang='lat' dir='ltr'>et</span> <span class='ocrx_word' id='word_1_30' title='bbox 765 382 931 418; x_wconf 88' lang='lat' dir='ltr'>statutum</span> <span class='ocrx_word' id='word_1_31' title='bbox 948 387 987 417; x_wconf 94' lang='lat' dir='ltr'>ut</span> <span class='ocrx_word' id='word_1_32' title='bbox 1002 394 1126 417; x_wconf 85' lang='lat' dir='ltr'>omnes</span> <span class='ocrx_word' id='word_1_33' title='bbox 1143 380 1304 415; x_wconf 83' lang='lat' dir='ltr'>canonici</span> <span class='ocrx_word' id='word_1_34' title='bbox 1324 379 1486 427; x_wconf 68' lang='lat' dir='ltr'>prediEte</span> <span class='ocrx_word' id='word_1_35' title='bbox 1505 378 1646 415; x_wconf 89' lang='lat' dir='ltr'>ecclefie</span> <span class='ocrx_word' id='word_1_36' title='bbox 1660 381 1872 417; x_wconf 83' lang='lat' dir='ltr'>cathedralis</span> 
     </span>
     <span class='ocr_line' id='line_1_6' title="bbox 370 435 1870 489; baseline -0.001 -13"><span class='ocrx_word' id='word_1_37' title='bbox 370 441 413 476; x_wconf 89' lang='lat' dir='ltr'>de</span> <span class='ocrx_word' id='word_1_38' title='bbox 427 440 544 489; x_wconf 74' lang='lat' dir='ltr'>Elg&#39;yn</span> <span class='ocrx_word' id='word_1_39' title='bbox 560 446 632 476; x_wconf 91' lang='lat' dir='ltr'>tam</span> <span class='ocrx_word' id='word_1_40' title='bbox 648 440 799 489; x_wconf 88' lang='lat' dir='ltr'>majores</span> <span class='ocrx_word' id='word_1_41' title='bbox 813 452 918 487; x_wconf 90' lang='lat' dir='ltr'>quam</span> <span class='ocrx_word' id='word_1_42' title='bbox 934 440 1089 474; x_wconf 82' lang='lat' dir='ltr'>minores</span> <span class='ocrx_word' id='word_1_43' title='bbox 1104 442 1295 473; x_wconf 88' lang='lat' dir='ltr'>teneantur</span> <span class='ocrx_word' id='word_1_44' title='bbox 1309 435 1532 472; x_wconf 83' lang='lat' dir='ltr'>refidentiam</span> <span class='ocrx_word' id='word_1_45' title='bbox 1547 436 1663 474; x_wconf 89' lang='lat' dir='ltr'>facere</span> <span class='ocrx_word' id='word_1_46' title='bbox 1674 438 1713 474; x_wconf 92' lang='lat' dir='ltr'>in</span> <span class='ocrx_word' id='word_1_47' title='bbox 1723 439 1847 475; x_wconf 89' lang='lat' dir='ltr'>eadem</span> <span class='ocrx_word' id='word_1_48' title='bbox 1862 459 1870 466; x_wconf 94' lang='lat'><strong>·</strong></span> 
     </span>
     <span class='ocr_line' id='line_1_7' title="bbox 370 493 1871 546; baseline -0.001 -12"><span class='ocrx_word' id='word_1_49' title='bbox 370 504 519 546; x_wconf 90' lang='lat' dir='ltr'>excepto</span> <span class='ocrx_word' id='word_1_50' title='bbox 543 499 716 533; x_wconf 91' lang='lat' dir='ltr'>canonico</span> <span class='ocrx_word' id='word_1_51' title='bbox 742 498 785 533; x_wconf 92' lang='lat' dir='ltr'>de</span> <span class='ocrx_word' id='word_1_52' title='bbox 805 497 1025 544; x_wconf 87' lang='lat' dir='ltr'>Fotheruays</span> <span class='ocrx_word' id='word_1_53' title='bbox 1043 495 1103 542; x_wconf 94' lang='lat' dir='ltr'>qui</span> <span class='ocrx_word' id='word_1_54' title='bbox 1122 493 1303 530; x_wconf 83' lang='lat' dir='ltr'>occafione</span> <span class='ocrx_word' id='word_1_55' title='bbox 1321 493 1503 541; x_wconf 86' lang='lat' dir='ltr'><strong>prebende</strong></span> <span class='ocrx_word' id='word_1_56' title='bbox 1522 494 1566 530; x_wconf 92' lang='lat' dir='ltr'>de</span> <span class='ocrx_word' id='word_1_57' title='bbox 1586 494 1808 544; x_wconf 89' lang='lat' dir='ltr'>Fotheruays</span> <span class='ocrx_word' id='word_1_58' title='bbox 1826 497 1871 532; x_wconf 90' lang='lat' dir='ltr'>ad</span> 
     </span>
     <span class='ocr_line' id='line_1_8' title="bbox 371 551 1872 602; baseline 0 -12"><span class='ocrx_word' id='word_1_59' title='bbox 371 555 504 591; x_wconf 89' lang='lat' dir='ltr'>nullam</span> <span class='ocrx_word' id='word_1_60' title='bbox 524 561 689 591; x_wconf 88' lang='lat' dir='ltr'>teneatur</span> <span class='ocrx_word' id='word_1_61' title='bbox 706 553 928 590; x_wconf 79' lang='lat' dir='ltr'>residentiam</span> <span class='ocrx_word' id='word_1_62' title='bbox 949 572 957 580; x_wconf 93' lang='lat'><strong>·</strong></span> <span class='ocrx_word' id='word_1_63' title='bbox 986 553 1167 588; x_wconf 84' lang='lat' dir='ltr'>statutum</span> <span class='ocrx_word' id='word_1_64' title='bbox 1187 551 1235 586; x_wconf 90' lang='lat' dir='ltr'>est</span> <span class='ocrx_word' id='word_1_65' title='bbox 1256 556 1376 586; x_wconf 86' lang='lat' dir='ltr'>autem</span> <span class='ocrx_word' id='word_1_66' title='bbox 1400 556 1442 586; x_wconf 93' lang='lat' dir='ltr'>ut</span> <span class='ocrx_word' id='word_1_67' title='bbox 1465 551 1621 588; x_wconf 86' lang='lat' dir='ltr'>decanus</span> <span class='ocrx_word' id='word_1_68' title='bbox 1647 566 1713 601; x_wconf 88' lang='lat' dir='ltr'>pro</span> <span class='ocrx_word' id='word_1_69' title='bbox 1738 553 1872 602; x_wconf 89' lang='lat' dir='ltr'>majore</span> 
     </span>
     <span class='ocr_line' id='line_1_9' title="bbox 370 608 1873 660; baseline -0.001 -11"><span class='ocrx_word' id='word_1_70' title='bbox 370 618 470 660; x_wconf 89' lang='lat' dir='ltr'>parte</span> <span class='ocrx_word' id='word_1_71' title='bbox 488 613 572 648; x_wconf 92' lang='lat' dir='ltr'>anni</span> <span class='ocrx_word' id='word_1_72' title='bbox 591 611 742 648; x_wconf 89' lang='lat' dir='ltr'>refidere</span> <span class='ocrx_word' id='word_1_73' title='bbox 760 615 925 647; x_wconf 91' lang='lat' dir='ltr'>teneatur</span> <span class='ocrx_word' id='word_1_74' title='bbox 943 610 1114 645; x_wconf 84' lang='lat' dir='ltr'>continue</span> <span class='ocrx_word' id='word_1_75' title='bbox 1132 609 1190 644; x_wconf 91' lang='lat' dir='ltr'>vel</span> <span class='ocrx_word' id='word_1_76' title='bbox 1209 608 1437 656; x_wconf 84' lang='lat' dir='ltr'>interpollate</span> <span class='ocrx_word' id='word_1_77' title='bbox 1456 628 1464 636; x_wconf 94' lang='lat'><strong>·</strong></span> <span class='ocrx_word' id='word_1_78' title='bbox 1490 615 1532 644; x_wconf 91' lang='lat' dir='ltr'>ut</span> <span class='ocrx_word' id='word_1_79' title='bbox 1549 615 1741 657; x_wconf 86' lang='lat' dir='ltr'>precentor</span> <span class='ocrx_word' id='word_1_80' title='bbox 1759 630 1768 638; x_wconf 90' lang='lat'><strong>·</strong></span> <span class='ocrx_word' id='word_1_81' title='bbox 1792 624 1873 647; x_wconf 86' lang='lat' dir='ltr'>can-</span> 
     </span>
     <span class='ocr_line' id='line_1_10' title="bbox 370 665 1872 714; baseline 0 -9"><span class='ocrx_word' id='word_1_82' title='bbox 370 670 534 705; x_wconf 82' lang='lat' dir='ltr'>cellarius</span> <span class='ocrx_word' id='word_1_83' title='bbox 553 689 562 698; x_wconf 89' lang='lat'><strong>·</strong></span> <span class='ocrx_word' id='word_1_84' title='bbox 590 669 826 705; x_wconf 79' lang='lat' dir='ltr'>thesaurarius</span> <span class='ocrx_word' id='word_1_85' title='bbox 845 688 853 696; x_wconf 94' lang='lat'><strong>·</strong></span> <span class='ocrx_word' id='word_1_86' title='bbox 881 672 1073 704; x_wconf 88' lang='lat' dir='ltr'>teneantur</span> <span class='ocrx_word' id='word_1_87' title='bbox 1091 665 1241 702; x_wconf 91' lang='lat' dir='ltr'>refidere</span> <span class='ocrx_word' id='word_1_88' title='bbox 1260 679 1324 714; x_wconf 90' lang='lat' dir='ltr'>per</span> <span class='ocrx_word' id='word_1_89' title='bbox 1342 666 1529 702; x_wconf 89' lang='lat' dir='ltr'>dimidium</span> <span class='ocrx_word' id='word_1_90' title='bbox 1547 680 1683 703; x_wconf 89' lang='lat' dir='ltr'>annum</span> <span class='ocrx_word' id='word_1_91' title='bbox 1701 669 1872 705; x_wconf 81' lang='lat' dir='ltr'>continue</span> 
     </span>
     <span class='ocr_line' id='line_1_11' title="bbox 371 723 1873 776; baseline 0 -14"><span class='ocrx_word' id='word_1_92' title='bbox 371 727 427 763; x_wconf 90' lang='lat' dir='ltr'>vel</span> <span class='ocrx_word' id='word_1_93' title='bbox 452 727 678 776; x_wconf 83' lang='lat' dir='ltr'>interpollate</span> <span class='ocrx_word' id='word_1_94' title='bbox 703 725 851 762; x_wconf 88' lang='lat' dir='ltr'>refidere</span> <span class='ocrx_word' id='word_1_95' title='bbox 880 730 1071 761; x_wconf 88' lang='lat' dir='ltr'>teneantur</span> <span class='ocrx_word' id='word_1_96' title='bbox 1098 743 1107 751; x_wconf 91' lang='lat'><strong>·</strong></span> <span class='ocrx_word' id='word_1_97' title='bbox 1134 723 1303 759; x_wconf 82' lang='lat' dir='ltr'>statutum</span> <span class='ocrx_word' id='word_1_98' title='bbox 1329 723 1378 759; x_wconf 90' lang='lat' dir='ltr'>est</span> <span class='ocrx_word' id='word_1_99' title='bbox 1401 724 1507 760; x_wconf 88' lang='lat' dir='ltr'>etiam</span> <span class='ocrx_word' id='word_1_100' title='bbox 1534 730 1576 760; x_wconf 91' lang='lat' dir='ltr'>ut</span> <span class='ocrx_word' id='word_1_101' title='bbox 1602 725 1873 762; x_wconf 87' lang='lat' dir='ltr'>archidiaconus</span> 
     </span>
     <span class='ocr_line' id='line_1_12' title="bbox 372 780 1871 833; baseline 0 -13"><span class='ocrx_word' id='word_1_102' title='bbox 372 799 434 833; x_wconf 90' lang='lat' dir='ltr'>per</span> <span class='ocrx_word' id='word_1_103' title='bbox 453 785 512 820; x_wconf 90' lang='lat' dir='ltr'>·xl·</span> <span class='ocrx_word' id='word_1_104' title='bbox 532 786 606 821; x_wconf 92' lang='lat' dir='ltr'>dies</span> <span class='ocrx_word' id='word_1_105' title='bbox 628 785 797 820; x_wconf 87' lang='lat' dir='ltr'>continue</span> <span class='ocrx_word' id='word_1_106' title='bbox 819 784 876 819; x_wconf 87' lang='lat' dir='ltr'>vel</span> <span class='ocrx_word' id='word_1_107' title='bbox 900 782 1127 830; x_wconf 83' lang='lat' dir='ltr'>interpollate</span> <span class='ocrx_word' id='word_1_108' title='bbox 1154 780 1304 817; x_wconf 87' lang='lat' dir='ltr'>refidere</span> <span class='ocrx_word' id='word_1_109' title='bbox 1330 786 1497 817; x_wconf 86' lang='lat' dir='ltr'>teneatur</span> <span class='ocrx_word' id='word_1_110' title='bbox 1524 801 1533 810; x_wconf 91' lang='lat'><strong>·</strong></span> <span class='ocrx_word' id='word_1_111' title='bbox 1560 787 1597 818; x_wconf 88' lang='lat' dir='ltr'>et</span> <span class='ocrx_word' id='word_1_112' title='bbox 1623 783 1844 820; x_wconf 81' lang='lat' dir='ltr'>subdecanus</span> <span class='ocrx_word' id='word_1_113' title='bbox 1863 804 1871 812; x_wconf 91' lang='lat'><strong>·</strong></span> 
     </span>
     <span class='ocr_line' id='line_1_13' title="bbox 371 839 1872 888; baseline 0 -10"><span class='ocrx_word' id='word_1_114' title='bbox 371 843 556 878; x_wconf 85' lang='lat' dir='ltr'>succentor</span> <span class='ocrx_word' id='word_1_115' title='bbox 575 862 583 870; x_wconf 90' lang='lat'><strong>·</strong></span> <span class='ocrx_word' id='word_1_116' title='bbox 602 842 794 877; x_wconf 85' lang='lat' dir='ltr'>canonicus</span> <span class='ocrx_word' id='word_1_117' title='bbox 809 841 852 877; x_wconf 91' lang='lat' dir='ltr'>de</span> <span class='ocrx_word' id='word_1_118' title='bbox 872 841 995 888; x_wconf 80' lang='lat' dir='ltr'>Croyn</span> <span class='ocrx_word' id='word_1_119' title='bbox 1015 859 1024 867; x_wconf 88' lang='lat'><strong>·</strong></span> <span class='ocrx_word' id='word_1_120' title='bbox 1043 845 1079 875; x_wconf 89' lang='lat' dir='ltr'>et</span> <span class='ocrx_word' id='word_1_121' title='bbox 1097 839 1290 875; x_wconf 80' lang='lat' dir='ltr'>canonicus</span> <span class='ocrx_word' id='word_1_122' title='bbox 1308 844 1455 875; x_wconf 89' lang='lat' dir='ltr'>centum</span> <span class='ocrx_word' id='word_1_123' title='bbox 1468 839 1661 876; x_wconf 87' lang='lat' dir='ltr'>solidorum</span> <span class='ocrx_word' id='word_1_124' title='bbox 1678 860 1686 869; x_wconf 92' lang='lat'><strong>·</strong></span> <span class='ocrx_word' id='word_1_125' title='bbox 1702 842 1872 878; x_wconf 88' lang='lat' dir='ltr'>continue</span> 
     </span>
     <span class='ocr_line' id='line_1_14' title="bbox 372 896 1872 947; baseline 0.001 -13"><span class='ocrx_word' id='word_1_126' title='bbox 372 899 520 936; x_wconf 80' lang='lat' dir='ltr'>relidere</span> <span class='ocrx_word' id='word_1_127' title='bbox 539 905 730 935; x_wconf 88' lang='lat' dir='ltr'>teneantur</span> <span class='ocrx_word' id='word_1_128' title='bbox 749 919 757 927; x_wconf 90' lang='lat'><strong>·</strong></span> <span class='ocrx_word' id='word_1_129' title='bbox 786 899 966 934; x_wconf 90' lang='lat' dir='ltr'>Statutum</span> <span class='ocrx_word' id='word_1_130' title='bbox 991 896 1039 932; x_wconf 89' lang='lat' dir='ltr'>est</span> <span class='ocrx_word' id='word_1_131' title='bbox 1066 897 1172 932; x_wconf 85' lang='lat' dir='ltr'>etiam</span> <span class='ocrx_word' id='word_1_132' title='bbox 1197 902 1238 932; x_wconf 91' lang='lat' dir='ltr'>ut</span> <span class='ocrx_word' id='word_1_133' title='bbox 1262 896 1322 932; x_wconf 86' lang='lat' dir='ltr'>alii</span> <span class='ocrx_word' id='word_1_134' title='bbox 1343 897 1507 933; x_wconf 84' lang='lat' dir='ltr'>canonici</span> <span class='ocrx_word' id='word_1_135' title='bbox 1532 911 1658 934; x_wconf 90' lang='lat' dir='ltr'>omnes</span> <span class='ocrx_word' id='word_1_136' title='bbox 1684 904 1720 934; x_wconf 91' lang='lat' dir='ltr'>et</span> <span class='ocrx_word' id='word_1_137' title='bbox 1746 898 1872 947; x_wconf 79' lang='lat' dir='ltr'>singuli</span> 
     </span>
     <span class='ocr_line' id='line_1_15' title="bbox 371 954 1873 1004; baseline 0 -11"><span class='ocrx_word' id='word_1_138' title='bbox 371 958 429 1004; x_wconf 84' lang='lat' dir='ltr'>qui</span> <span class='ocrx_word' id='word_1_139' title='bbox 450 971 529 993; x_wconf 91' lang='lat' dir='ltr'>cum</span> <span class='ocrx_word' id='word_1_140' title='bbox 550 957 752 1004; x_wconf 84' lang='lat' dir='ltr'>integritate</span> <span class='ocrx_word' id='word_1_141' title='bbox 776 956 1039 1004; x_wconf 88' lang='lat' dir='ltr'>prebendarum</span> <span class='ocrx_word' id='word_1_142' title='bbox 1064 954 1206 990; x_wconf 88' lang='lat' dir='ltr'>suarum</span> <span class='ocrx_word' id='word_1_143' title='bbox 1229 955 1365 990; x_wconf 87' lang='lat' dir='ltr'>reditus</span> <span class='ocrx_word' id='word_1_144' title='bbox 1382 955 1585 1004; x_wconf 89' lang='lat' dir='ltr'>percipiunt</span> <span class='ocrx_word' id='word_1_145' title='bbox 1602 955 1753 992; x_wconf 86' lang='lat' dir='ltr'>refidere</span> <span class='ocrx_word' id='word_1_146' title='bbox 1777 962 1873 993; x_wconf 90' lang='lat' dir='ltr'>tene-</span> 
     </span>
     <span class='ocr_line' id='line_1_16' title="bbox 371 1012 1873 1063; baseline 0.001 -13"><span class='ocrx_word' id='word_1_147' title='bbox 371 1021 478 1050; x_wconf 84' lang='lat' dir='ltr'>antur</span> <span class='ocrx_word' id='word_1_148' title='bbox 495 1028 558 1063; x_wconf 87' lang='lat' dir='ltr'>per</span> <span class='ocrx_word' id='word_1_149' title='bbox 576 1020 736 1062; x_wconf 83' lang='lat' dir='ltr'>quartam</span> <span class='ocrx_word' id='word_1_150' title='bbox 756 1019 892 1063; x_wconf 85' lang='lat' dir='ltr'>partem</span> <span class='ocrx_word' id='word_1_151' title='bbox 912 1013 996 1048; x_wconf 90' lang='lat' dir='ltr'>anni</span> <span class='ocrx_word' id='word_1_152' title='bbox 1015 1013 1186 1048; x_wconf 89' lang='lat' dir='ltr'>continue</span> <span class='ocrx_word' id='word_1_153' title='bbox 1205 1012 1262 1048; x_wconf 89' lang='lat' dir='ltr'>vel</span> <span class='ocrx_word' id='word_1_154' title='bbox 1281 1012 1509 1061; x_wconf 81' lang='lat' dir='ltr'>interpollate</span> <span class='ocrx_word' id='word_1_155' title='bbox 1534 1032 1543 1041; x_wconf 90' lang='lat'><strong>·</strong></span> <span class='ocrx_word' id='word_1_156' title='bbox 1570 1013 1620 1049; x_wconf 86' lang='lat' dir='ltr'>ita</span> <span class='ocrx_word' id='word_1_157' title='bbox 1638 1019 1759 1050; x_wconf 85' lang='lat' dir='ltr'>tamen</span> <span class='ocrx_word' id='word_1_158' title='bbox 1776 1015 1873 1062; x_wconf 91' lang='lat' dir='ltr'>quod</span> 
     </span>
     <span class='ocr_line' id='line_1_17' title="bbox 371 1069 1873 1122; baseline 0.001 -15"><span class='ocrx_word' id='word_1_159' title='bbox 371 1074 407 1107; x_wconf 90' lang='lat' dir='ltr'>in</span> <span class='ocrx_word' id='word_1_160' title='bbox 435 1073 580 1120; x_wconf 87' lang='lat' dir='ltr'>optione</span> <span class='ocrx_word' id='word_1_161' title='bbox 607 1085 732 1107; x_wconf 89' lang='lat' dir='ltr'>eorum</span> <span class='ocrx_word' id='word_1_162' title='bbox 759 1070 798 1107; x_wconf 89' lang='lat' dir='ltr'>fit</span> <span class='ocrx_word' id='word_1_163' title='bbox 823 1070 868 1107; x_wconf 89' lang='lat' dir='ltr'>fic</span> <span class='ocrx_word' id='word_1_164' title='bbox 894 1069 1044 1106; x_wconf 88' lang='lat' dir='ltr'>refidere</span> <span class='ocrx_word' id='word_1_165' title='bbox 1067 1070 1124 1106; x_wconf 88' lang='lat' dir='ltr'>vel</span> <span class='ocrx_word' id='word_1_166' title='bbox 1147 1071 1232 1106; x_wconf 87' lang='lat' dir='ltr'>dare</span> <span class='ocrx_word' id='word_1_167' title='bbox 1254 1071 1437 1119; x_wconf 85' lang='lat' dir='ltr'>septimam</span> <span class='ocrx_word' id='word_1_168' title='bbox 1455 1077 1593 1119; x_wconf 90' lang='lat' dir='ltr'>partem</span> <span class='ocrx_word' id='word_1_169' title='bbox 1613 1072 1774 1108; x_wconf 92' lang='lat' dir='ltr'>omnium</span> <span class='ocrx_word' id='word_1_170' title='bbox 1793 1086 1873 1122; x_wconf 90' lang='lat' dir='ltr'>pro-</span> 
     </span>
     <span class='ocr_line' id='line_1_18' title="bbox 371 1129 1873 1178; baseline 0.001 -13"><span class='ocrx_word' id='word_1_171' title='bbox 371 1136 543 1165; x_wconf 89' lang='lat' dir='ltr'>ventuum</span> <span class='ocrx_word' id='word_1_172' title='bbox 567 1130 829 1178; x_wconf 86' lang='lat' dir='ltr'>prebendarum</span> <span class='ocrx_word' id='word_1_173' title='bbox 856 1129 997 1164; x_wconf 90' lang='lat' dir='ltr'>suarum</span> <span class='ocrx_word' id='word_1_174' title='bbox 1024 1129 1069 1164; x_wconf 88' lang='lat' dir='ltr'>ad</span> <span class='ocrx_word' id='word_1_175' title='bbox 1093 1142 1323 1164; x_wconf 91' lang='lat' dir='ltr'>communam</span> <span class='ocrx_word' id='word_1_176' title='bbox 1350 1129 1607 1165; x_wconf 84' lang='lat' dir='ltr'>canonicorum</span> <span class='ocrx_word' id='word_1_177' title='bbox 1634 1130 1765 1166; x_wconf 88' lang='lat' dir='ltr'>ibidem</span> <span class='ocrx_word' id='word_1_178' title='bbox 1795 1130 1873 1167; x_wconf 89' lang='lat' dir='ltr'>refi-</span> 
     </span>
     <span class='ocr_line' id='line_1_19' title="bbox 372 1186 1875 1235; baseline 0.002 -13"><span class='ocrx_word' id='word_1_179' title='bbox 372 1188 532 1222; x_wconf 80' lang='lat' dir='ltr'>‹lentium</span> <span class='ocrx_word' id='word_1_180' title='bbox 560 1207 568 1215; x_wconf 93' lang='lat'><strong>·</strong></span> <span class='ocrx_word' id='word_1_181' title='bbox 601 1187 768 1223; x_wconf 87' lang='lat' dir='ltr'>Preterea</span> <span class='ocrx_word' id='word_1_182' title='bbox 795 1186 962 1222; x_wconf 83' lang='lat' dir='ltr'>statutum</span> <span class='ocrx_word' id='word_1_183' title='bbox 993 1186 1040 1222; x_wconf 85' lang='lat' dir='ltr'>est</span> <span class='ocrx_word' id='word_1_184' title='bbox 1067 1192 1108 1222; x_wconf 93' lang='lat' dir='ltr'>ut</span> <span class='ocrx_word' id='word_1_185' title='bbox 1136 1187 1284 1234; x_wconf 88' lang='lat' dir='ltr'>quilibet</span> <span class='ocrx_word' id='word_1_186' title='bbox 1312 1187 1446 1222; x_wconf 89' lang='lat' dir='ltr'>habens</span> <span class='ocrx_word' id='word_1_187' title='bbox 1474 1187 1683 1235; x_wconf 83' lang='lat' dir='ltr'>dignitatem</span> <span class='ocrx_word' id='word_1_188' title='bbox 1713 1188 1749 1224; x_wconf 91' lang='lat' dir='ltr'>in</span> <span class='ocrx_word' id='word_1_189' title='bbox 1778 1189 1875 1225; x_wconf 67' lang='lat' dir='ltr'>dicta</span> 
     </span>
     <span class='ocr_line' id='line_1_20' title="bbox 371 1243 1874 1293; baseline 0.003 -14"><span class='ocrx_word' id='word_1_190' title='bbox 371 1244 512 1280; x_wconf 81' lang='lat' dir='ltr'>ecclesia</span> <span class='ocrx_word' id='word_1_191' title='bbox 524 1244 624 1293; x_wconf 83' lang='lat' dir='ltr'>juret</span> <span class='ocrx_word' id='word_1_192' title='bbox 639 1244 714 1293; x_wconf 86' lang='lat' dir='ltr'>post</span> <span class='ocrx_word' id='word_1_193' title='bbox 731 1244 826 1280; x_wconf 89' lang='lat' dir='ltr'>suam</span> <span class='ocrx_word' id='word_1_194' title='bbox 842 1244 1117 1280; x_wconf 86' lang='lat' dir='ltr'>installationem</span> <span class='ocrx_word' id='word_1_195' title='bbox 1135 1245 1233 1293; x_wconf 93' lang='lat' dir='ltr'>quod</span> <span class='ocrx_word' id='word_1_196' title='bbox 1251 1243 1415 1280; x_wconf 79' lang='lat' dir='ltr'>residebit</span> <span class='ocrx_word' id='word_1_197' title='bbox 1433 1245 1470 1280; x_wconf 90' lang='lat' dir='ltr'>in</span> <span class='ocrx_word' id='word_1_198' title='bbox 1488 1245 1586 1281; x_wconf 65' lang='lat' dir='ltr'>dicta</span> <span class='ocrx_word' id='word_1_199' title='bbox 1599 1245 1741 1282; x_wconf 90' lang='lat' dir='ltr'>ecclefia</span> <span class='ocrx_word' id='word_1_200' title='bbox 1755 1247 1874 1283; x_wconf 88' lang='lat' dir='ltr'>secun-</span> 
     </span>
     <span class='ocr_line' id='line_1_21' title="bbox 372 1302 1874 1351; baseline 0.003 -15"><span class='ocrx_word' id='word_1_201' title='bbox 372 1303 454 1337; x_wconf 78' lang='lat' dir='ltr'>dun]</span> <span class='ocrx_word' id='word_1_202' title='bbox 485 1302 635 1337; x_wconf 87' lang='lat' dir='ltr'>formam</span> <span class='ocrx_word' id='word_1_203' title='bbox 665 1302 931 1351; x_wconf 88' lang='lat' dir='ltr'>suprascriptam</span> <span class='ocrx_word' id='word_1_204' title='bbox 952 1321 960 1330; x_wconf 91' lang='lat'><strong>·</strong></span> <span class='ocrx_word' id='word_1_205' title='bbox 991 1302 1083 1338; x_wconf 87' lang='lat' dir='ltr'>Item</span> <span class='ocrx_word' id='word_1_206' title='bbox 1107 1302 1277 1338; x_wconf 88' lang='lat' dir='ltr'>statutum</span> <span class='ocrx_word' id='word_1_207' title='bbox 1305 1302 1354 1338; x_wconf 89' lang='lat' dir='ltr'>est</span> <span class='ocrx_word' id='word_1_208' title='bbox 1379 1303 1476 1350; x_wconf 93' lang='lat' dir='ltr'>quod</span> <span class='ocrx_word' id='word_1_209' title='bbox 1502 1303 1668 1350; x_wconf 89' lang='lat' dir='ltr'>quotiens</span> <span class='ocrx_word' id='word_1_210' title='bbox 1692 1305 1874 1341; x_wconf 88' lang='lat' dir='ltr'>vocandus</span> 
     </span>
     <span class='ocr_line' id='line_1_22' title="bbox 371 1360 1875 1411; baseline 0.003 -17"><span class='ocrx_word' id='word_1_211' title='bbox 371 1360 477 1395; x_wconf 88' lang='lat' dir='ltr'>fuerit</span> <span class='ocrx_word' id='word_1_212' title='bbox 494 1360 619 1407; x_wconf 85' lang='lat' dir='ltr'>aliquis</span> <span class='ocrx_word' id='word_1_213' title='bbox 641 1360 834 1396; x_wconf 88' lang='lat' dir='ltr'>canonicus</span> <span class='ocrx_word' id='word_1_214' title='bbox 852 1374 918 1409; x_wconf 83' lang='lat' dir='ltr'>pro</span> <span class='ocrx_word' id='word_1_215' title='bbox 937 1360 1205 1409; x_wconf 88' lang='lat' dir='ltr'>quibuscunque</span> <span class='ocrx_word' id='word_1_216' title='bbox 1229 1360 1337 1396; x_wconf 88' lang='lat' dir='ltr'>caufis</span> <span class='ocrx_word' id='word_1_217' title='bbox 1355 1361 1412 1396; x_wconf 91' lang='lat' dir='ltr'>vel</span> <span class='ocrx_word' id='word_1_218' title='bbox 1430 1361 1583 1409; x_wconf 87' lang='lat' dir='ltr'>negotiis</span> <span class='ocrx_word' id='word_1_219' title='bbox 1601 1360 1779 1397; x_wconf 82' lang='lat' dir='ltr'>ecclesiam</span> <span class='ocrx_word' id='word_1_220' title='bbox 1798 1375 1875 1411; x_wconf 92' lang='lat' dir='ltr'>pre-</span> 
     </span>
     <span class='ocr_line' id='line_1_23' title="bbox 371 1417 1876 1467; baseline 0.002 -15"><span class='ocrx_word' id='word_1_221' title='bbox 371 1418 503 1453; x_wconf 61' lang='lat' dir='ltr'>dietam</span> <span class='ocrx_word' id='word_1_222' title='bbox 523 1418 580 1453; x_wconf 93' lang='lat' dir='ltr'>vel</span> <span class='ocrx_word' id='word_1_223' title='bbox 598 1418 783 1466; x_wconf 88' lang='lat' dir='ltr'>personam</span> <span class='ocrx_word' id='word_1_224' title='bbox 802 1417 906 1467; x_wconf 90' lang='lat' dir='ltr'>ipfius</span> <span class='ocrx_word' id='word_1_225' title='bbox 924 1418 1155 1466; x_wconf 88' lang='lat' dir='ltr'>tangentibus</span> <span class='ocrx_word' id='word_1_226' title='bbox 1180 1438 1188 1447; x_wconf 92' lang='lat'><strong>·</strong></span> <span class='ocrx_word' id='word_1_227' title='bbox 1216 1418 1365 1454; x_wconf 89' lang='lat' dir='ltr'>sufficiat</span> <span class='ocrx_word' id='word_1_228' title='bbox 1389 1418 1500 1467; x_wconf 91' lang='lat' dir='ltr'>ipsum</span> <span class='ocrx_word' id='word_1_229' title='bbox 1525 1418 1627 1454; x_wconf 87' lang='lat' dir='ltr'>citari</span> <span class='ocrx_word' id='word_1_230' title='bbox 1651 1419 1689 1454; x_wconf 91' lang='lat' dir='ltr'>in</span> <span class='ocrx_word' id='word_1_231' title='bbox 1710 1420 1822 1456; x_wconf 87' lang='lat' dir='ltr'>choro</span> <span class='ocrx_word' id='word_1_232' title='bbox 1840 1426 1876 1456; x_wconf 91' lang='lat' dir='ltr'>et</span> 
     </span>
     <span class='ocr_line' id='line_1_24' title="bbox 371 1475 1873 1525; baseline 0.003 -16"><span class='ocrx_word' id='word_1_233' title='bbox 371 1477 407 1510; x_wconf 85' lang='lat' dir='ltr'>in</span> <span class='ocrx_word' id='word_1_234' title='bbox 425 1476 523 1511; x_wconf 87' lang='lat' dir='ltr'>stallo</span> <span class='ocrx_word' id='word_1_235' title='bbox 538 1476 599 1512; x_wconf 93' lang='lat' dir='ltr'>suo</span> <span class='ocrx_word' id='word_1_236' title='bbox 619 1482 654 1512; x_wconf 90' lang='lat' dir='ltr'>et</span> <span class='ocrx_word' id='word_1_237' title='bbox 672 1477 708 1511; x_wconf 91' lang='lat' dir='ltr'>in</span> <span class='ocrx_word' id='word_1_238' title='bbox 723 1476 905 1525; x_wconf 90' lang='lat' dir='ltr'>prebenda</span> <span class='ocrx_word' id='word_1_239' title='bbox 918 1476 979 1512; x_wconf 85' lang='lat' dir='ltr'>sua</span> <span class='ocrx_word' id='word_1_240' title='bbox 998 1496 1006 1504; x_wconf 95' lang='lat'><strong>·</strong></span> <span class='ocrx_word' id='word_1_241' title='bbox 1025 1476 1083 1512; x_wconf 91' lang='lat' dir='ltr'>vel</span> <span class='ocrx_word' id='word_1_242' title='bbox 1102 1475 1205 1525; x_wconf 89' lang='lat' dir='ltr'>ipfius</span> <span class='ocrx_word' id='word_1_243' title='bbox 1223 1476 1447 1525; x_wconf 87' lang='lat' dir='ltr'>procuratori</span> <span class='ocrx_word' id='word_1_244' title='bbox 1466 1476 1615 1512; x_wconf 87' lang='lat' dir='ltr'>sufficiat</span> <span class='ocrx_word' id='word_1_245' title='bbox 1632 1477 1850 1514; x_wconf 86' lang='lat' dir='ltr'>denunciare</span> <span class='ocrx_word' id='word_1_246' title='bbox 1866 1497 1873 1505; x_wconf 90' lang='lat'><strong>·</strong></span> 
     </span>
     <span class='ocr_line' id='line_1_25' title="bbox 374 1532 1874 1582; baseline 0.001 -14"><span class='ocrx_word' id='word_1_247' title='bbox 374 1533 481 1568; x_wconf 88' lang='lat' dir='ltr'>Unde</span> <span class='ocrx_word' id='word_1_248' title='bbox 499 1532 666 1569; x_wconf 89' lang='lat' dir='ltr'>statutum</span> <span class='ocrx_word' id='word_1_249' title='bbox 686 1533 734 1569; x_wconf 86' lang='lat' dir='ltr'>est</span> <span class='ocrx_word' id='word_1_250' title='bbox 757 1539 798 1570; x_wconf 90' lang='lat' dir='ltr'>ut</span> <span class='ocrx_word' id='word_1_251' title='bbox 822 1534 971 1582; x_wconf 89' lang='lat' dir='ltr'>quilibet</span> <span class='ocrx_word' id='word_1_252' title='bbox 988 1534 1182 1570; x_wconf 87' lang='lat' dir='ltr'>canonicus</span> <span class='ocrx_word' id='word_1_253' title='bbox 1199 1534 1321 1570; x_wconf 83' lang='lat' dir='ltr'>absens</span> <span class='ocrx_word' id='word_1_254' title='bbox 1339 1534 1467 1570; x_wconf 86' lang='lat' dir='ltr'>habeat</span> <span class='ocrx_word' id='word_1_255' title='bbox 1483 1533 1585 1569; x_wconf 91' lang='lat' dir='ltr'>suum</span> <span class='ocrx_word' id='word_1_256' title='bbox 1604 1540 1874 1582; x_wconf 87' lang='lat' dir='ltr'>procuratorem</span> 
     </span>
     <span class='ocr_line' id='line_1_26' title="bbox 373 1590 1873 1640; baseline 0.003 -16"><span class='ocrx_word' id='word_1_257' title='bbox 373 1591 408 1625; x_wconf 90' lang='lat' dir='ltr'>in</span> <span class='ocrx_word' id='word_1_258' title='bbox 424 1591 586 1638; x_wconf 60' lang='lat' dir='ltr'>prediehae</span> <span class='ocrx_word' id='word_1_259' title='bbox 603 1590 745 1627; x_wconf 84' lang='lat' dir='ltr'>ecclefia</span> <span class='ocrx_word' id='word_1_260' title='bbox 762 1592 957 1628; x_wconf 87' lang='lat' dir='ltr'>cathedrali</span> <span class='ocrx_word' id='word_1_261' title='bbox 976 1612 984 1620; x_wconf 93' lang='lat'>-</span> <span class='ocrx_word' id='word_1_262' title='bbox 1013 1591 1076 1628; x_wconf 94' lang='lat' dir='ltr'>Ad</span> <span class='ocrx_word' id='word_1_263' title='bbox 1094 1597 1304 1640; x_wconf 89' lang='lat' dir='ltr'>perpetuam</span> <span class='ocrx_word' id='word_1_264' title='bbox 1322 1592 1433 1640; x_wconf 88' lang='lat' dir='ltr'>igitur</span> <span class='ocrx_word' id='word_1_265' title='bbox 1451 1592 1613 1627; x_wconf 92' lang='lat' dir='ltr'>omnium</span> <span class='ocrx_word' id='word_1_266' title='bbox 1629 1592 1873 1640; x_wconf 80' lang='lat' dir='ltr'>premissorum</span> 
     </span>
     <span class='ocr_line' id='line_1_27' title="bbox 374 1648 1875 1698; baseline 0.002 -16"><span class='ocrx_word' id='word_1_267' title='bbox 374 1648 580 1683; x_wconf 90' lang='lat' dir='ltr'>memoriam</span> <span class='ocrx_word' id='word_1_268' title='bbox 606 1654 641 1684; x_wconf 91' lang='lat' dir='ltr'>et</span> <span class='ocrx_word' id='word_1_269' title='bbox 666 1649 870 1685; x_wconf 83' lang='lat' dir='ltr'>firmitatem</span> <span class='ocrx_word' id='word_1_270' title='bbox 889 1655 924 1685; x_wconf 92' lang='lat' dir='ltr'>et</span> <span class='ocrx_word' id='word_1_271' title='bbox 942 1650 1175 1686; x_wconf 85' lang='lat' dir='ltr'>indubitabile</span> <span class='ocrx_word' id='word_1_272' title='bbox 1199 1649 1439 1685; x_wconf 88' lang='lat' dir='ltr'>testimonium</span> <span class='ocrx_word' id='word_1_273' title='bbox 1462 1650 1545 1685; x_wconf 88' lang='lat' dir='ltr'>huic</span> <span class='ocrx_word' id='word_1_274' title='bbox 1566 1649 1694 1698; x_wconf 90' lang='lat' dir='ltr'>scripto</span> <span class='ocrx_word' id='word_1_275' title='bbox 1719 1649 1875 1698; x_wconf 79' lang='lat' dir='ltr'>apposita</span> 
     </span>
     <span class='ocr_line' id='line_1_28' title="bbox 374 1703 1874 1756; baseline 0.001 -16"><span class='ocrx_word' id='word_1_276' title='bbox 374 1706 453 1740; x_wconf 87' lang='lat' dir='ltr'>sunt</span> <span class='ocrx_word' id='word_1_277' title='bbox 476 1703 585 1753; x_wconf 82' lang='lat' dir='ltr'>sigilla</span> <span class='ocrx_word' id='word_1_278' title='bbox 602 1707 813 1742; x_wconf 83' lang='lat' dir='ltr'>venerabilis</span> <span class='ocrx_word' id='word_1_279' title='bbox 831 1708 940 1755; x_wconf 89' lang='lat' dir='ltr'>patris</span> <span class='ocrx_word' id='word_1_280' title='bbox 960 1708 1109 1744; x_wconf 89' lang='lat' dir='ltr'>Andree</span> <span class='ocrx_word' id='word_1_281' title='bbox 1127 1706 1359 1745; x_wconf 74' lang='lat' dir='ltr'>moraviensis</span> <span class='ocrx_word' id='word_1_282' title='bbox 1377 1707 1530 1755; x_wconf 91' lang='lat' dir='ltr'>episcopi</span> <span class='ocrx_word' id='word_1_283' title='bbox 1548 1713 1584 1743; x_wconf 89' lang='lat' dir='ltr'>et</span> <span class='ocrx_word' id='word_1_284' title='bbox 1601 1708 1754 1756; x_wconf 66' lang='lat' dir='ltr'>predicti</span> <span class='ocrx_word' id='word_1_285' title='bbox 1781 1708 1874 1756; x_wconf 84' lang='lat' dir='ltr'>capi-</span> 
     </span>
     <span class='ocr_line' id='line_1_29' title="bbox 374 1763 1872 1814; baseline 0.002 -17"><span class='ocrx_word' id='word_1_286' title='bbox 374 1763 439 1797; x_wconf 89' lang='lat' dir='ltr'>tuli</span> <span class='ocrx_word' id='word_1_287' title='bbox 455 1775 535 1798; x_wconf 92' lang='lat' dir='ltr'>cum</span> <span class='ocrx_word' id='word_1_288' title='bbox 554 1763 862 1812; x_wconf 89' lang='lat' dir='ltr'>subscriptionibus</span> <span class='ocrx_word' id='word_1_289' title='bbox 880 1766 1135 1802; x_wconf 89' lang='lat' dir='ltr'>canonicorum</span> <span class='ocrx_word' id='word_1_290' title='bbox 1150 1765 1258 1813; x_wconf 90' lang='lat' dir='ltr'>usque</span> <span class='ocrx_word' id='word_1_291' title='bbox 1276 1765 1322 1801; x_wconf 87' lang='lat' dir='ltr'>ad</span> <span class='ocrx_word' id='word_1_292' title='bbox 1336 1765 1445 1801; x_wconf 85' lang='lat' dir='ltr'>·xviii·</span> <span class='ocrx_word' id='word_1_293' title='bbox 1460 1765 1521 1812; x_wconf 93' lang='lat' dir='ltr'>qui</span> <span class='ocrx_word' id='word_1_294' title='bbox 1535 1770 1621 1801; x_wconf 88' lang='lat' dir='ltr'>tunc</span> <span class='ocrx_word' id='word_1_295' title='bbox 1635 1765 1782 1801; x_wconf 89' lang='lat' dir='ltr'>fuerunt</span> <span class='ocrx_word' id='word_1_296' title='bbox 1795 1778 1872 1814; x_wconf 91' lang='lat' dir='ltr'>pre-</span> 
     </span>
     <span class='ocr_line' id='line_1_30' title="bbox 375 1820 994 1871; baseline 0.006 -17"><span class='ocrx_word' id='word_1_297' title='bbox 375 1820 487 1855; x_wconf 89' lang='lat' dir='ltr'>sentes</span> <span class='ocrx_word' id='word_1_298' title='bbox 507 1840 515 1847; x_wconf 92' lang='lat'><strong>·</strong></span> <span class='ocrx_word' id='word_1_299' title='bbox 534 1833 615 1856; x_wconf 91' lang='lat' dir='ltr'>cum</span> <span class='ocrx_word' id='word_1_300' title='bbox 637 1820 786 1857; x_wconf 87' lang='lat' dir='ltr'>Andrea</span> <span class='ocrx_word' id='word_1_301' title='bbox 804 1822 966 1871; x_wconf 88' lang='lat' dir='ltr'>episcopo</span> <span class='ocrx_word' id='word_1_302' title='bbox 986 1843 994 1851; x_wconf 95' lang='lat'><strong>·</strong></span> 
     </span>
    </p>
   </div>
   <div class='ocr_carea' id='block_1_4' title="bbox 375 1993 1873 2085">
    <p class='ocr_par' dir='ltr' id='par_1_4' title="bbox 375 1993 1873 2085">
     <span class='ocr_line' id='line_1_31' title="bbox 377 1993 1873 2042; baseline 0.005 -15"><span class='ocrx_word' id='word_1_303' title='bbox 377 1993 438 2028; x_wconf 90' lang='lat' dir='ltr'>Ad</span> <span class='ocrx_word' id='word_1_304' title='bbox 473 2006 578 2040; x_wconf 90' lang='lat' dir='ltr'>quem</span> <span class='ocrx_word' id='word_1_305' title='bbox 613 1994 767 2042; x_wconf 84' lang='lat' dir='ltr'>pertinet</span> <span class='ocrx_word' id='word_1_306' title='bbox 798 1995 976 2032; x_wconf 90' lang='lat' dir='ltr'>ordinatio</span> <span class='ocrx_word' id='word_1_307' title='bbox 1008 2010 1129 2033; x_wconf 91' lang='lat' dir='ltr'>rerum</span> <span class='ocrx_word' id='word_1_308' title='bbox 1160 1997 1418 2033; x_wconf 87' lang='lat' dir='ltr'>canonicorum</span> <span class='ocrx_word' id='word_1_309' title='bbox 1454 1996 1705 2033; x_wconf 90' lang='lat' dir='ltr'>decedentium</span> <span class='ocrx_word' id='word_1_310' title='bbox 1737 1996 1873 2033; x_wconf 87' lang='lat' dir='ltr'>intesta-</span> 
     </span>
     <span class='ocr_line' id='line_1_32' title="bbox 375 2057 522 2085; baseline 0 0"><span class='ocrx_word' id='word_1_311' title='bbox 375 2057 493 2085; x_wconf 88' lang='lat' dir='ltr'>torum</span> <span class='ocrx_word' id='word_1_312' title='bbox 514 2070 522 2078; x_wconf 93' lang='lat'><strong>·</strong></span> 
     </span>
    </p>
   </div>
   <div class='ocr_carea' id='block_1_5' title="bbox 375 2165 1875 2329">
    <p class='ocr_par' dir='ltr' id='par_1_5' title="bbox 375 2165 1875 2329">
     <span class='ocr_line' id='line_1_33' title="bbox 376 2165 1875 2219; baseline 0.003 -19"><span class='ocrx_word' id='word_1_313' title='bbox 376 2166 468 2201; x_wconf 90' lang='lat' dir='ltr'>Cum</span> <span class='ocrx_word' id='word_1_314' title='bbox 494 2165 577 2201; x_wconf 79' lang='lat' dir='ltr'>ess&#39;et</span> <span class='ocrx_word' id='word_1_315' title='bbox 598 2166 798 2202; x_wconf 90' lang='lat' dir='ltr'>dubitatum</span> <span class='ocrx_word' id='word_1_316' title='bbox 823 2167 860 2202; x_wconf 91' lang='lat' dir='ltr'>in</span> <span class='ocrx_word' id='word_1_317' title='bbox 884 2169 1040 2216; x_wconf 89' lang='lat' dir='ltr'>capitulo</span> <span class='ocrx_word' id='word_1_318' title='bbox 1058 2170 1177 2206; x_wconf 89' lang='lat' dir='ltr'>nostro</span> <span class='ocrx_word' id='word_1_319' title='bbox 1195 2171 1240 2206; x_wconf 84' lang='lat' dir='ltr'>ad</span> <span class='ocrx_word' id='word_1_320' title='bbox 1259 2183 1365 2219; x_wconf 89' lang='lat' dir='ltr'>quem</span> <span class='ocrx_word' id='word_1_321' title='bbox 1387 2169 1543 2218; x_wconf 90' lang='lat' dir='ltr'>pertinet</span> <span class='ocrx_word' id='word_1_322' title='bbox 1566 2168 1746 2204; x_wconf 88' lang='lat' dir='ltr'>ordinatio</span> <span class='ocrx_word' id='word_1_323' title='bbox 1764 2168 1875 2205; x_wconf 92' lang='lat' dir='ltr'>bono-</span> 
     </span>
     <span class='ocr_line' id='line_1_34' title="bbox 375 2223 1875 2276; baseline 0.003 -19"><span class='ocrx_word' id='word_1_324' title='bbox 375 2235 452 2258; x_wconf 91' lang='lat' dir='ltr'>rum</span> <span class='ocrx_word' id='word_1_325' title='bbox 473 2223 634 2259; x_wconf 83' lang='lat' dir='ltr'>canonici</span> <span class='ocrx_word' id='word_1_326' title='bbox 653 2224 814 2260; x_wconf 67' lang='lat' dir='ltr'>desuntffi</span> <span class='ocrx_word' id='word_1_327' title='bbox 839 2230 875 2261; x_wconf 91' lang='lat' dir='ltr'>et</span> <span class='ocrx_word' id='word_1_328' title='bbox 898 2225 1050 2262; x_wconf 79' lang='lat' dir='ltr'>intestati</span> <span class='ocrx_word' id='word_1_329' title='bbox 1069 2246 1078 2255; x_wconf 89' lang='lat'><strong>·</strong></span> <span class='ocrx_word' id='word_1_330' title='bbox 1100 2227 1176 2276; x_wconf 88' lang='lat' dir='ltr'>post</span> <span class='ocrx_word' id='word_1_331' title='bbox 1194 2228 1324 2264; x_wconf 82' lang='lat' dir='ltr'>multas</span> <span class='ocrx_word' id='word_1_332' title='bbox 1341 2226 1574 2275; x_wconf 84' lang='lat' dir='ltr'>allegationes</span> <span class='ocrx_word' id='word_1_333' title='bbox 1597 2231 1633 2262; x_wconf 92' lang='lat' dir='ltr'>et</span> <span class='ocrx_word' id='word_1_334' title='bbox 1656 2226 1813 2263; x_wconf 87' lang='lat' dir='ltr'>rationes</span> <span class='ocrx_word' id='word_1_335' title='bbox 1830 2227 1875 2262; x_wconf 83' lang='lat' dir='ltr'>ad</span> 
     </span>
     <span class='ocr_line' id='line_1_35' title="bbox 375 2282 1873 2329; baseline 0.003 -14"><span class='ocrx_word' id='word_1_336' title='bbox 375 2286 561 2328; x_wconf 88' lang='lat' dir='ltr'>utramque</span> <span class='ocrx_word' id='word_1_337' title='bbox 587 2286 725 2329; x_wconf 87' lang='lat' dir='ltr'>partem</span> <span class='ocrx_word' id='word_1_338' title='bbox 753 2283 1048 2320; x_wconf 70' lang='lat' dir='ltr'>contraditffionis</span> <span class='ocrx_word' id='word_1_339' title='bbox 1065 2285 1231 2322; x_wconf 65' lang='lat' dir='ltr'>inductas</span> <span class='ocrx_word' id='word_1_340' title='bbox 1259 2306 1268 2314; x_wconf 93' lang='lat'><strong>·</strong></span> <span class='ocrx_word' id='word_1_341' title='bbox 1296 2286 1340 2322; x_wconf 87' lang='lat' dir='ltr'>de</span> <span class='ocrx_word' id='word_1_342' title='bbox 1358 2284 1542 2322; x_wconf 89' lang='lat' dir='ltr'>communi</span> <span class='ocrx_word' id='word_1_343' title='bbox 1561 2282 1705 2321; x_wconf 88' lang='lat' dir='ltr'>confilio</span> <span class='ocrx_word' id='word_1_344' title='bbox 1723 2284 1873 2320; x_wconf 87' lang='lat' dir='ltr'>fratrum</span> 
     </span>
    </p>
   </div>
  </div>
 </body>
</html>
