2060 2660
389 186 461 218 ‘258
781 185 885 221 REG
894 186 1097 223 ISTRUM
1127 187 1491 224 MORAVIENSE.

392 287 428 317 et
445 280 600 330 fingulos
618 284 807 320 canonicos
831 285 1082 334 suprascriptos
1108 286 1282 334 legittime
1310 292 1345 322 et
1371 286 1610 334 peremptorie
1635 285 1761 322 nostris
1782 287 1892 324 literis

390 341 592 388 patentibus
606 348 641 378 et
656 344 867 379 executione
882 344 1076 379 earundem
1097 345 1223 379 citatos
1243 349 1387 379 vocatos
1406 349 1441 378 et
1460 356 1534 378 non
1549 349 1796 391 comparentes
1809 358 1891 381 con-

390 404 548 434 tumaces
571 406 777 448 reputamus
804 408 839 437 et
862 401 929 436 suis
951 401 1176 448 exigentibus
1195 401 1429 436 contumaciis
1449 400 1586 436 easdem
1605 414 1714 449 penas
1731 402 1768 437 in
1787 402 1892 439 diet-is

390 455 515 492 nostris
541 457 651 493 literis
677 465 863 494 contentas
885 458 1039 494 incidifl'e
1059 458 1281 494 declaramus
1299 470 1362 505 per
1380 471 1446 493 nos
1464 463 1500 493 et
1518 459 1714 506 capitulum
1733 459 1890 496 nostrum

390 514 643 551 modificandas
662 535 670 544 ·
700 517 747 552 Et
774 517 968 565 presentem
997 516 1294 552 convocationem
1317 514 1407 550 statu
1432 521 1467 551 et
1493 516 1618 564 vigore
1641 517 1768 564 quibus
1794 530 1890 554 nunc

389 572 426 607 in
444 572 631 609 crastinum
651 574 739 609 hora
756 575 938 609 causarum
961 574 1061 609 solita
1087 573 1124 607 iii
1152 572 1218 607 hiis
1244 572 1379 621 scriptis
1405 573 1658 609 continuamus
1676 593 1684 602 ·
1712 576 1891 611 canonicis

389 630 484 679 apud
502 631 584 666 ειᾶὶε,
601 632 715 667 citatis
735 651 742 660 ·

391 747 503 783 Anno
523 748 672 783 Domini
694 746 876 783 millesimo
896 753 962 782 etc·
982 745 1145 781 lxxxvii⁰·
1172 744 1297 781 mensis
1316 759 1402 782 vero
1422 745 1594 783 octobris
1621 748 1678 783 die
1703 753 1812 784 ‹xxv⁰·
1840 762 1892 785 re-

387 806 566 841 verendus
584 806 749 840 dominus
769 805 960 853 Episcopus
979 803 1274 839 convocationem
1300 804 1504 851 generalem
1531 806 1754 842 continuavit
1780 808 1888 843 modo

389 869 424 898 et
441 863 556 899 fornia
573 863 803 911 subsequente
823 882 831 890 ·

388 921 465 956 Nos
484 921 650 957 Andreas
669 921 739 956 Dei
764 927 799 955 et
825 918 1013 968 apostolice
1040 919 1128 954 sedis
1152 919 1267 966 gratia
1290 919 1472 967 episcopus
1492 919 1726 956 Moravienfis
1750 923 1888 970 presen-

386 984 457 1014 tem
477 980 770 1014 convocationem
789 977 877 1012 statu
897 983 933 1012 et
950 977 1075 1024 vigore
1093 977 1220 1024 quibus
1239 990 1336 1012 nunc
1354 977 1462 1024 usque
1485 977 1764 1024 post-crastinum
1792 980 1884 1016 diem

386 1037 421 1072 in
442 1036 507 1071 hiis
524 1036 658 1084 scriptis
677 1036 927 1071 continuamus
947 1054 954 1062 ·
976 1040 1011 1070 et
1029 1035 1127 1082 quod
1146 1035 1289 1070 interim
1308 1035 1471 1071 canonici
1490 1036 1668 1083 presentes
1687 1036 1789 1085 super
1806 1039 1887 1073 arti-

385 1094 472 1130 culis
491 1107 611 1130 coram
630 1094 692 1130 eiis
710 1093 811 1129 lefifis
829 1091 896 1128 fint
914 1093 1220 1128 communicantes
1235 1112 1243 1120 ·

386 1209 497 1245 Anno
513 1210 663 1245 Domini
682 1214 748 1244 etc·
768 1208 929 1244 lxxxvii⁰·
954 1207 1079 1244 mensis
1099 1222 1184 1244 vero
1203 1207 1375 1244 Ostobris
1394 1209 1451 1244 die
1471 1209 1592 1244 ·xxvi⁰·
1611 1210 1829 1246 reverendus
1848 1211 1883 1246 iii

385 1266 523 1303 Christo
552 1273 652 1315 pater
679 1267 846 1302 Andreas
877 1267 1060 1315 episcopus
1087 1265 1321 1302 Moraviensis
1352 1267 1648 1303 convocationem
1679 1269 1882 1315 generalem

384 1325 638 1360 canonicorum
656 1325 880 1360 continuavit
898 1325 1007 1360 modo
1027 1330 1062 1360 et
1080 1325 1196 1360 forma
1213 1324 1443 1372 subsequente
1462 1344 1470 1352 ·
1724 1369 1726 1371 ‚

384 1383 460 1418 Nos
480 1384 646 1419 Andreas
665 1383 736 1418 Dei
764 1389 799 1418 et
825 1382 1015 1431 apostolice
1040 1382 1128 1418 sedis
1151 1383 1267 1430 gratia
1291 1382 1474 1431 episcopus
1494 1382 1728 1419 Moraviensis
1746 1384 1884 1432 presen-

382 1447 453 1477 tem
473 1441 768 1477 convocationem
787 1441 1043 1476 canonicorum
1066 1440 1182 1476 nostre
1207 1439 1348 1476 ecclesie
1367 1440 1580 1476 cathedralis
1597 1439 1687 1476 statu
1706 1447 1742 1477 et
1760 1442 1884 1489 vigore

382 1499 508 1546 quibus
532 1512 628 1534 nunc
646 1499 754 1546 usque
773 1499 929 1534 fabatum
949 1499 1112 1547 proxime
1130 1498 1293 1534 futurum
1312 1499 1349 1534 in
1368 1499 1434 1534 liiis
1453 1498 1587 1547 scriptis
1605 1499 1855 1535 continuamus
1874 1519 1882 1528 ·

382 1556 426 1592 sic
449 1557 546 1604 quod
568 1557 652 1592 dicti
677 1557 839 1592 canonici
864 1557 908 1593 de
931 1557 988 1592 die
1015 1557 1052 1592 in
1076 1557 1170 1592 diem
1198 1557 1341 1592 interim
1368 1557 1471 1604 super
1495 1556 1654 1592 articulis
1680 1570 1800 1593 coram
1823 1558 1883 1594 eiis

383 1615 467 1650 alias
486 1615 587 1650 lectis
606 1615 873 1651 communicent
891 1621 927 1651 et
945 1615 1114 1662 quosdam
1134 1615 1329 1650 terminent
1347 1628 1429 1650 cuni
1449 1614 1579 1650 effefiffi
1594 1634 1602 1642 ·

383 1731 495 1767 Anno
511 1731 662 1766 Domini
680 1730 862 1767 millefinio
877 1730 1226 1779 quadringentesimo
1241 1729 1481 1779 o&uagefimo
1496 1730 1644 1779 septimo
1659 1729 1783 1766 menfis
1797 1744 1882 1767 vero

383 1788 598 1824 Novembris
625 1789 681 1824 die
710 1790 816 1825 tertio
843 1790 1062 1825 reverendus
1093 1790 1130 1824 in
1163 1789 1303 1825 Christo
1330 1794 1431 1837 pater
1459 1794 1494 1824 et
1521 1789 1688 1824 dominus
1718 1789 1882 1825 dominus

384 1846 550 1882 Andreas
578 1846 648 1882 Dei
676 1853 711 1882 et
737 1846 925 1895 apostolice
954 1848 1041 1883 sedis
1069 1848 1185 1895 gratia
1213 1847 1394 1895 episcopus
1422 1845 1657 1883 Moravienfis
1685 1846 1881 1895 presentem

382 1905 677 1941 convocationem
697 1905 920 1940 continuavit
938 1906 1046 1941 modo
1066 1912 1101 1941 et
1119 1906 1235 1941 forma
1252 1905 1481 1953 subsequente
1500 1924 1509 1932 ·

383 1963 460 1998 Nos
476 1962 642 1998 Andreas
657 1963 729 1998 Dei
743 1968 779 1998 et
792 1962 979 2011 apostolice
999 1964 1087 1999 sedis
1104 1964 1220 2011 gratia
1233 1963 1415 2012 episcopus
1432 1961 1666 1999 Moraviensis
1684 1963 1880 2011 presentem

383 2021 677 2057 convocationem
701 2020 789 2056 statu
809 2027 844 2056 et
862 2021 986 2068 vigore
1013 2022 1141 2069 quibus
1167 2034 1264 2057 nunc
1291 2021 1337 2056 ob
1361 2020 1555 2056 nonnullas
1583 2020 1702 2056 causas
1729 2021 1880 2056 rationa-

381 2078 467 2114 biles
485 2079 644 2114 animum
664 2078 820 2113 nostrum
840 2079 884 2113 ad
903 2079 970 2114 hoc
990 2085 1175 2115 moventes
1193 2079 1302 2127 usque
1316 2077 1518 2115 vicesimum
1534 2078 1628 2114 diem
1644 2077 1768 2114 mensis
1783 2077 1880 2114 Mar-

382 2137 426 2172 cii
448 2137 609 2184 proxime
627 2136 738 2171 sutiiri
758 2136 793 2171 iii
813 2136 878 2171 hiis
902 2136 1036 2184 scriptis
1058 2137 1311 2173 continuamus
1330 2156 1338 2164 ·
1363 2135 1407 2172 fic
1430 2136 1526 2184 quod
1549 2136 1636 2172 dicti
1656 2136 1817 2172 canonici
1836 2135 1879 2171 de

382 2194 438 2229 die
460 2194 497 2229 in
521 2194 615 2230 diem
638 2194 780 2229 interim
805 2194 909 2240 super
933 2194 1090 2230 articulis
1109 2207 1228 2230 coram
1248 2195 1310 2230 eiis
1334 2194 1420 2230 alias
1441 2194 1543 2230 lectis
1561 2193 1827 2230 communicent
1844 2199 1878 2229 et

380 2252 547 2300 quosdam
566 2252 761 2287 terminent
779 2264 860 2287 cum
879 2251 1008 2287 effectu
1025 2271 1032 2279 ·
