1912 2660
597 174 912 212 REGISTRUM
940 175 1300 214 MORAVIENSE.
1616 189 1688 221 345

203 333 316 381 Copia
332 331 427 367 bulle
444 331 578 379 papalis
596 332 639 367 de
658 345 753 367 anno
766 331 904 380 jubileo
926 331 1139 367 celebrando
1164 332 1207 368 de
1234 333 1518 381 quinquagesimo
1536 338 1572 372 in
1590 340 1689 386 quin-

201 388 437 438 quagefimum
455 401 589 424 annum
606 394 640 425 et
656 390 700 425 de
713 389 788 437 ejus
802 388 1025 436 indulgentia
1036 408 1045 416 ·
1064 402 1167 436 quam
1183 395 1285 437 putat
1298 390 1498 427 willelmus
1512 394 1689 443 episcopus

201 445 428 484 moravienfis
447 446 513 482 effe
531 447 733 495 apocr-ysam
757 452 790 482 et
815 446 853 481 in
877 446 1024 481 taberna
1040 446 1245 482 fabricatam
1264 466 1273 474 ·
1291 448 1374 494 quia
1395 450 1553 486 continet
1579 453 1690 488 multa

200 504 493 539 inconveniencia
507 523 515 532 ·
535 509 571 539 et
589 510 685 540 caret
704 509 802 540 certo
821 504 968 539 auctore
987 523 995 531 ·
1016 504 1097 539 data
1111 523 1119 532 ·
1139 509 1175 539 et
1191 504 1289 540 bulla
1305 505 1471 553 plumbea
1485 525 1493 534 ·

102 618 174 655 265
200 618 366 655 Clemens
383 618 564 666 episcopus
586 618 705 654 servus
723 619 903 655 servorum
923 619 995 654 Dei
1013 624 1082 655 etc·
1108 618 1291 654 Noveritis
1308 619 1370 654 filii
1389 620 1576 656 humillimi
1594 624 1688 670 quod
1706 623 1784 679 ἕως
1779 632 1857 681 ⁰Cl
1826 630 1858 647 ‘³²

198 681 374 712 venerunt
397 676 443 711 ad
470 676 649 711 civitatem
669 675 949 712 Avinionensem
975 676 1037 711 ubi
1062 689 1128 711 nos
1154 681 1315 711 tenemus
1336 677 1468 712 curiam
1489 678 1689 717 Romanam
1706 665 1792 713 menqte.

199 733 321 769 dileffi
338 738 374 769 et
391 733 555 781 speciales
572 733 636 768 filii
654 733 762 769 nostri
783 734 1043 769 Innocencius·
1063 733 1201 769 Bruto·
1222 733 1371 769 Salvos·
1389 734 1544 771 Jacobus
1562 737 1605 772 de
1621 737 1689 774 Co-

197 791 344 839 lumpna
370 796 436 826 etc·
464 804 588 826 omnes
611 790 663 826 isti
687 791 781 827 cives
798 789 998 826 nobiliffimi
1016 791 1166 826 civitatis
1189 790 1353 827 Romane
1372 797 1407 827 et
1418 792 1558 840 judices
1576 796 1689 830 tocius

197 848 335 884 senatus
349 848 503 896 ejusdem
516 868 525 876 ·
539 848 734 884 referentes
747 848 850 884 nobis
863 849 1017 896 plurima
1027 848 1135 884 verba
1149 848 1249 896 cujus
1262 848 1359 884 seriei
1374 851 1535 885 narracio
1550 850 1597 886 est
1609 865 1689 899 pro-

197 906 269 941 lixa
287 925 295 933 -
324 906 372 941 Et
389 918 454 940 nos
472 906 718 941 mandavimus
736 906 774 941 in
792 905 940 941 crastino
959 905 1198 941 consistorium
1219 905 1296 941 fieri
1315 925 1323 934 ·
1349 912 1384 942 et
1405 907 1531 943 fratres
1554 908 1690 945 nostros

198 962 406 999 Cardinales
423 962 544 998 vocari
563 982 571 990 ·
599 969 635 999 et
652 963 760 998 noete
778 963 991 1011 precedente
1009 961 1249 998 consistorium
1266 963 1367 998 nobis
1385 966 1548 1012 apparuit
1565 966 1689 1002 beatus

199 1020 326 1055 Petrus
339 1021 376 1054 in
388 1018 520 1055 vifione
538 1020 575 1055 in
593 1033 701 1055 manu
715 1020 775 1055 sua
789 1020 875 1056 duas
889 1020 1004 1055 claves
1017 1033 1145 1068 gerens
1157 1039 1165 1047 ·
1181 1020 1241 1067 qui
1254 1020 1356 1056 nobis
1369 1021 1548 1069 sequentia
1563 1024 1690 1072 dirige-

198 1078 257 1113 bat
276 1097 284 1105 ·
313 1077 427 1125 Aperi
441 1090 480 1112 os
498 1082 600 1113 tuum
619 1082 655 1113 et
671 1077 791 1125 ignem
806 1078 928 1113 emitte
947 1091 991 1113 ex
1009 1090 1052 1113 eo
1066 1091 1136 1124 quo
1155 1077 1293 1112 calefiat
1311 1083 1347 1113 et
1363 1078 1557 1114 illuminari
1574 1081 1691 1117 valeat

197 1140 294 1170 totus
312 1135 466 1171 mundus
486 1154 494 1162 ·
523 1134 570 1170 Et
587 1135 625 1169 in
643 1134 792 1170 crastino
810 1135 1065 1170 celebravimus
1081 1147 1190 1169 unam
1208 1135 1341 1170 missam
1360 1136 1403 1171 de
1423 1136 1554 1172 San&a
1572 1137 1691 1173 Trini-

197 1198 269 1228 tate
289 1212 297 1220 ·
316 1197 357 1227 ut
379 1191 404 1227 fi
421 1191 505 1227 vifio
523 1205 608 1228 vera
625 1192 707 1227 effet
731 1197 766 1227 et
784 1205 805 1227 a
823 1192 905 1227 Deo
923 1192 1053 1227 iterum
1075 1191 1177 1226 nobis
1200 1197 1385 1240 appareret
1403 1212 1411 1220 ·
1430 1192 1454 1228 fi
1478 1199 1597 1229 autem
1615 1195 1689 1230 san-

198 1250 306 1285 tasma
332 1249 414 1284 effet
438 1249 661 1284 evanesceret
678 1268 687 1277 ·
716 1249 882 1284 Premiffa
899 1254 1018 1284 autem
1037 1249 1198 1284 oratione
1225 1249 1376 1285 secunda
1400 1251 1509 1286 noete
1532 1250 1690 1287 confimi-

196 1307 266 1342 lem
284 1307 438 1342 vidimus
458 1305 625 1341 visionem
645 1325 654 1334 ·
683 1306 806 1348 Quare
829 1318 895 1341 nos
916 1306 1121 1342 vocavimus
1146 1305 1272 1341 fratres
1298 1306 1434 1341 nostros
1453 1307 1660 1345 Cardinales
1678 1329 1687 1337 ·

198 1363 493 1411 Archiepiscopos
506 1369 542 1399 et
555 1368 671 1399 totum
686 1363 821 1399 clerum
834 1363 872 1398 in
885 1363 1003 1398 nostro
1017 1363 1152 1411 palacio
1168 1376 1287 1398 coram
1301 1363 1404 1399 nobis
1417 1364 1462 1399 ad
1477 1365 1689 1413 responden-

197 1422 283 1457 dum
301 1421 470 1468 prediffis
487 1420 567 1455 filiis
584 1420 710 1455 nostris
728 1419 902 1455 Romanis
920 1439 929 1448 ·
956 1420 1083 1467 quibus
1105 1419 1256 1467 genibus
1269 1420 1456 1456 denudatis
1474 1427 1510 1457 et
1527 1423 1689 1459 manibus

198 1478 400 1514 cancellatis
417 1478 537 1513 versus
554 1477 671 1513 celum
694 1477 897 1525 aperuimus
915 1477 1075 1512 sanetum
1093 1475 1310 1524 propositum
1333 1477 1490 1513 nostrum
1513 1484 1548 1514 et
1568 1492 1688 1527 pecca-

197 1535 333 1570 toribus
351 1535 548 1582 paradisum
567 1534 797 1570 reseravimus
814 1535 851 1569 in
865 1535 960 1570 hunc
975 1534 1121 1569 modum
1134 1553 1142 1561 ·
1166 1534 1333 1570 Clemens
1347 1540 1413 1570 etc·
1434 1535 1502 1570 Per
1519 1536 1687 1572 assensum

196 1593 347 1628 fratrum
364 1592 507 1628 suorum
527 1592 771 1628 Cardinalium
790 1591 905 1627 secum
924 1604 1051 1638 gerens
1069 1591 1184 1626 claves
1201 1591 1304 1638 regni
1322 1591 1453 1627 celestis
1466 1592 1634 1629 univerfis
1652 1600 1688 1630 et

196 1649 340 1697 singulis
363 1662 429 1697 pro
456 1649 570 1697 prima
592 1649 668 1685 vice
695 1662 764 1696 qua
786 1649 854 1684 hoc
872 1648 1019 1684 audiant
1036 1648 1093 1684 vel
1115 1648 1236 1694 legant
1259 1648 1435 1696 largitur·
1428 1649 1487 1684 ··xl
1505 1663 1618 1686 annos
1635 1651 1688 1686 in-

197 1707 384 1754 dulgencie
411 1712 447 1741 et
474 1706 638 1742 concedit
665 1706 807 1753 quando
833 1706 907 1741 vita
929 1705 1115 1741 hominum
1139 1705 1184 1740 ad
1207 1704 1333 1740 statum
1352 1718 1479 1753 magne
1497 1707 1714 1743 ΐθηθᾶὶιιῐίε
1702 1711 1840 1768 ευξιᾝ,

195 1765 379 1813 perveniet
405 1770 441 1800 et
464 1764 529 1799 hac
556 1764 694 1799 ratione
721 1763 766 1798 ob
793 1777 938 1811 gravem
956 1763 1182 1810 fragilitatem
1201 1776 1270 1810 qua
1286 1763 1494 1799 incessanter
1510 1771 1713 1801 vexanturc
1715 1779 1767 1801 eide.

196 1822 240 1857 de
264 1827 408 1857 centum
434 1822 472 1856 in
498 1826 642 1857 centum
660 1834 772 1856 annos
795 1821 875 1856 sunt
896 1820 1122 1868 indulgencie
1138 1818 1311 1856 veriffime
1332 1826 1557 1885 peccatorum
1582 1824 1685 1870 pauci

195 1879 275 1915 sunt
292 1879 418 1926 quibus
435 1879 480 1914 ad
497 1879 694 1926 predictam
713 1883 843 1914 etatem
862 1878 1076 1926 decrepitam
1100 1877 1205 1913 liceat
1227 1878 1414 1925 pervenire
1431 1884 1576 1926 propter
1589 1881 1686 1926 quod

195 1950 216 1972 a
241 1936 411 1973 defiderio
435 1936 595 1984 predi&e
613 1936 839 1983 indulgencie
857 1935 1155 1983 quamplurimum
1174 1940 1334 1970 remeant
1354 1934 1480 1970 frustra
1498 1955 1506 1963 ·
1531 1937 1685 1972 auctori-

195 1999 267 2030 tate
285 1994 405 2029 sanfiffi
422 1999 457 2029 et
474 1993 643 2042 potestate
657 1992 895 2041 apostolorum
910 1992 1007 2027 Petri
1025 1997 1061 2027 et
1075 1992 1176 2027 Pauli
1194 1991 1321 2039 quibus
1338 2005 1403 2027 nos
1418 1992 1602 2040 fungimur
1616 2013 1624 2022 ·
1640 2008 1684 2030 ex

195 2056 295 2099 parte
315 2051 388 2087 Dei
407 2051 661 2098 omnipotentis
680 2069 688 2078 ·
708 2050 873 2085 omnibus
892 2049 1095 2085 Christianis
1107 2049 1331 2085 venientibus
1348 2049 1393 2085 ad
1411 2050 1565 2086 san&am
1578 2052 1685 2099 patri-

197 2108 372 2144 archalem
390 2108 506 2144 sedem
524 2107 593 2143 five
607 2108 807 2143 civitatem·
822 2107 1045 2143 numerando
1059 2120 1080 2141 a
1093 2107 1149 2143 die
1163 2119 1233 2154 qua
1245 2107 1312 2142 alie
1326 2107 1572 2155 indulgencie·
1591 2113 1627 2144 et
1639 2109 1683 2144 ab

197 2165 269 2213 ipso
287 2166 343 2201 die
366 2165 572 2213 completis·
565 2165 623 2200 ··xl
638 2177 768 2201 novem
781 2165 883 2200 annis
900 2169 1016 2199 totum
1034 2164 1134 2199 illum
1146 2164 1378 2228 indulgencie
1397 2170 1432 2200 et
1448 2164 1681 2201 remissionem
1697 2198 1783 2222 Nomv
1784 2208 1819 2222 τ

198 2228 423 2269 peccatorum
450 2224 573 2258 damus
600 2227 635 2258 et
660 2227 702 2258 ut
727 2222 882 2269 sequitur
904 2221 1128 2269 impertimur
1145 2221 1181 2257 in
1199 2227 1437 2270 perpetuum·
1466 2222 1678 2269 Quicunque
1695 2232 1747 2254 bum
1759 2234 1845 2256 damus.

906 2282 929 2314 2
949 2291 973 2314 x
