2066 2780
270 939 318 971 30

351 152 399 184 22
740 147 1055 185 REGISTRUM
1083 143 1445 182 MORAVIENSE.

352 246 513 283 forestam
549 266 558 275 ·
595 247 717 289 Quare
734 247 961 295 prohibemus
978 245 1128 280 firmiter
1145 256 1190 278 ne
1209 242 1286 289 quis
1308 242 1346 275 in
1369 239 1491 275 eadem
1512 242 1609 273 terra
1626 237 1699 275 fine
1717 252 1842 276 eorum

352 303 494 340 licentia.
511 304 600 340 secet
618 310 679 340 aut
696 310 848 340 venetur
866 304 966 351 super
984 302 1137 337 nostram
1156 299 1350 348 plenariam
1372 295 1635 331 forisfafituram
1664 310 1709 331 ·x·
1739 297 1842 334 libra-

350 374 431 397 rum
467 381 475 390 ·
511 362 546 398 T
547 362 672 398 estibus
690 362 818 397 comite
838 360 991 396 Patricio
1020 378 1028 387 ·
1058 358 1186 394 comite
1205 354 1397 392 malcolmo
1416 353 1460 388 de
1476 352 1574 400 Fyffe
1597 371 1605 380 ·
1630 353 1750 389 Alano
1768 355 1842 391 filio

352 419 523 455 Rollandi
541 419 797 455 constabulario
829 438 837 446 ·
866 417 1024 451 Waltero
1042 416 1116 450 filio
1136 413 1245 450 Alani
1265 410 1450 447 senescallo
1482 429 1490 437 ·
1522 409 1683 446 Waltero
1702 411 1844 449 Olifard

344 476 538 524 justiciario
558 477 742 512 Laodonie
761 496 768 503 -
791 475 950 510 Henrico
969 474 1012 508 dc
1032 471 1170 519 Bayllol
1190 468 1384 505 camerario
1413 486 1421 494 ·
1450 466 1618 514 Ingeram
1638 468 1682 503 de
1701 468 1843 518 Bayllol

349 533 556 569 vicecomite
575 535 619 569 de
638 532 833 580 Berewyke
869 551 877 559 ·
907 531 1072 567 Johanne
1091 529 1135 563 de
1157 527 1261 574 Haya
1278 525 1486 561 vicecomite
1506 525 1550 559 de
1570 524 1679 560 Perth
1715 546 1723 554 ·
1756 527 1843 563 Wil-

349 591 456 626 lehno
488 592 531 627 de
562 591 758 627 (Dunfichet
794 609 802 617 ·
846 588 956 636 Apud
988 585 1178 634 Stryuelyn
1205 584 1333 619 ultimo
1365 582 1422 618 die
1454 581 1584 617 Marcii
1614 595 1709 618 anno
1740 586 1842 633 regni

348 648 455 684 nostri
475 649 544 684 -xii·

348 819 564 868 Compositio
583 821 627 856 de
646 818 897 866 Strathbolgyn
912 837 920 845 ·

346 935 523 970 Noverint
550 948 671 970 omnes
697 934 762 969 hoc
790 932 955 980 scriptum
978 930 1084 966 visuri
1108 928 1165 964 vel
1193 928 1349 963 audituri
1376 928 1467 963 hanc
1493 928 1559 964 effe
1586 929 1728 965 finalem
1755 944 1837 967 con-

344 993 499 1027 cordiam
512 992 638 1027 factam
652 993 743 1026 inter
757 989 993 1026 venerabilem
1008 993 1144 1035 patrem
1158 986 1344 1021 Andrean]
1359 986 1618 1022 moraviensem
1637 988 1837 1037 episcopum

343 1055 378 1084 et
404 1049 579 1085 e‹-‹·les1a1n
607 1048 863 1085 moraviensem
891 1060 934 1082 cx
955 1051 1055 1094 parte
1081 1057 1154 1079 una
1182 1063 1190 1071 ·
1220 1049 1255 1079 et
1274 1043 1429 1079 nobilem
1448 1044 1566 1079 virum
1586 1045 1704 1080 David
1724 1046 1836 1082 filium

344 1107 511 1142 Duncani
533 1107 711 1154 quondam
736 1105 872 1140 comitis
899 1104 942 1139 de
969 1104 998 1138 F
999 1103 1040 1151 ys
1063 1115 1107 1137 ex
1134 1101 1247 1137 altera
1265 1120 1273 1129 ·
1293 1101 1395 1149 super
1418 1101 1710 1138 advocationibus
1728 1104 1836 1140 eccle-

342 1163 466 1199 siarum
498 1165 541 1199 de
573 1163 826 1210 Strathbolgyn
855 1167 890 1196 et
917 1160 1020 1196 terris
1047 1160 1092 1195 ad
1120 1159 1257 1194 easdem
1283 1158 1519 1206 spectantibus
1547 1178 1555 1186 ·
1585 1159 1714 1195 scilicet
1739 1162 1837 1208 quod

339 1221 520 1268 predictus
543 1221 733 1268 Episcopus
758 1221 801 1254 de
826 1218 993 1254 consensu
1017 1223 1051 1252 et
1073 1217 1204 1252 afl'ensu
1224 1216 1368 1264 capituli
1386 1216 1436 1251 sui
1454 1229 1519 1264 pro
1537 1216 1570 1252 se
1588 1222 1624 1252 et
1641 1217 1835 1254 succeffori-

339 1277 402 1312 bus
429 1278 495 1312 suis
521 1278 682 1325 predicto
705 1277 821 1312 David
844 1281 879 1311 et
903 1275 1092 1310 heredibus
1113 1274 1180 1309 suis
1206 1274 1343 1320 quietas
1369 1273 1533 1309 clamavit
1559 1274 1596 1309 in
1622 1282 1834 1323 perpetuum

338 1335 586 1370 advocationes
617 1333 838 1370 ecclesiarum
867 1334 910 1368 de
937 1333 1017 1380 Effy
1044 1338 1079 1367 et
1106 1332 1150 1367 de
1174 1331 1265 1367 Glas
1289 1350 1297 1359 ·
1320 1336 1356 1366 et
1375 1331 1460 1366 duas
1480 1331 1640 1367 dimidias
1659 1333 1834 1370 dauachas

338 1398 430 1427 terre
451 1393 555 1439 juxta
581 1393 716 1427 easdem
744 1390 900 1427 ecclefias
926 1403 1011 1437 quas
1037 1395 1206 1436 tanquam
1228 1389 1272 1424 ad
1297 1389 1410 1424 di&as
1432 1387 1589 1424 ecclesias
1614 1390 1834 1437 pertinentes

337 1450 428 1484 idem
438 1450 627 1497 Episcopus
639 1449 845 1485 vendicabat
861 1468 868 1476 ·
889 1449 980 1484 Item
992 1447 1173 1482 dimidiam
1185 1447 1380 1482 dauacham
1393 1452 1488 1482 terre
1500 1447 1593 1494 apud
1608 1447 1784 1496 Dunbulg
1798 1454 1833 1484 et

338 1507 438 1541 aliam
460 1507 637 1542 dimidiam
658 1507 849 1542 dauacham
869 1506 961 1554 apud
982 1505 1140 1553 Cumery
1169 1524 1177 1532 ·
1203 1517 1289 1552 quas
1306 1511 1460 1551 quatuor
1479 1504 1640 1539 dimidias
1658 1505 1833 1542 dauachas

338 1570 431 1599 terre
454 1564 569 1598 dietus
591 1564 778 1612 Episcopus
797 1564 840 1599 de
865 1563 1032 1599 consensu
1061 1562 1205 1610 capituli
1232 1562 1281 1597 sui
1309 1562 1407 1597 (1ίᾶὶο
1434 1562 1555 1597 David
1583 1567 1618 1598 et
1644 1562 1832 1599 heredibus

342 1620 407 1655 suis
426 1627 590 1667 tanquam
606 1621 736 1668 laycaie
755 1621 898 1656 feodum
918 1621 1016 1655 suum
1035 1620 1170 1667 quietas
1188 1620 1353 1655 clamavit
1367 1619 1434 1654 suis
1448 1625 1484 1654 et
1497 1620 1669 1654 heredum
1688 1620 1831 1656 suorum

339 1676 454 1712 usibus
478 1678 696 1725 deputandas
727 1698 735 1705 ·
768 1678 867 1713 salvis
892 1678 1033 1725 utrique
1057 1678 1300 1725 predictarum
1328 1675 1549 1712 ecclefiarum
1576 1678 1667 1712 tofto
1692 1691 1831 1726 compe-

339 1735 426 1770 tenti
446 1741 481 1770 et
499 1736 612 1770 crosto
631 1736 734 1770 unius
752 1749 831 1770 acre
847 1755 854 1762 ·
871 1741 905 1770 et
919 1735 1165 1770 communibus
1183 1734 1402 1783 ayiiamentis
1419 1735 1463 1769 ad
1481 1734 1659 1782 predictas
1673 1734 1830 1772 ecelefias

332 1791 423 1839 juste
441 1792 697 1839 pertinentibus
732 1811 740 1820 ·
778 1793 963 1827 Predffi'cus
980 1806 1065 1828 vero
1084 1793 1204 1828 David
1223 1792 1357 1839 quietas
1375 1792 1539 1827 clamavit
1557 1797 1592 1827 et
1610 1791 1775 1828 concessit
1792 1793 1830 1829 in

339 1855 548 1896 perpetuum
577 1850 738 1897 predicto
768 1850 938 1897 Episcopo
969 1855 1003 1885 et
1034 1850 1279 1886 s11ccefforib11s
1303 1850 1370 1884 suis
1393 1849 1644 1885 advocationes
1668 1850 1829 1886 omnium

338 1906 486 1941 aliarum
506 1906 725 1942 ecclesiarum
744 1907 780 1941 in
799 1907 903 1942 feodo
922 1908 981 1942 suo
1001 1908 1044 1943 de
1063 1907 1318 1955 Strathbolgyn
1337 1906 1559 1942 existentium
1590 1926 1599 1935 ·
1630 1920 1772 1943 necnon
1793 1914 1829 1943 et

338 1976 459 1999 omues
484 1970 593 1999 terras
611 1965 654 1999 ad
674 1965 808 1999 easdem
828 1963 983 1999 ecclesias
1004 1965 1221 2012 pertinentes
1240 1978 1303 2013 per
1327 1965 1402 2000 suas
1420 1965 1536 2000 rectas
1553 1964 1676 2000 divisas
1694 1970 1730 2000 et
1747 1977 1826 2000 cum

337 2021 500 2055 omnibus
512 2021 611 2069 justis
629 2022 852 2069 pertinenciis
870 2022 935 2056 suis
962 2042 970 2049 ·
998 2023 1124 2058 scilicet
1142 2023 1322 2058 dimidiam
1341 2022 1535 2058 dauacham
1554 2022 1647 2069 apud
1666 2022 1799 2070 Rynyn
1818 2042 1826 2050 ·

339 2078 518 2113 dimidiam
538 2079 730 2114 dauacham
745 2079 838 2126 apud
856 2079 982 2127 Kynor
995 2099 1003 2107 ·
1016 2080 1194 2115 dimidiam
1210 2080 1404 2115 dauacham
1423 2079 1518 2127 apud
1536 2078 1743 2114 Dunbanan
1755 2098 1763 2107 ·
1778 2079 1828 2115 di-

339 2135 480 2170 midiam
496 2136 686 2171 dauacham
702 2137 794 2183 apud
804 2136 980 2184 Butharry
994 2156 1001 2164 ·
1018 2137 1197 2172 dimidiam
1210 2137 1404 2173 dauacham
1416 2137 1509 2185 apud
1518 2136 1690 2171 Rothuan
1705 2155 1713 2163 ·
1729 2136 1828 2171 dimi-

340 2191 432 2227 diam
452 2193 644 2228 dauacham
662 2194 754 2241 apud
774 2193 1025 2241 Drumdalgyn
1045 2213 1052 2221 ·
1072 2194 1248 2230 habendas
1267 2200 1303 2230 et
1320 2194 1493 2230 tenendas
1511 2192 1570 2228 fibi
1585 2198 1620 2229 et
1634 2193 1829 2229 successori-

339 2248 402 2284 bus
421 2249 487 2285 suis
505 2250 541 2285 in
560 2250 704 2286 liberam
727 2264 851 2299 puram
869 2256 905 2286 et
922 2256 1128 2299 perpetuam
1147 2251 1371 2288 elemosinam
1386 2271 1394 2280 ·
1407 2252 1445 2287 in
1462 2250 1565 2286 bosco
1583 2256 1619 2286 et
1636 2250 1742 2299 plano
1762 2269 1770 2279 ·
1791 2251 1828 2286 in
