1912 2660
171 1075 216 1114 17

253 50 326 90 470
727 45 907 83 CARTE
933 45 1276 83 ORIGINALES.

254 147 299 182 de
318 145 481 183 moravia
498 149 534 180 et
551 144 702 181 heredes
720 144 770 180 sui
788 145 845 180 vel
864 143 1023 192 aflignati
1047 145 1149 182 liberi
1175 144 1241 180 fint
1266 144 1310 180 ab
1336 144 1501 180 omnibus
1527 144 1629 180 seffls
1655 146 1753 182 curie

256 204 383 241 wardis
410 208 446 239 et
469 202 610 239 releviis
635 208 672 239 et
697 202 837 239 auxiliis
863 216 932 250 que
954 216 976 238 a
997 216 1054 239 me
1078 208 1113 239 et
1136 202 1325 238 heredibus
1346 202 1434 237 meis
1451 202 1571 249 aliquo
1592 208 1751 251 tempore

253 262 348 309 exigi
365 266 537 309 poterunt
554 274 620 309 pro
635 260 799 309 predicto
814 261 961 296 denario
975 261 1113 309 prefato
1127 260 1282 296 termino
1296 259 1481 295 annuatim
1494 260 1729 308 persolvendo
1742 281 1751 289 ·

256 319 301 354 In
327 319 428 355 cuius
454 318 507 355 rei
534 318 773 354 testimonium
798 318 951 366 presenti
975 318 1103 366 scripto
1122 316 1273 365 figillum
1291 330 1412 353 meum
1430 318 1575 366 apposui
1590 337 1598 346 ·
1618 323 1654 354 et
1671 318 1754 365 quia

256 376 406 424 sigillum
432 389 553 413 meum
572 389 648 412 non
666 376 714 412 est
731 376 809 411 satis
835 380 964 411 notum
985 374 1137 422 sigillum
1155 374 1367 411 venerabilis
1384 375 1494 423 patris
1513 375 1649 411 domini
1668 375 1754 410 Wil-

252 434 350 470 lelini
383 434 457 470 Dei
486 435 602 482 gratia
633 431 897 469 Dunblanenfis
932 433 1084 480 episcopi
1117 433 1271 480 presenti
1305 433 1433 481 scripto
1467 433 1513 468 ad
1547 433 1752 470 instanciam

253 505 369 528 meam
387 492 517 541 apponi
540 491 730 540 procuravi
746 510 754 518 ·
782 490 865 525 Hiis
883 489 1025 525 testibus
1040 509 1048 517 ·
1069 490 1215 525 domino
1237 490 1397 538 Hugone
1423 490 1548 526 abbate
1573 490 1618 526 de
1641 491 1754 527 insula

254 550 432 586 missarum
453 569 461 577 ·
485 549 633 585 domino
655 548 821 585 Johanne
846 547 971 582 abbate
996 547 1040 582 de
1063 547 1378 596 Chambuskyneth
1397 567 1405 576 ·
1428 547 1592 596 magistro
1611 548 1754 584 Thoma

254 608 390 643 decano
409 605 656 643 Dunblanenfi
676 625 684 633 ·
711 605 858 641 domino
878 604 1061 640 Willelmo
1080 605 1124 640 de
1144 605 1350 641 Rothewan
1368 624 1377 633 ο
1403 605 1550 641 domino
1569 605 1690 641 David
1709 606 1753 642 de

253 665 430 713 Berkeley
444 684 453 692 ·
472 664 643 699 militibus
658 683 666 691 ·
688 662 809 698 Alauo
828 663 872 698 de
894 661 1049 709 Kynbuc
1069 681 1077 690 ·
1098 662 1230 698 Colino
1248 663 1322 698 filio
1337 662 1552 711 Gylleglaffe
1568 682 1576 691 ·
1596 663 1751 700 monach

252 722 432 771 macAlpy
451 742 459 750 ·
480 722 626 757 domino
646 720 821 758 michaele
840 719 1025 768 capellano
1042 739 1050 748 ·
1070 720 1265 756 malcolmo
1284 721 1328 757 de
1347 720 1579 757 VVterardore
1597 721 1726 757 clerico
1741 740 1749 749 ·

253 786 289 816 et
307 780 428 816 multis
446 779 522 815 aliis
537 798 546 807 ·

254 954 387 997 Quieta
404 951 570 989 clamatio
588 950 743 988 Comitis
762 969 771 979 ·

253 1068 432 1105 Omnibus
458 1068 526 1103 hoc
551 1067 721 1115 scriptum
744 1065 869 1101 visuris
887 1065 945 1101 vel
963 1065 1139 1102 audituris
1157 1064 1322 1103 malefius
1345 1078 1463 1103 comes
1490 1067 1534 1103 de
1559 1067 1754 1105 Stradhern

252 1132 412 1162 eternam
424 1126 462 1161 in
468 1125 631 1161 Domino
644 1124 792 1159 salutem
804 1142 812 1151 ·
832 1123 988 1160 Noverit
999 1123 1207 1160 vniuerfitas
1218 1123 1331 1160 vestra
1341 1125 1438 1172 quod
1449 1125 1678 1162 concedimus
1688 1139 1753 1175 pro

252 1184 354 1219 nobis
372 1189 408 1219 et
425 1182 616 1219 heredibus
639 1181 767 1217 nostris
788 1181 885 1228 quod
903 1194 979 1217 non
996 1181 1189 1218 habeamus
1201 1181 1262 1230 jus
1280 1182 1435 1218 habendi
1451 1195 1568 1230 neque
1591 1185 1753 1232 pretendi

252 1241 398 1288 aliquod
411 1240 600 1277 seruicium
615 1239 659 1275 de
674 1239 822 1275 domino
835 1239 1018 1275 Willelmo
1034 1239 1078 1275 de
1089 1240 1254 1276 (Doravia
1267 1239 1331 1275 nifi
1344 1240 1556 1277 forinsecum
1566 1241 1752 1278 seruicium

253 1299 480 1335 Scoticanum
495 1297 631 1334 domini
647 1297 759 1345 Regis
772 1297 810 1332 in
824 1309 896 1345 quo
909 1297 1012 1333 nobis
1026 1302 1170 1334 tenetur
1184 1298 1228 1334 de
1242 1298 1346 1334 terris
1359 1311 1446 1346 quas
1460 1298 1504 1335 de
1518 1299 1619 1335 nobis
1634 1305 1732 1336 tenet
1743 1319 1752 1329 ·

253 1356 301 1392 Et
318 1356 492 1392 secui-sum
511 1369 552 1392 ac
566 1355 738 1391 auxilium
753 1355 852 1402 quod
865 1355 967 1391 nobis
979 1355 1019 1390 in
1034 1354 1236 1392 defenfione
1250 1356 1353 1403 regni
1366 1369 1430 1403 per
1443 1357 1644 1405 potenciam
1658 1358 1753 1394 suam

253 1414 513 1462 armigerorum
532 1425 708 1461 equorum
734 1418 770 1449 et
795 1425 979 1449 armorum
1001 1413 1085 1449 fecit
1103 1426 1148 1450 ex
1165 1414 1278 1450 libera
1293 1414 1481 1451 voluntate
1508 1415 1568 1451 sua
1590 1415 1692 1451 nobis
1710 1429 1754 1453 ex

254 1477 382 1507 mutuo
401 1470 567 1508 conceflit
586 1490 594 1500 ·
624 1471 748 1514 Quare
765 1470 934 1508 volumus
952 1476 988 1507 et
1005 1471 1236 1508 concedimus
1253 1485 1318 1521 per
1335 1472 1475 1520 presens
1499 1473 1666 1522 scriptum
1687 1487 1752 1523 pro

254 1529 357 1564 nobis
375 1534 410 1565 et
427 1529 618 1565 heredibus
635 1528 761 1564 nostris
788 1529 885 1577 quod
911 1529 1001 1565 illud
1025 1529 1198 1566 auxilium
1224 1543 1300 1566 non
1325 1529 1366 1566 fit
1391 1531 1626 1580 prejudicium
1654 1532 1751 1568 dieto

256 1587 402 1622 domino
415 1586 597 1623 Willelmo
616 1587 660 1623 de
678 1587 844 1624 moravia
860 1600 927 1623 nec
944 1587 1135 1624 heredibus
1152 1588 1220 1624 suis
1237 1588 1275 1623 in
1292 1588 1471 1636 posterum
1487 1608 1496 1616 ·
1519 1588 1564 1624 In
1582 1589 1682 1625 cuius
1700 1590 1752 1626 rei

254 1643 494 1680 testimonium
519 1644 673 1692 presenti
699 1645 829 1693 scripto
854 1644 1006 1693 sigillum
1031 1645 1192 1682 nostrum
1215 1646 1441 1695 apposuimus
1459 1665 1467 1674 ·
1497 1646 1637 1682 Datum
1655 1647 1749 1695 apud

256 1702 399 1750 mothyvl
425 1702 482 1737 die
508 1702 631 1738 martis
657 1703 822 1751 proxima
847 1703 923 1752 post
950 1703 1098 1740 oaobas
1124 1703 1198 1740 festi
1221 1704 1477 1753 purificationis
1505 1704 1607 1740 beate
1635 1706 1750 1742 marie

255 1758 404 1808 virginis
421 1772 516 1795 anno
534 1760 647 1808 gratie
665 1765 791 1798 so⁰·cc⁰.
810 1760 1037 1810 nonagesimo
1055 1762 1203 1811 septimo
1221 1782 1231 1791 ·

260 1932 370 1970 Carta
387 1933 431 1969 de
450 1933 676 1982 Tulibardyn
694 1934 776 1970 data
793 1934 975 1971 Willelmo
993 1935 1068 1972 filio
1087 1935 1236 1973 Andree
1254 1936 1298 1973 de
1316 1936 1480 1973 moravia
1493 1955 1502 1964 ·

181 2055 225 2087 18
261 2047 441 2085 Omnibus
466 2048 558 2085 hanc
584 2055 718 2085 cartam
744 2049 869 2085 visuris
894 2050 952 2086 vel
978 2051 1152 2087 audituris
1179 2050 1339 2088 Malifius
1365 2064 1483 2088 comes
1507 2051 1550 2087 de
1570 2051 1754 2088 Strathern

261 2106 408 2142 salutem
426 2106 464 2142 in
482 2107 643 2143 Domino
662 2107 910 2155 sempiternam
926 2127 935 2135 ·
956 2107 1079 2144 Sciatis
1096 2122 1163 2144 nos
1181 2109 1311 2145 dediffe
1328 2108 1525 2146 conceffifl'e
1543 2114 1579 2145 et
1596 2109 1661 2145 hac
1678 2122 1754 2158 pre-

261 2164 349 2201 senti
363 2169 459 2200 carta
476 2163 593 2200 nostra
611 2165 831 2202 confirmasse
843 2165 1025 2202 Willelmo
1041 2166 1084 2202 de
1099 2167 1263 2205 moravia
1275 2167 1350 2204 filio
1363 2167 1511 2204 Andree
1530 2167 1574 2203 de
1593 2168 1755 2204 moravia
