2060 2660
64 1149 134 1186 162

553 189 869 225 REGISTRUM
897 189 1258 228 MORAVIENSE.
1575 199 1645 234 189

157 305 235 327 mus
253 296 288 326 et
302 288 533 329 *concedimus
551 293 592 323 ut
610 288 827 323 reverendus
842 293 942 336 pater
961 288 1142 335 predictus
1160 293 1195 323 et
1213 288 1418 325 succefl'ores
1437 291 1486 326 sui
1504 293 1648 327 nomine

158 347 297 386 ecclefie
318 347 377 382 sue
401 343 631 383 moravienfis
655 345 855 393 supradicte
878 345 1030 392 prefatas
1049 350 1160 379 terras
1178 350 1324 381 teneant
1341 352 1376 382 et
1394 347 1587 394 poflideant
1605 350 1648 385 de

158 413 276 443 cetero
303 409 339 440 et
363 404 505 452 plenam
533 409 568 438 et
594 403 741 438 liberam
767 401 1025 451 dispofitionem
1054 403 1091 437 in
1117 408 1329 450 perpetuum
1354 404 1506 440 habeant
1529 406 1571 441 de
1593 407 1652 442 eis-

159 465 238 500 dem
257 461 328 498 fine
346 474 558 509 quacunque
577 461 783 495 conditione
807 466 869 495 aut
892 460 1126 508 occupatione
1144 459 1253 495 nostri
1271 460 1328 495 vel
1346 460 1545 497 nostrorum
1565 482 1572 490 ·
1603 464 1652 497 in-

158 521 318 556 hibentes
349 519 526 554 officiariis
556 518 682 553 nostris
713 523 748 553 et
776 518 1042 565 quibuscunque
1073 518 1149 552 aliis
1176 531 1222 553 ne
1250 518 1429 564 predictas
1458 524 1569 554 terras
1597 520 1654 555 vel

157 579 309 625 aliquam
338 590 459 612 earum
487 581 624 624 partem
650 581 826 624 occupent
849 575 907 611 vel
932 575 1134 623 predictum
1158 575 1343 611 dominum
1366 575 1575 623 Episcopum
1595 582 1655 611 aut

157 636 235 672 suos
258 635 377 682 aliquo
398 634 507 669 modo
526 633 736 681 perturbent
753 634 839 681 quin
858 646 924 681 pro
942 633 1042 668 libito
1061 633 1122 668 suo
1141 631 1244 681 poffit
1261 646 1324 681 per
1342 633 1375 668 se
1393 633 1450 668 vel
1469 633 1656 668 officiarios

159 694 236 728 suos
262 692 372 728 libere
400 692 584 739 disponere
612 691 655 726 de
683 691 812 726 eisdem
841 696 876 726 et
903 691 971 725 illis
996 691 1048 726 uti
1077 696 1246 738 tanquam
1272 690 1338 726 suis
1357 710 1366 718 ·
1405 690 1449 726 In
1478 690 1577 738 cujus
1604 691 1655 725 rei

160 750 398 786 testimonium
426 748 577 797 figillum
605 748 764 784 nostrum
795 748 1015 796 presentibus
1046 748 1094 784 est
1123 748 1314 796 appensum
1345 767 1353 776 ·
1395 748 1531 784 Datum
1563 748 1657 796 apud

160 808 345 844 Ruthwen
371 808 408 842 in
435 807 468 842 le
496 806 685 842 Badenach
711 805 874 842 vicesimo
901 806 1031 842 octavo
1056 806 1112 842 die
1136 805 1261 842 menfis
1279 805 1450 842 octobris
1468 819 1563 841 anno
1583 805 1658 841 Do-

160 866 246 901 mini
266 869 424 902 ·‹o⁰·ccc⁰·
445 863 662 912 ofitogefimo
679 864 796 910 primo
816 883 823 891 ·

164 1038 346 1074 Affedatio
366 1038 409 1073 de
430 1037 652 1073 Ratmurkus
670 1038 764 1074 facta
782 1038 929 1073 domino
950 1037 1161 1073 Alexandro
1181 1038 1368 1074 Senescalli
1383 1057 1390 1066 ·

164 1153 344 1190 Omnibus
362 1153 430 1188 hoc
448 1153 615 1201 scriptum
635 1153 759 1188 visuris
776 1154 833 1189 vel
852 1153 1026 1189 audituris
1041 1152 1250 1188 Alexander
1264 1153 1336 1188 Dei
1350 1154 1464 1201 gratia
1482 1154 1662 1202 episcopus

165 1209 394 1248 moraviensis
421 1210 565 1246 salutem
591 1211 627 1245 in
651 1211 813 1246 Domino
837 1211 1085 1259 sempiternam
1105 1230 1113 1238 ·
1141 1211 1321 1246 Noverint
1346 1210 1498 1246 universi
1524 1225 1590 1247 nos
1620 1212 1663 1247 de

168 1269 353 1305 voluntate
380 1274 416 1303 et
442 1268 602 1303 unanimi
630 1268 797 1304 consensu
818 1269 956 1304 Dec-ani
975 1274 1011 1303 et
1028 1268 1173 1316 capituli
1194 1268 1302 1303 nostri
1322 1287 1330 1295 ·
1349 1269 1503 1304 utilitate
1522 1269 1663 1305 ecclefie

166 1326 282 1362 nostre
301 1326 443 1374 pensata
458 1345 466 1353 ·
482 1326 602 1361 habito
617 1326 714 1374 prius
733 1326 834 1375 super
851 1327 919 1361 hoc
939 1326 1101 1373 diligenti
1119 1327 1274 1361 tractatu
1294 1326 1331 1360 in
1349 1326 1505 1374 capitulo
1524 1327 1641 1363 nostro
1655 1348 1663 1355 ·

167 1384 296 1419 dediffe
323 1382 519 1419 eonceffiffe
550 1389 586 1419 et
616 1384 660 1419 ad
688 1384 827 1419 firmam
859 1382 1017 1419 dimififfe
1044 1389 1079 1419 et
1109 1384 1178 1419 hoc
1205 1383 1357 1432 presenti
1385 1384 1514 1433 scripto
1545 1385 1664 1420 nostro

167 1442 386 1477 confirmasse
410 1441 521 1476 nobili
546 1442 692 1476 domino
720 1447 755 1477 et
781 1442 918 1488 potenti
944 1442 1089 1477 domino
1110 1441 1320 1477 Alexandro
1338 1441 1524 1477 senescalli
1543 1443 1665 1478 comiti

168 1500 351 1535 Buchanie
377 1505 412 1534 et
438 1499 577 1534 duobus
600 1500 790 1535 heredibus
813 1500 881 1535 suis
905 1500 949 1535 de
974 1513 1123 1548 corpore
1147 1500 1209 1535 suo
1235 1500 1392 1547 legitime
1415 1501 1665 1546 procreandis·

166 1564 278 1593 totam
308 1563 440 1592 terram
472 1556 625 1592 nostram
654 1558 699 1593 de
727 1557 968 1592 Ratmorchus
995 1557 1162 1593 videlicet
1191 1558 1249 1593 sex
1280 1558 1426 1593 dauatas
1456 1563 1551 1593 terre
1581 1571 1667 1605 quas

165 1616 336 1650 habemus
354 1615 391 1649 in
411 1615 565 1660 Stratspe
590 1620 626 1650 et
647 1615 680 1650 le
700 1615 889 1651 Badenach
913 1615 1004 1650 infra
1021 1615 1307 1651 vicecomitatum
1331 1615 1375 1650 de
1395 1615 1562 1651 Inuernis
1586 1629 1667 1651 cum

165 1672 331 1708 omnibus
357 1672 424 1707 suis
445 1672 546 1720 justis
570 1673 794 1719 pertinentiis
817 1673 1130 1708 commoditatibus
1148 1671 1368 1721 ayfiamentis
1386 1673 1431 1708 ad
1449 1673 1582 1708 dictam
1601 1679 1669 1709 ter-

167 1744 242 1766 ram
278 1730 540 1776 pertinentibus
571 1730 630 1765 seu
661 1731 840 1779 pertinere
872 1730 1075 1766 valentibus
1103 1730 1371 1778 quomodolibet
1402 1731 1439 1766 in
1470 1731 1630 1766 futurum
1661 1752 1668 1759 ·

166 1788 339 1824 tenendas
367 1793 403 1823 et
431 1787 611 1823 habendas
640 1788 737 1824 dicto
767 1789 913 1823 domino
937 1788 1148 1824 Alexandro
1174 1794 1210 1824 et
1233 1788 1337 1824 dictis
1366 1788 1505 1824 duobus
1534 1789 1670 1825 heredi-

129 1853 131 1855 '
170 1847 235 1882 bus
248 1846 316 1881 suis
335 1846 379 1881 de
398 1858 549 1894 corpore
564 1846 625 1881 suo
640 1846 798 1894 legitime
816 1847 1048 1894 procreandis
1062 1846 1106 1882 de
1120 1846 1222 1881 nobis
1236 1851 1272 1882 et
1285 1846 1532 1881 successoribus
1546 1846 1670 1882 nostris

171 1904 342 1950 episcopis
362 1903 642 1940 moraviensibus
660 1905 750 1940 adeo
769 1904 880 1939 libere
898 1903 984 1939 ficut
1002 1917 1067 1939 nos
1082 1904 1214 1940 dictam
1229 1909 1361 1939 terram
1377 1904 1420 1940 de
1435 1903 1581 1940 domino
1595 1905 1671 1940 nos-

172 1968 228 1997 tro
254 1961 356 2009 Rege
382 1962 420 1996 in
448 1961 559 1997 libera
584 1961 711 1997 foresta
736 1967 899 1997 tenemus
926 1962 984 1997 vel
1011 1961 1224 2010 poffidemus
1243 1981 1251 1990 ·
1280 1962 1443 1997 faciendo
1461 1962 1545 1998 inde
1563 1962 1670 1997 forin-

173 2020 288 2055 secum
307 2020 491 2055 servicium
512 2020 648 2055 domini
666 2019 774 2055 nostri
790 2020 901 2067 Regis
916 2040 923 2048 ·
943 2020 1106 2055 faciendo
1120 2020 1222 2055 nobis
1235 2025 1271 2055 et
1285 2020 1532 2055 successoribus
1546 2020 1670 2055 nostris

170 2077 329 2124 quolibet
355 2091 450 2113 anno
478 2083 549 2113 tres
575 2078 686 2113 sectas
713 2078 758 2113 ad
786 2078 920 2113 curiam
950 2077 1101 2113 nostram
1121 2077 1306 2124 capitalem
1326 2078 1419 2126 apud
1440 2078 1603 2113 Bruneth
1621 2084 1670 2113 te-

172 2135 306 2171 nendas
325 2155 333 2163 ·
363 2135 469 2171 Salvo
494 2135 597 2170 nobis
625 2142 661 2171 et
688 2135 937 2171 successoribus
957 2135 1083 2171 nostris
1101 2136 1270 2182 episcopis
1288 2135 1566 2172 moraviensibus
1583 2136 1668 2170 nido

173 2193 229 2228 vel
247 2193 339 2228 nidis
358 2194 573 2240 aucipitrum
595 2192 619 2228 fi
641 2198 676 2229 et
697 2199 786 2241 quot
808 2194 900 2229 infra
925 2194 1124 2242 predictam
1150 2199 1282 2229 terram
1309 2193 1464 2228 nostram
1488 2193 1663 2228 nidificare

174 2251 363 2298 contigerit
383 2271 390 2278 ·
420 2251 619 2300 Adjectum
647 2251 695 2287 est
720 2257 883 2299 preterea
904 2252 1000 2299 quod
1022 2252 1206 2300 predifi‘ms
1224 2251 1390 2287 dominus
1409 2250 1615 2286 Alexander
1633 2254 1665 2284 et

175 2308 246 2344 duo
265 2309 413 2344 heredes
436 2309 486 2344 sui
510 2309 658 2357 legitimi
684 2310 882 2357 predictam
910 2315 1042 2345 terram
1069 2309 1113 2345 de
1140 2309 1355 2345 Ratmorcus
1381 2308 1591 2344 sufficienter
1618 2307 1667 2341 in-
