2060 2660
546 201 859 239 REGISTRUM
888 202 1248 241 MORAVIENSE.
1565 211 1634 245 963

150 302 255 338 fuerit
285 300 450 336 ordinare
476 319 484 327 ·
524 299 572 335 Et
600 300 695 336 idem
728 300 923 335 Precentor
953 301 1208 337 dimidietatem
1240 304 1466 351 expensarum
1496 308 1631 343 eosdem

150 365 311 394 cantores
332 358 368 392 in
388 357 485 393 dieta
502 356 622 392 tabula
640 357 804 393 scribenti
822 358 859 392 in
877 358 1028 405 pecunia
1045 358 1179 394 solvere
1198 360 1302 395 debet
1321 380 1329 388 ·
1357 361 1404 396 Et
1422 362 1465 396 ad
1484 365 1634 399 eundem

150 416 401 451 Precentorem
419 414 574 463 pertinet
592 427 785 463 puerorum
810 414 847 449 in
871 415 981 450 choro
1004 416 1099 451 dicte
1122 415 1261 452 ecclesie
1278 417 1458 453 instructio
1477 420 1512 454 in
1531 428 1635 456 cantu

149 478 185 508 et
202 472 398 508 eorundem
417 472 598 520 disciplina
616 491 624 499 ·
659 472 774 507 Etiam
796 472 953 520 prefatus
973 472 1168 508 Precentor
1185 479 1328 509 tenetur
1346 474 1453 510 scolas
1471 483 1636 512 cantuum

148 529 239 565 infra
257 530 352 565 diete
367 528 507 565 ecclefie
526 528 716 576 collegium
736 530 903 565 ordinare
919 549 927 557 ·
947 535 983 565 et
1000 543 1112 565 unum
1131 530 1248 565 virum
1266 530 1435 566 idoneum
1454 533 1497 567 ad
1513 534 1638 580 guber·

148 587 306 622 nandum
330 592 366 622 et
389 587 588 634 regendum
607 586 744 622 easdem
764 592 800 622 et
817 587 862 622 ad
881 600 939 622 eas
957 587 1141 623 venientes
1159 587 1311 636 juvenes
1338 594 1373 623 et
1399 589 1485 624 alios
1512 591 1638 626 docen-

149 644 234 679 dum
260 643 503 679 instruendum
528 649 564 679 et
587 644 625 678 in
648 649 754 679 cantu
781 650 816 679 et
837 644 976 680 le&ura
994 644 1257 680 informandum
1278 645 1447 693 deputare
1466 652 1501 682 et
1519 648 1639 683 consti-

147 707 248 737 tuere
267 721 276 729 ·
303 701 350 736 Et
371 701 452 737 ideo
475 701 681 736 ordinamus
706 706 742 737 et
766 701 948 737 statuimus
972 702 1069 748 quod
1093 702 1210 737 dietus
1233 702 1427 738 Precentor
1454 704 1497 739 de
1521 711 1638 740 cetero

148 758 348 806 hujusmodi
373 764 536 794 cantores
562 759 598 793 in
622 759 719 794 dieta
741 759 863 794 tabula
880 764 988 807 prout
1006 772 1095 807 opus
1112 759 1220 795 fuerit
1237 760 1379 795 ordinet
1398 780 1405 788 ·
1431 767 1467 796 et
1485 762 1640 797 dimidie-

148 821 257 851 tatem
277 816 507 864 expensarum
527 816 666 852 eosdem
685 816 723 851 in
742 817 865 852 eadem
884 816 1047 852 scribenti
1066 817 1103 851 in
1120 817 1271 865 pecunia
1288 818 1462 865 persolvat
1481 838 1489 845 ·
1513 831 1640 866 pueros

149 873 248 908 chori
266 874 302 908 in
321 880 429 909 cantu
446 873 594 909 instruat
613 880 647 909 et
666 874 862 922 disciplinet
880 874 1019 910 eosdem
1039 894 1047 901 ·
1076 887 1116 909 ac
1134 874 1241 910 scolas
1259 880 1427 910 cantuum
1455 875 1546 910 infra
1572 876 1640 911 dic-

149 936 225 965 tum
245 931 436 978 collegium
455 931 598 966 ordinet
617 950 625 958 ·
653 944 693 966 ac
715 944 828 966 unum
850 931 1030 979 ydoneum
1049 932 1167 966 virum
1191 932 1236 966 ad
1260 931 1347 979 ipsas
1369 933 1640 979 gubernandum

150 995 185 1023 et
207 988 405 1035 regendum
427 1001 468 1023 ac
492 988 676 1023 venientes
702 994 743 1023 ut
768 989 987 1036 premittitur
1011 989 1056 1024 ad
1080 988 1156 1023 illas
1181 988 1380 1024 docendum
1399 989 1640 1025 instruendum

150 1050 186 1080 et
203 1045 240 1079 in
258 1050 366 1080 cantu
384 1051 419 1080 et
437 1045 575 1080 leetura
593 1045 858 1081 informandum
877 1046 1024 1094 deputet
1043 1051 1078 1081 et
1096 1046 1237 1081 ordinet
1255 1046 1361 1093 inque
1376 1047 1500 1082 eodem
1520 1047 1642 1082 consti-

150 1108 227 1137 tuat
245 1115 326 1138 cum
346 1102 476 1138 effeetu
496 1129 504 1138 .

153 1217 245 1252 Item
269 1217 451 1253 statuimus
478 1223 513 1253 et
539 1218 745 1253 ordinamus
769 1217 864 1265 quod
889 1217 1050 1263 prediEte
1069 1217 1209 1253 ecclefie
1229 1217 1461 1253 Moravienfis
1480 1220 1640 1254 canonici

151 1275 359 1322 prebendati
382 1275 622 1310 ebdomadarii
647 1275 682 1310 in
707 1275 871 1310 omnibus
889 1274 980 1310 festis
998 1275 1196 1322 duplicibus
1215 1275 1252 1309 in
1270 1275 1405 1323 prefata
1422 1275 1562 1311 ecclefia
1579 1289 1642 1324 per

151 1332 183 1367 se
202 1332 431 1380 personaliter
448 1332 607 1380 vesperas
626 1352 634 1359 ·
654 1333 845 1367 matutinas
860 1351 868 1359 ·
889 1337 924 1367 et
942 1345 1105 1379 magnam
1126 1332 1257 1367 miffam
1277 1351 1284 1359 ·
1304 1332 1478 1379 legittimo
1497 1333 1642 1380 impedi-

152 1395 273 1424 mento
297 1389 445 1424 cessante
469 1387 614 1424 viciffim
638 1389 818 1425 celebrent
837 1408 844 1416 ·
871 1395 906 1424 et
924 1389 1048 1424 eodem
1069 1389 1176 1424 modo
1195 1394 1365 1424 notentur
1384 1389 1420 1423 in
1439 1389 1558 1424 tabula
1577 1410 1585 1417 ·
1606 1396 1641 1425 et

151 1447 248 1493 quod
274 1447 436 1482 canonici
459 1446 694 1494 prebendati·
721 1446 917 1482 sacerdotes
936 1466 944 1474 ·
971 1446 1111 1482 diaconi
1137 1451 1171 1481 et
1195 1445 1396 1481 subdiaconi
1424 1446 1578 1494 ejusdem
1601 1460 1641 1481 ac

152 1516 275 1538 omnes
299 1504 348 1538 illi
375 1504 553 1551 prenotati
578 1503 638 1538 sua
664 1504 780 1539 debite
802 1504 917 1539 officia
942 1504 977 1538 in
1004 1504 1100 1539 dieta
1126 1502 1267 1538 ecclefia
1293 1509 1481 1538 exerceant
1505 1509 1539 1538 et
1563 1516 1642 1539 exe-

152 1566 308 1607 quantur
325 1580 333 1588 ·
359 1567 395 1596 et
419 1574 543 1596 eorum
562 1560 709 1608 quilibet
726 1561 803 1596 vice
820 1561 880 1596 sua
898 1574 960 1608 per
978 1561 1010 1596 se
1029 1561 1258 1609 personaliter
1283 1560 1476 1607 (legittimo
1498 1560 1644 1606 impedi-

152 1623 273 1653 mento
301 1623 342 1653 ut
369 1618 587 1665 premittitur
616 1617 783 1663 ceffante)
811 1624 918 1666 prout
946 1617 1108 1653 statuitur
1134 1623 1170 1653 et
1197 1617 1383 1652 ordinatur
1407 1617 1444 1651 in
1469 1617 1566 1652 dieto
1591 1631 1644 1653 re-

151 1674 257 1722 gistro
283 1681 446 1710 exerceat
472 1681 508 1710 et
535 1680 730 1722 exequatur
749 1695 756 1703 ·
781 1680 816 1710 et
838 1675 897 1722 qui
922 1675 959 1710 in
984 1675 1052 1710 hoc
1074 1674 1257 1722 negligens
1279 1679 1340 1709 aut
1363 1674 1519 1709 remifl'us
1537 1675 1643 1710 fuerit

152 1737 313 1780 repertus
332 1751 340 1759 ·
360 1732 563 1767 communia
581 1745 661 1767 cum
680 1732 756 1767 aliis
772 1733 951 1768 canonicis
969 1732 1064 1768 dicte
1078 1730 1218 1768 ecclesie
1232 1736 1419 1780 prenotata
1432 1732 1643 1780 perimplen-

152 1789 245 1825 tibus
262 1795 299 1825 et
316 1789 534 1825 servantibus
553 1802 627 1824 non
644 1789 866 1837 participabit
885 1809 893 1817 ·

154 1904 247 1940 Item
281 1904 463 1940 statuimus
499 1910 535 1940 et
569 1904 774 1940 ordinamus
813 1904 909 1951 quod
947 1916 1070 1939 omnes
1107 1902 1270 1938 canonici
1307 1902 1514 1950 prebendati
1549 1903 1642 1939 diere.

152 1960 293 1998 ecclefie
323 1962 369 1997 ad
400 1962 607 1997 continuam
640 1960 866 1997 refidenciam
897 1961 1036 1997 fundati
1066 1966 1102 1996 et
1133 1960 1287 1996 ordinati
1317 1960 1354 1994 in
1386 1960 1508 1995 eadem
1539 1973 1579 1996 ac
1606 1961 1643 1995 in

153 2019 251 2055 ᾱίἇὶο
282 2018 428 2067 registro
459 2019 620 2054 annotati
651 2017 719 2054 five
748 2018 910 2067 descripti
940 2018 1036 2067 apud
1065 2017 1215 2054 eandem
1246 2023 1281 2053 et
1316 2017 1352 2051 in
1383 2030 1424 2052 ea
1452 2017 1642 2053 secundum

152 2076 299 2112 modum
331 2081 367 2111 et
396 2076 547 2111 formam
579 2075 641 2111 eiis
671 2076 709 2110 in
739 2075 864 2111 eodem
898 2076 1021 2111 datum
1052 2080 1088 2111 et
1118 2075 1322 2110 ordinatum
1350 2080 1386 2109 et
1412 2073 1642 2109 sundaciones

153 2134 348 2169 eorundem
375 2132 602 2169 refidenciam
620 2133 750 2169 faciant
768 2133 987 2181 personalem
1006 2132 1067 2169 sub
1084 2132 1185 2181 penis
1202 2131 1286 2167 alias
1303 2131 1406 2179 super
1423 2131 1491 2167 hoc
1509 2131 1640 2167 statutis

153 2196 189 2225 et
205 2191 377 2227 ordinatis
397 2210 405 2219 ·

154 2304 245 2340 Item
275 2304 458 2341 statuimus
483 2311 520 2342 et
545 2306 753 2342 ordinamus
776 2305 872 2353 quod
899 2318 1023 2342 omnes
1046 2310 1082 2341 et
1108 2303 1233 2353 finguli
1257 2303 1418 2340 canonici
1436 2302 1641 2351 prebendati
