1912 2660
202 1515 274 1552 306

317 93 390 130 386
707 91 1023 129 REGISTRUM
1052 90 1417 128 MORAVIENSE.

317 198 437 228 attavo
466 197 502 227 et
531 191 712 228 Edwardo
740 191 871 227 tritavo
898 190 1023 226 nostris
1052 210 1060 219 ·
1090 196 1125 226 et
1150 190 1334 227 Johannes
1361 189 1405 224 de
1432 189 1586 225 Balliolo
1613 191 1673 237 qui
1703 192 1817 228 eidem

318 249 500 285 Edwardo
520 268 528 278 ·
561 251 626 298 [ac
652 249 854 285 Edwardus
880 248 973 283 filius
999 248 1086 283 dieti
1104 247 1279 284 Johannis
1298 247 1340 281 de
1360 246 1516 281 Balliolo
1534 247 1594 294 qui
1613 246 1816 296 Edwardo]

316 307 429 343 tercio
449 320 517 343 avo
536 306 656 343 nostro
674 306 817 355 regibus
836 305 971 353 Anglie
989 305 1055 340 hiis
1073 303 1167 351 quafi
1184 302 1376 338 noviffimis
1395 304 1613 351 temporibus
1631 305 1793 343 fecerunt
1807 327 1815 335 ·

317 365 374 400 die
392 364 477 400 lune
500 364 611 400 ·xxiii·
638 364 696 400 die
720 363 890 412 presentis
908 360 1033 398 mensis
1052 359 1205 408 Augusti
1230 360 1325 407 apud
1343 359 1544 408 Edynburg
1562 381 1570 389 ·
1590 362 1650 398 ubi
1668 368 1756 399 tunc
1773 365 1817 400 ob

316 422 408 458 hanc
428 422 567 458 causam
586 427 622 458 et
640 422 746 458 etiam
766 425 913 469 propter
937 431 1058 466 pacem
1084 424 1121 453 et
1142 416 1437 464 tranquillitatem
1463 431 1658 466 regnorum
1684 421 1818 469 Anglie

314 485 352 515 et
369 479 494 515 Scocie
515 479 582 515 effe
600 478 819 514 intendimus
838 495 846 504 ·
869 476 991 511 futuro
1011 474 1160 511 veniatis
1179 493 1187 502 ·
1214 474 1271 509 Ac
1290 487 1353 510 vos
1371 487 1495 511 omnes
1513 476 1668 524 prelatos
1684 484 1721 514 et
1739 492 1817 526 pro-

317 549 416 572 ceres
434 536 535 584 regni
554 536 678 572 Scocie
696 535 740 570 ad
756 534 895 570 eosdem
912 533 1005 568 diem
1021 532 1140 567 locum
1159 537 1195 566 et
1212 532 1334 567 aetum
1353 532 1476 568 venire
1493 533 1628 569 faciatis
1645 554 1654 563 ·
1679 536 1817 572 Certifi·

315 600 435 629 cantes
453 606 517 630 vos
544 599 580 629 et
602 593 694 641 ipsos
719 591 816 639 quod
842 603 916 626 non
943 603 987 625 ex
1013 589 1282 637 presumpcione
1308 589 1366 625 seu
1396 590 1554 626 elacione
1574 593 1692 628 cordis
1708 593 1816 630 nostri

315 651 373 686 sed
397 656 439 686 ut
467 663 531 687 vos
558 650 603 685 ad
633 649 792 685 debitum
819 661 890 695 quo
919 646 1021 682 nobis
1046 646 1178 682 astricffi
1207 646 1284 682 estis
1313 647 1524 683 inducamus
1549 649 1814 696 requificionem

314 708 517 756 hujusmodi
541 707 689 743 facimus
708 712 743 742 et
761 718 825 742 vos
843 709 1004 740 ortamur
1023 723 1031 731 ·
1052 704 1158 739 etiam
1182 703 1389 740 affectantes
1412 705 1509 752 quod
1533 706 1636 741 citius
1654 713 1690 742 et
1707 707 1815 744 liben-

312 766 386 801 cius
404 765 505 801 causa
524 770 559 800 et
574 765 698 812 vigore
717 763 811 798 istius
824 761 942 798 nostre
956 759 1196 809 requificionis
1214 762 1420 810 homagium
1439 768 1475 798 et
1491 763 1698 800 fidelitatem
1714 766 1814 802 nobis

313 822 431 858 debita
455 822 616 858 faceretis
641 834 746 869 quam
775 818 1011 856 contraverfia
1039 824 1075 855 et
1101 818 1296 855 rebellione
1322 820 1358 855 id
1380 820 1601 856 causantibus
1627 823 1672 858 ad
1693 829 1813 860 exten-

312 880 471 916 dendum
502 879 686 915 brachium
717 878 882 926 potencie
908 876 1025 913 nostre
1052 890 1334 925 provocaremur
1354 896 1361 905 ·
1393 877 1438 912 In
1466 878 1658 914 clemencia
1688 880 1812 916 summi

306 938 437 986 judicis
456 937 516 984 qui
534 936 658 972 tribuit
677 935 870 982 unicuique
888 934 985 982 quod
1004 934 1052 970 est
1070 934 1170 970 suum
1185 935 1406 971 confidentes
1419 934 1596 983 speramus
1610 937 1707 984 quod
1720 938 1790 986 ipse
1802 958 1810 966 ·

313 995 434 1031 vestris
460 994 654 1030 rebellione
686 999 721 1029 et
750 992 941 1028 obstinacia
964 991 1272 1040 perseverantibus
1291 1011 1300 1020 ·
1328 992 1372 1028 ad
1398 992 1707 1030 conservacionem
1720 995 1811 1043 juris

308 1052 417 1087 nostri
445 1058 479 1087 et
515 1050 756 1087 confufionem
787 1050 989 1086 emulorum
1026 1055 1061 1085 et
1093 1050 1279 1085 rebellium
1308 1049 1484 1085 vestorum
1515 1051 1552 1086 in
1582 1052 1811 1100 prosperitate

311 1110 440 1156 diriget
458 1109 560 1144 witus
584 1108 721 1143 nostros
740 1127 748 1136 ·
794 1108 840 1143 In
868 1107 969 1155 cujus
997 1108 1048 1142 rei
1076 1107 1315 1143 testimonium
1342 1107 1403 1142 has
1430 1107 1550 1144 literas
1575 1109 1709 1145 nostras
1734 1110 1809 1146 fieri

305 1167 452 1202 fecimus
480 1171 642 1214 patentes
670 1166 765 1214 apud
791 1165 913 1206 villam
941 1165 984 1200 de
1013 1165 1121 1201 Novo
1142 1164 1264 1200 Castro
1289 1164 1391 1212 super
1410 1164 1515 1213 Tyne
1534 1166 1590 1201 die
1609 1167 1666 1202 ·vi·
1687 1167 1810 1204 mensis

311 1224 464 1272 Augusti
484 1237 579 1259 anno
598 1224 701 1271 regni
719 1223 826 1259 nostri
845 1223 961 1271 primo
980 1228 1016 1259 et
1034 1235 1129 1258 anno
1148 1222 1300 1259 Domini
1320 1226 1497 1259 ·(D⁰·cecc⁰·

303 1396 387 1432 Alia
405 1397 508 1446 copia
525 1397 627 1433 litere
645 1395 802 1445 ejusdem
823 1395 977 1434 Henrici
993 1416 1000 1425 ·

306 1512 486 1548 Henricus
515 1512 587 1548 Dei
619 1513 739 1561 gracia
768 1512 850 1549 Rex
880 1512 1016 1560 Anglie
1043 1517 1110 1549 etc·
1138 1511 1308 1548 universis
1335 1512 1484 1548 ducibus
1511 1514 1697 1549 comitibus
1723 1514 1808 1551 aliis-

306 1583 376 1617 que
406 1570 507 1616 regni
538 1571 660 1606 Scocie
689 1570 898 1619 proceribus
926 1570 1073 1606 salutem
1100 1575 1141 1605 ut
1167 1569 1283 1605 debite
1309 1570 1443 1605 faciatis
1470 1584 1537 1617 que
1565 1577 1724 1607 ortamur
1740 1578 1806 1608 etc·

304 1627 504 1674 Eaproptcr
523 1641 589 1662 nos
609 1629 747 1676 Regem
770 1628 960 1663 Scotorum
980 1641 1044 1676 per
1062 1627 1196 1663 nostras
1220 1628 1339 1663 literas
1360 1628 1448 1663 certi
1476 1629 1609 1664 tenoris
1633 1629 1808 1676 requisivi-

300 1696 379 1719 mus
409 1686 615 1720 monnimus
644 1692 678 1721 et
706 1686 913 1721 ortabamur
943 1691 1119 1733 quatenus
1152 1684 1380 1720 confideratis
1412 1685 1598 1721 Christiani
1630 1687 1806 1734 sanguinis

301 1740 467 1777 effusione
495 1743 636 1789 aliisque
664 1744 832 1790 periculis
854 1750 890 1779 et
910 1743 1073 1791 dampnis
1092 1756 1160 1790 que
1182 1756 1224 1778 ex
1246 1742 1415 1790 premissis
1434 1743 1457 1777 fi
1476 1756 1549 1778 non
1572 1744 1699 1780 fierent
1715 1745 1806 1780 veri-

300 1799 457 1835 similiter
477 1801 615 1847 poss'ent
633 1802 775 1836 evenire
797 1821 804 1829 -
825 1802 927 1836 nobis
946 1802 1152 1848 homagium
1167 1806 1202 1836 et
1221 1800 1426 1836 fidelitatem
1446 1801 1642 1848 predifihim
1664 1821 1672 1829 ·
1699 1809 1807 1850 prout

300 1857 558 1904 predecessores
587 1858 637 1892 sni
662 1858 745 1906 justi
770 1864 804 1894 et
831 1859 997 1906 leg-ittimi
1026 1872 1128 1906 reges
1165 1859 1355 1894 Scotorum
1389 1858 1530 1906 regibus
1561 1858 1696 1907 Anglie
1725 1873 1804 1908 pro-

299 1914 522 1961 genitoribus
548 1915 673 1950 nostris
701 1930 720 1950 a
748 1917 936 1951 retroactis
955 1917 1175 1964 temporibus
1194 1916 1458 1952 consueverunt
1475 1916 1590 1952 facere
1609 1935 1618 1945 ·
1646 1917 1702 1953 die
1720 1917 1804 1953 lune

300 1972 424 2006 ·xxiii⁰·
445 1972 502 2007 die
530 1972 652 2007 mensis
680 1973 831 2020 Augusti
860 1975 954 2021 apud
984 1974 1172 2021 Edinburg
1195 1993 1203 2002 ·
1234 1974 1293 2009 ubi
1322 1980 1408 2009 tunc
1432 1972 1478 2009 ob
1500 1973 1592 2009 hanc
1614 1975 1750 2010 causam
1770 1980 1806 2011 et

299 2029 403 2064 etiam
424 2035 570 2076 propter
589 2043 710 2077 pacem
731 2037 764 2065 et
784 2031 1077 2077 tranquillitatem
1098 2044 1292 2079 regnorum
1313 2037 1385 2066 tam
1403 2030 1538 2078 Anglie
1556 2044 1661 2078 quam
1681 2032 1803 2068 Scocie

299 2087 516 2122 intendimus
535 2088 601 2122 ess'e
621 2106 629 2115 ·
649 2087 770 2122 futuro
789 2089 908 2122 veniat
927 2108 935 2116 ·
955 2096 1060 2136 prout
1088 2090 1122 2123 in
1150 2089 1260 2124 literis
1286 2088 1410 2123 nostris
1435 2087 1517 2123 inde
1542 2088 1713 2124 confectis
1730 2091 1801 2138 ple-

298 2144 377 2179 nius
398 2145 604 2179 continetur
625 2163 633 2172 ·
662 2158 742 2179 cnm
762 2146 870 2192 igitur
898 2146 933 2180 in
959 2147 1046 2181 actis
1067 2148 1157 2182 inter
1176 2160 1278 2192 reges
1301 2145 1435 2192 Anglie
1453 2150 1489 2180 et
1507 2145 1629 2181 Scocie
1652 2147 1711 2193 qui
1730 2148 1803 2184 sue-

299 2207 384 2238 runt
403 2202 532 2239 habitis
551 2202 643 2238 inter
668 2208 785 2238 cetera
804 2204 999 2251 reperimus
1017 2205 1110 2251 quod
1132 2204 1226 2252 [illi]
1247 2217 1289 2239 ex
1308 2203 1407 2239 vobis
1431 2216 1452 2239 a
1469 2202 1595 2251 quibus
1619 2203 1699 2240 Rex
1726 2206 1799 2242 An-
