2066 2780
111 587 153 619 ⁶21

587 138 902 177 REGISTRUM
929 138 1290 178 MORAVIENSE.
1632 147 1676 179 15

191 241 256 276 bus
283 239 442 274 Waltero
472 238 655 285 capellano
681 250 762 273 meo
798 257 805 265 ·
834 237 1015 273 Willelmo
1044 237 1088 272 de
1116 236 1229 273 Bosco
1257 238 1386 275 clerico
1412 251 1492 275 meo
1530 259 1538 268 ·
1568 240 1678 289 Apud

193 297 367 333 Aberdon
393 295 464 330 ·xii·
484 295 541 331 die
558 294 775 331 Novembris
788 314 796 322 ·

192 468 400 505 Amicabilis
417 465 622 516 compofitio
640 467 734 502 inter
751 466 952 515 episcopum
970 471 1006 502 et
1022 466 1046 503 J
1048 466 1226 502 ohannem
1246 466 1375 514 Byseth
1403 486 1411 494 ·

192 582 371 619 Noverint
399 594 523 617 omnes
550 581 618 617 hoc
645 581 813 629 scriptum
851 580 958 616 visuri
993 580 1051 617 vel
1086 580 1243 616 audituri
1280 580 1555 618 controversiam
1593 584 1685 618 inter

193 640 377 676 dominum
397 639 556 674 Bricium
576 639 778 687 episcopum
796 638 1055 675 moraviensem
1073 643 1109 674 et
1129 638 1331 675 Johannem
1351 639 1481 687 Byseth
1500 645 1660 676 exortam
1676 667 1684 675 .

192 698 294 745 super
319 696 610 732 advocationibus
637 694 861 732 ecclefiarum
887 696 932 731 de
951 695 1130 744 Coneway
1148 701 1184 731 et
1205 695 1471 732 Dulbatelauch
1489 703 1525 733 et
1543 697 1687 733 decimis

193 754 399 790 reddituum
412 754 473 801 qui
491 754 638 789 domino
657 753 751 801 Regi
772 753 991 789 debebantur
1013 753 1056 789 de
1077 753 1182 789 terris
1202 753 1295 789 infra
1311 754 1495 802 parochias
1513 755 1688 803 predifflxat-

194 824 275 847 rum
299 810 522 847 ecclesiarum
556 810 752 847 constitutis
787 815 978 858 antequam
1011 810 1174 859 predkste
1199 815 1295 847 terre
1324 811 1440 847 eidem
1466 812 1624 849 Johanni
1650 812 1687 847 in

194 869 339 904 feodum
358 868 466 904 effent
484 868 615 904 donate
637 873 672 903 et
695 868 852 904 conceffe
871 887 880 896 ·
902 867 963 903 sub
981 868 1047 904 hac
1070 868 1186 903 forma
1202 881 1266 916 per
1284 868 1502 905 amicabilem
1522 867 1689 919 compofi-

194 927 330 962 tionem
355 926 453 961 fuifl'e
479 926 626 974 sopitam
654 945 662 953 -
689 926 829 961 Scilicet
847 926 945 973 quod
962 925 1145 974 predi&us
1167 925 1352 963 Johannes
1376 926 1506 975 Byseth
1529 927 1688 975 quietum

196 983 361 1019 clamavit
378 996 443 1031 pro
461 983 494 1019 se
512 988 548 1019 et
565 983 754 1019 heredibus
778 983 845 1018 suis
868 983 906 1018 in
928 988 1144 1031 perpetuum
1170 983 1253 1019 Deo
1280 988 1316 1020 et
1340 984 1554 1033 episcopatui
1572 986 1690 1022 mora

196 1039 304 1076 vienfi
321 1045 357 1076 et
374 1041 519 1076 domino
538 1040 657 1077 Bricio
676 1039 890 1078 moraviensi
910 1040 1072 1088 episcopo
1097 1045 1133 1089 et
1156 1040 1404 1077 suecefforibus
1426 1041 1495 1077 suis
1513 1061 1521 1070 ·
1540 1042 1689 1078 advoca-

196 1098 331 1133 tionem
346 1096 486 1133 ecclefie
500 1098 543 1133 de
557 1097 823 1133 Dulbatelauch
841 1109 923 1133 cum
942 1097 1107 1133 omnibus
1124 1097 1170 1133 ad
1188 1110 1266 1133 eam
1283 1097 1543 1146 pertinentibus
1560 1098 1690 1135 scilicet

198 1168 279 1191 cum
293 1154 457 1190 omnibus
469 1155 613 1190 decimis
626 1174 634 1183 ·
647 1154 885 1190 oblationibus
897 1173 906 1182 ·
926 1153 1201 1191 obventionibus
1213 1174 1222 1183 ·
1234 1161 1271 1191 et
1287 1156 1563 1192 rectitudinibus
1581 1156 1690 1193 eccle-

197 1212 332 1248 fiasticis
349 1212 640 1260 provenientibus
662 1212 706 1247 de
727 1224 859 1247 novem
878 1211 1042 1248 davachis
1060 1212 1106 1247 ad
1124 1212 1275 1248 eandem
1293 1211 1471 1248 ecclefiam
1490 1213 1534 1249 de
1552 1213 1689 1250 Dulba-

198 1270 313 1306 telach
334 1270 418 1318 jure
443 1269 637 1318 parochiali
662 1268 921 1317 pertinentibus
947 1273 983 1304 et
1004 1269 1190 1317 episcopali
1211 1269 1425 1306 amstoritate
1451 1269 1627 1318 aflignatis
1652 1271 1691 1307 in

197 1332 410 1375 perpetuum
429 1346 437 1354 ·
456 1327 585 1362 scilicet
603 1326 841 1362 Dulbatelach
859 1345 868 1354 ·
888 1325 1046 1374 Fyngasc
1064 1345 1074 1354 ·
1093 1328 1303 1374 moreweyn
1325 1345 1334 1355 ·
1353 1326 1561 1363 Lusnacorn
1583 1346 1591 1356 ·
1611 1329 1690 1366 (Ou-

198 1385 331 1432 nythoc
347 1404 354 1412 ·
370 1390 405 1420 et
422 1384 534 1420 altera
552 1384 752 1432 fflunythoc
766 1402 775 1411 ·
790 1388 826 1419 et
848 1383 961 1419 tribus
985 1383 1151 1419 dauachis
1170 1383 1214 1419 de
1237 1383 1352 1431 Ferge
1368 1402 1376 1412 ·
1393 1384 1580 1420 Predictus
1603 1397 1690 1422 vero

199 1440 428 1478 moravienfis
446 1442 626 1489 episcopus
644 1454 709 1489 pro
733 1441 766 1476 se
788 1446 823 1476 et
846 1440 1094 1476 succefforibus
1119 1440 1188 1476 suis
1204 1441 1368 1489 predicto
1385 1440 1544 1479 Johanni
1561 1440 1691 1490 Byseth

199 1505 234 1534 et
258 1499 446 1534 heredibus
463 1499 530 1534 suis
547 1499 702 1546 quietam
720 1497 885 1534 clamavit
904 1498 939 1533 in
962 1502 1176 1546 perpetuum
1199 1497 1469 1534 advocationem
1488 1497 1629 1535 ecclefie
1647 1499 1691 1534 de

200 1556 383 1604 Coneway
402 1575 410 1584 ·
429 1556 474 1591 ad
491 1554 781 1603 quam'aflignate
799 1555 879 1590 sunt
892 1568 955 1603 per
973 1554 1159 1603 dyocesani
1177 1554 1328 1603 episcopi
1345 1554 1597 1591 auctoritatem
1607 1554 1691 1605 jure

198 1612 392 1661 parochiali
414 1613 633 1660 pertinentes
656 1612 823 1648 undecim
848 1612 1006 1647 dauache
1031 1630 1040 1639 ·
1067 1611 1198 1647 scilicet
1224 1611 1442 1660 Gulachkyn
1466 1631 1475 1640 ·
1500 1611 1666 1649 Buntach
1681 1633 1689 1640 ·

200 1670 360 1706 Herkele
375 1689 383 1697 ·
404 1669 562 1705 Cumber
576 1689 584 1697 ·
601 1669 780 1717 Coneway
798 1688 807 1697 ·
824 1669 955 1705 scilicet
966 1669 1013 1704 ·ii·
1029 1668 1195 1704 dauachis
1213 1686 1222 1697 -
1237 1667 1396 1705 Brutach
1408 1670 1497 1717 muy
1509 1688 1518 1697 ·
1532 1674 1568 1705 et
1580 1669 1693 1706 altera

198 1730 287 1776 <Duy
302 1747 310 1755 ·
330 1727 469 1775 Dunyn
488 1746 496 1755 ·
516 1732 552 1763 et
570 1726 749 1763 Fothenes
776 1745 784 1755 ·
809 1739 891 1762 cum
910 1726 1074 1762 omnibus
1092 1726 1322 1774 pertinenciis
1339 1725 1407 1763 suis
1431 1745 1441 1754 ·
1467 1726 1505 1762 in
1524 1726 1668 1763 decimis
1683 1747 1691 1755 ·

200 1784 437 1820 oblationibus
455 1789 491 1819 et
508 1783 783 1820 reffitudinibus
801 1782 1034 1820 ecclesiasticis
1051 1783 1096 1819 de
1114 1783 1244 1819 eisdem
1257 1783 1362 1820 terris
1375 1783 1667 1832 provenientibus
1682 1804 1690 1812 ·

200 1843 373 1885 Quietum
392 1841 498 1877 etiam
517 1842 682 1877 clamavit
695 1842 789 1877 idem
801 1841 994 1890 Episcopus
1010 1854 1077 1890 pro
1090 1840 1124 1877 sc
1138 1845 1174 1876 et
1186 1841 1434 1877 succefforibus
1447 1840 1515 1877 suis
1527 1841 1691 1890 prediGto

198 1900 354 1937 Johanni
381 1904 416 1935 et
441 1899 630 1935 heredibus
655 1899 723 1934 suis
749 1899 788 1934 in
812 1904 1026 1947 perpetuum
1043 1903 1162 1934 totum
1179 1898 1348 1934 clamium
1363 1898 1466 1934 suum
1484 1898 1529 1935 de
1547 1898 1692 1936 decimis

198 1956 404 1993 reddituum
433 1956 679 2005 predictorum
706 1956 766 2004 qui
793 1956 939 1992 domino
967 1956 1061 2004 Regi
1087 1955 1307 1992 debebantur
1343 1974 1351 1984 ·
1389 1961 1425 1992 et
1451 1957 1691 1994 retentionem

200 2014 392 2050 earundem
415 2013 632 2049 decimarum
649 2026 713 2062 per
731 2014 886 2049 eundem
908 2013 1112 2051 Johannem
1135 2013 1362 2049 detentarum
1383 2013 1545 2061 pluribus
1566 2015 1668 2050 annis
1682 2034 1691 2042 ·

199 2071 346 2107 retentis
363 2069 424 2107 fibi
450 2076 487 2106 et
511 2071 758 2107 successoribus
783 2071 851 2106 suis
875 2071 1003 2119 viginti
1027 2071 1145 2107 solidis
1165 2071 1293 2107 annuis
1315 2071 1462 2107 nomine
1488 2071 1625 2108 decime
1648 2072 1693 2108 de

201 2142 246 2164 ·x·
271 2127 370 2164 libris
391 2141 477 2176 quas
500 2128 594 2164 idem
615 2128 797 2165 Johannes
814 2128 916 2165 solvit
932 2129 1118 2164 annuatim
1136 2129 1282 2165 domino
1301 2127 1396 2176 Regi
1419 2128 1463 2164 de
1486 2129 1590 2164 terris
1607 2141 1693 2177 quas

201 2184 308 2221 habet
326 2185 372 2221 ad
388 2185 526 2221 firmam
545 2186 589 2221 de
609 2185 754 2221 domino
768 2185 870 2234 Rege
884 2186 976 2222 infra
989 2186 1173 2235 parochias
1185 2186 1428 2234 predictarum
1447 2184 1669 2222 ecclesiarum
1682 2205 1690 2213 ·

204 2242 353 2279 Decime
370 2247 491 2279 autem
508 2243 669 2279 omnium
687 2242 915 2291 piscariarum
940 2244 1033 2280 infra
1057 2244 1241 2292 parochias
1266 2243 1509 2292 predictarum
1536 2241 1692 2279 ecclefia-
