1912 2660
178 1064 249 1100 ⁶293

277 159 350 198 372
676 155 783 192 REG
789 153 993 193 ISTRUM
1022 153 1386 194 MORAVIENSE.

282 255 330 290 Et
348 267 415 302 ego
436 254 604 291 Andreas
623 255 776 291 Scheves
794 254 974 304 presbyter
994 253 1260 291 Aberdonenfis
1279 252 1424 289 diocesis
1449 254 1487 288 in
1513 253 1648 289 artibus
1666 255 1788 303 magis-

281 319 335 348 ter
362 313 458 348 sacra
476 318 511 349 et
529 312 719 361 apostolica
746 314 938 350 autoritate
956 314 1118 349 notarius
1135 312 1299 361 publicus
1317 311 1401 358 quia
1417 309 1636 358 requifitioni
1654 316 1690 347 et
1708 311 1788 349 obe-

281 371 414 406 dientie
432 370 628 419 prestitioni
652 371 814 419 predifite
840 384 881 406 ac
907 370 1104 419 receptioni
1132 369 1287 417 ejusdem
1314 368 1507 415 ceterisque
1526 367 1696 416 premiflis
1715 383 1788 406 om-

280 428 384 464 nibus
412 435 448 464 et
473 428 617 476 singulis
641 428 726 464 dum
753 427 798 464 fic
826 434 867 464 ut
894 428 1114 475 premittitur
1140 431 1334 474 agerentur
1360 425 1567 461 dicerentur
1592 439 1633 462 ac
1660 426 1788 464 fierent

279 499 353 522 una
375 500 457 523 cum
489 487 686 535 prenotatis
714 486 857 522 testibus
887 486 1028 534 presens
1054 484 1200 520 interfui
1224 496 1335 530 eaque
1362 483 1483 519 omnia
1513 488 1549 520 et
1578 483 1714 532 singula
1743 485 1787 521 fic

279 544 357 580 fieri
384 545 452 580 dici
481 545 554 580 vidi
585 544 666 580 scivi
694 549 729 580 et
760 544 879 579 audivi
911 556 952 578 ac
982 543 1020 578 in
1050 547 1174 577 notam
1202 541 1279 589 cepi
1306 541 1388 588 quia
1416 541 1484 577 hoc
1507 542 1649 590 presens
1675 543 1787 591 publi-

280 615 361 638 cum
386 602 659 638 instrumentum
678 614 787 637 manu
806 614 885 637 mea
902 600 1048 649 propria
1065 599 1220 635 fideliter
1244 599 1412 647 scriptum
1431 599 1568 635 confeci
1588 605 1623 636 et
1641 601 1678 636 in
1696 601 1786 637 hanc

280 660 457 708 publicam
485 661 636 695 formam
665 659 787 707 redegi
814 658 982 706 signoque
1009 658 1156 693 nomine
1185 662 1221 692 et
1249 657 1464 704 cognomine
1483 662 1518 693 et
1536 657 1786 707 subscriptione

280 718 368 753 meis
394 718 502 753 solitis
529 723 564 753 et
592 717 766 753 consuetis
792 716 924 764 signavi
951 721 987 752 et
1013 714 1190 764 subscripsi
1209 715 1246 750 in
1264 715 1373 750 fidem
1392 720 1428 751 et
1445 715 1686 752 testimonium
1713 730 1786 752 om-

283 776 383 811 nium
402 781 438 812 et
455 775 674 823 singulorum
693 775 939 823 premissorum
957 778 1105 822 rogatus
1123 786 1163 809 ac
1181 771 1366 821 requisitus
1386 792 1393 801 ·

281 949 497 986 Obedientia
515 949 651 984 domini
670 947 871 984 Subdecani
891 967 899 975 -
918 947 1238 996 prebendariorum
1258 951 1294 983 et
1311 947 1568 983 canonicorum
1585 966 1593 974 ·

281 1066 326 1101 In
345 1066 416 1101 Dei
445 1065 590 1100 nomine
617 1076 721 1099 amen
741 1083 749 1091 ·
779 1063 848 1099 Pei·
873 1063 942 1099 hoc
968 1064 1110 1111 presens
1135 1063 1319 1112 publicum
1346 1063 1620 1100 instrumentum
1647 1066 1786 1102 cunetis

279 1129 397 1172 pateat
420 1123 604 1159 evidenter
631 1122 727 1169 quod
750 1134 846 1157 anno
872 1121 1133 1157 incarnacionis
1151 1121 1344 1158 Dominice
1370 1121 1551 1160 millesimo
1576 1123 1786 1171 quingente-

278 1181 362 1216 fimo
381 1179 548 1228 vigesimo
567 1180 664 1215 sexto
684 1199 692 1207 ·
713 1178 838 1215 mensis
856 1192 942 1215 vero
963 1178 1135 1216 octobris
1153 1179 1211 1215 die
1236 1180 1367 1216 ofitavo
1386 1199 1395 1208 ·
1420 1180 1620 1216 indietione
1648 1182 1785 1217 decima

277 1244 403 1286 quarta
421 1258 430 1266 ·
459 1238 688 1286 pontificatus
716 1236 918 1273 sandffissimi
946 1238 983 1273 in
1012 1237 1152 1274 Christo
1179 1238 1290 1286 patris
1312 1244 1347 1274 et
1366 1239 1502 1274 domini
1521 1238 1628 1275 nostri
1648 1240 1784 1276 domini

278 1297 474 1333 Clementis
506 1295 628 1332 divina
657 1296 799 1331 favente
831 1296 1023 1332 clementia
1052 1309 1143 1344 pape
1173 1296 1311 1344 septimi
1342 1309 1437 1331 anno
1469 1297 1576 1332 tertio
1604 1317 1612 1325 ·
1648 1298 1686 1333 in
1715 1298 1784 1334 mei

278 1355 408 1390 notarii
436 1354 568 1402 publici
596 1359 632 1389 et
662 1353 803 1389 testium
831 1354 1107 1402 subscriptorum
1138 1353 1313 1402 presentia
1343 1354 1574 1402 personaliter
1604 1355 1785 1391 constituti

276 1412 496 1448 venerabiles
525 1418 561 1447 et
587 1412 722 1460 egregii
750 1412 819 1448 viri
850 1411 1005 1459 magistri
1036 1417 1072 1448 et
1100 1412 1236 1447 domini
1263 1412 1444 1460 subscripti
1468 1411 1615 1448 celebris
1642 1413 1783 1450 ecclesie

279 1470 491 1507 cathedralis
510 1469 741 1506 moraviensis
759 1470 922 1505 canonici
939 1490 947 1497 ·
969 1470 1151 1506 Robertus
1171 1470 1274 1506 Rede
1298 1470 1518 1506 subdecanus
1537 1490 1545 1498 ·
1575 1471 1785 1508 Alexander

279 1529 496 1565 Sutlierland
515 1529 559 1564 de
579 1528 734 1564 Duffous
753 1547 761 1556 ·
780 1528 965 1565 Johannes
984 1527 1123 1564 Lokart
1141 1529 1185 1564 de
1204 1528 1454 1577 Innerkethny
1472 1547 1481 1556 ·
1499 1527 1684 1565 Johannes
1700 1530 1784 1578 Hay

278 1587 322 1622 de
341 1586 497 1621 Dutholl
516 1606 524 1614 ·
551 1586 715 1622 Gavinus
734 1585 838 1635 Lessy
856 1586 900 1622 de
921 1586 1095 1634 Kyngusy
1113 1591 1149 1622 et
1167 1586 1342 1622 Bareldus
1361 1585 1464 1635 Lessy
1483 1586 1527 1622 de
1546 1587 1654 1635 Elgin
1674 1607 1682 1615 ·
1706 1601 1783 1636 pre-

278 1644 438 1680 bendarii
466 1649 502 1679 ct
528 1644 689 1680 canonici
709 1644 949 1681 moravienses
969 1664 977 1673 ·
1003 1644 1043 1679 in
1067 1644 1242 1693 presentia
1259 1644 1471 1680 venerabilis
1498 1650 1534 1680 et
1559 1646 1693 1693 egregii
1716 1647 1783 1682 viri

279 1702 433 1750 magistri
454 1702 653 1737 Alexandri
672 1703 827 1738 Dunbar
845 1703 969 1738 decani
988 1703 1125 1751 prefate
1144 1701 1285 1738 ecclesie
1305 1722 1313 1730 ·
1336 1702 1565 1751 prestiterunt
1583 1705 1781 1740 reverendo

279 1761 316 1795 in
343 1759 482 1796 Christo
509 1761 600 1808 patri
628 1761 790 1797 Roberto
814 1760 1029 1798 moraviensi
1056 1760 1217 1809 episcopo
1245 1760 1484 1796 obedientiam
1511 1762 1720 1797 canonicam
1748 1768 1783 1798 et

273 1818 488 1866 juratoriam
516 1831 647 1865 magno
674 1819 892 1855 sacramento
914 1819 1176 1855 interveniente
1196 1838 1204 1847 ·
1223 1819 1388 1867 primitus
1406 1818 1508 1854 facus
1525 1819 1783 1867 protestationi-

280 1877 344 1912 bus
359 1877 403 1911 de
417 1876 584 1911 salvando
594 1878 802 1924 juramento
821 1878 865 1913 ad
885 1878 1103 1913 observanda
1120 1877 1248 1913 statuta
1265 1877 1350 1912 alias
1368 1876 1511 1925 prestito
1527 1896 1535 1904 ·
1551 1882 1586 1912 et
1600 1877 1701 1914 salvis
1714 1878 1783 1927 pri-

277 1934 416 1981 vilegiis
435 1933 580 1982 capituli
600 1953 608 1961 ·
642 1934 756 1982 Super
779 1936 907 1983 quibus
931 1935 1098 1971 omnibus
1124 1940 1160 1971 et
1186 1934 1330 1983 singulis
1354 1935 1472 1970 dststus
1492 1935 1728 1972 Reverendus
1747 1942 1782 1972 et

279 1993 446 2028 dominus
465 1992 636 2027 Decanus
660 2006 680 2027 a
704 2006 760 2028 me
784 1994 925 2028 notario
944 1993 1087 2042 publico
1108 1993 1299 2041 subscripto
1317 2006 1430 2028 unum
1450 1991 1520 2028 five
1537 1993 1641 2041 plura
1659 1994 1782 2030 instru-

278 2055 440 2086 mentum
466 2050 525 2085 seu
550 2049 782 2085 instrumenta
805 2051 987 2098 publicum
1010 2051 1069 2087 seu
1093 2051 1235 2100 publica
1255 2051 1438 2099 petierunt
1463 2048 1533 2086 five
1559 2051 1707 2098 quilibet
1724 2065 1782 2088 eo·

280 2121 360 2144 rum
377 2108 480 2156 petiit
499 2127 507 2136 ·
537 2107 635 2142 Asta
657 2113 758 2143 erant
781 2108 847 2143 hec
869 2109 905 2143 in
928 2109 1008 2144 loco
1027 2109 1214 2155 capitulari
1232 2109 1323 2145 hora
1340 2108 1477 2144 decima
1495 2114 1578 2144 ante
1596 2109 1781 2145 meridiem

279 2172 342 2202 aut
360 2166 500 2202 circiter
519 2185 527 2193 ·
555 2166 773 2213 presentibus
797 2166 968 2214 magistris
988 2166 1130 2202 Thoma
1148 2167 1314 2203 Gaderar
1332 2186 1341 2195 ·
1369 2165 1552 2201 Willelmo
1571 2166 1751 2203 Gordoun
1771 2187 1779 2194 ·

278 2225 422 2260 Thoma
442 2223 547 2272 Haye
567 2242 575 2251 ·
594 2223 761 2260 Johanne
782 2224 1009 2260 Robertsoun
1039 2231 1075 2261 et
1103 2225 1250 2261 domino
1269 2224 1392 2261 David
1411 2223 1691 2272 Fothringhame
1717 2238 1780 2262 no-

277 2282 375 2318 tariis
393 2282 543 2331 publicis
561 2282 598 2317 in
617 2280 786 2330 premissis
801 2301 809 2310 ·
