2060 2660
406 180 479 218 Δ270
803 177 1120 214 REGISTRUM
1150 175 1514 214 MORAVIENSE.

408 333 478 368 Pro
498 332 722 369 Cancellario
743 353 751 361 ·
771 334 815 369 de
833 333 925 369 scola
942 334 1100 381 generali
1122 354 1129 361 ·

408 449 500 484 Item
530 449 706 497 generalis
737 449 829 485 scola
859 449 1018 496 erigatur
1048 453 1084 483 et
1113 447 1299 483 edificetur
1325 459 1389 494 per
1416 445 1495 480 illos
1521 446 1582 493 qui
1605 459 1681 482 eam
1709 448 1846 495 erigere
1873 454 1909 484 et

405 506 570 543 edificare
589 507 761 542 deberent
779 507 874 555 apud
893 506 1064 554 oppidum
1084 505 1128 540 de
1148 504 1256 551 Elgin
1279 504 1317 538 in
1342 504 1422 538 loco
1446 503 1491 539 ad
1515 504 1582 539 hoc
1607 504 1691 540 alias
1709 503 1879 553 aflignato
1899 526 1907 534 ·

404 571 439 601 et
461 565 558 612 quod
584 578 648 613 per
669 565 808 600 dictum
827 563 1092 600 Cancellarium
1117 562 1213 597 dicte
1236 560 1377 597 ecclefie
1399 574 1493 597 unus
1510 562 1565 597 vir
1582 562 1744 610 ydoneus
1763 563 1909 612 depute-

403 629 463 658 tur
489 628 525 658 et
551 623 739 658 ordinetur
760 635 841 657 cum
861 621 990 657 effe6m
1009 621 1054 655 ad
1072 620 1271 667 regendum
1291 624 1327 655 et
1343 619 1619 667 gubernandum
1639 621 1790 657 eandem
1809 627 1844 657 et
1862 623 1907 657 ad

403 693 480 715 eam
505 680 690 716 venientes
718 679 921 715 docendum
948 677 1194 713 instruendum
1220 683 1255 713 et
1283 677 1321 712 in
1348 678 1581 724 grammatica
1608 678 1876 715 informandum
1897 700 1904 707 ·

406 737 451 773 Et
469 739 599 774 citetur
619 738 758 773 Rector
777 738 820 772 de
842 736 1052 784 Kyncardin
1073 734 1215 771 ecclefie
1232 754 1240 762 ·
1260 735 1321 782 qui
1339 735 1490 771 eandem
1509 749 1634 784 regere
1652 743 1688 772 et
1705 737 1905 784 gubernare

402 796 548 832 deberet
567 815 574 823 ·
595 796 639 831 ad
659 795 862 831 docendum
880 807 951 841 quo
964 793 1048 841 jure
1067 793 1201 829 dietam
1220 793 1413 829 rectoriam
1432 791 1580 842 poffidet
1599 799 1635 830 et
1652 800 1752 830 tenet
1771 815 1779 822 ·

402 911 493 946 Item
521 911 704 947 statuimus
727 916 763 946 et
786 910 993 945 ordinamus
1019 909 1116 957 quod
1144 909 1310 957 deinceps
1337 921 1462 944 omnes
1488 914 1525 944 et
1550 908 1676 957 finguli
1700 911 1873 959 capellani
1894 932 1901 940 ·

399 969 519 1004 vicarii
540 989 547 996 ·
576 969 716 1004 stallarii
745 974 780 1004 et
806 967 955 1003 choriste
988 967 1200 1002 cathedralis
1232 965 1373 1003 ecclesie
1400 966 1561 1015 predicte
1589 967 1762 1016 obsequiis
1788 970 1902 1017 priva-

399 1027 443 1062 tis
461 1027 497 1062 in
516 1027 626 1062 choro
645 1026 800 1074 ejusdem
819 1025 956 1061 tociens
974 1025 1144 1073 quociens
1162 1025 1201 1060 ill
1485 1025 1656 1061 celebrari
1676 1025 1847 1063 deberent
1865 1029 1900 1063 in

351 1096 366 1111 *
397 1085 521 1120 eadem
545 1084 645 1120 simul
667 1084 787 1119 dicant
806 1089 843 1119 et
861 1083 1044 1119 celebrent
1061 1083 1123 1119 sub
1142 1096 1234 1131 pena
1251 1081 1441 1118 amillionis
1459 1083 1575 1119 tocius
1593 1083 1680 1119 hore
1698 1085 1901 1134 principalis

397 1143 565 1190 temporis
584 1162 592 1170 ·

395 1258 488 1293 Item
517 1257 700 1294 statuimus
731 1263 768 1293 et
799 1257 1006 1293 ordinamus
1036 1257 1134 1304 quod
1164 1256 1286 1292 nullus
1315 1257 1507 1292 canonicus
1538 1257 1777 1305 prebendatus
1804 1260 1899 1296 dieze

394 1314 534 1351 ecclefie
570 1316 664 1351 suam
701 1315 919 1352 mansionem
954 1321 1017 1350 aut
1052 1316 1153 1350 suum
1182 1315 1338 1350 croftum
1370 1315 1476 1351 alicui
1503 1315 1659 1352 affedare
1690 1323 1752 1353 aut
1781 1318 1897 1354 locare

392 1373 569 1421 presumat
595 1373 657 1409 nifi
684 1379 824 1410 tantum
852 1373 1026 1409 canonico
1050 1374 1145 1421 apud
1167 1373 1300 1408 dictam
1320 1372 1498 1409 ecclefiam
1525 1373 1691 1410 refidenti
1712 1395 1720 1403 ·
1750 1376 1899 1424 Quiqui-

393 1432 473 1467 dem
492 1432 685 1467 canonicus
703 1445 778 1468 non
796 1431 963 1468 affedabit
981 1432 1038 1467 vel
1061 1431 1193 1467 locabit
1216 1431 1418 1479 hujusmodi
1442 1430 1658 1468 mansionem
1683 1438 1719 1468 et
1741 1434 1895 1470 crostum

392 1502 471 1524 cum
500 1489 723 1537 pertinentiis
750 1490 951 1538 cuicunque
975 1489 1125 1538 persone
1148 1487 1211 1525 nifi
1234 1489 1306 1538 ipsa
1330 1489 1479 1537 persona
1502 1490 1600 1538 prius
1624 1503 1688 1538 per
1706 1490 1895 1527 Decanum

392 1553 427 1582 et
445 1548 640 1595 capitulum
659 1549 884 1584 examinetur
903 1568 911 1576 ·
940 1554 976 1584 et
993 1547 1018 1583 fi
1035 1548 1235 1596 reperietur
1253 1547 1395 1596 ydonea
1415 1548 1460 1583 ad
1485 1549 1782 1585 commorandum
1805 1550 1897 1586 infra

392 1605 581 1652 collegium
607 1612 642 1642 et
664 1607 707 1642 de
731 1607 876 1642 illorum
893 1606 1044 1642 licencia
1061 1606 1172 1655 petita
1195 1611 1231 1641 et
1255 1605 1403 1641 obtenta
1426 1619 1467 1642 ac
1490 1619 1554 1654 per
1576 1607 1715 1643 eosdem
1743 1608 1788 1643 ad
1815 1622 1893 1657 pre-

391 1668 515 1698 notata
541 1677 622 1699 cum
644 1665 868 1712 pertinentiis
889 1665 1100 1701 admittatur
1124 1677 1190 1712 pro
1214 1676 1289 1699 uno
1316 1677 1413 1700 anno
1437 1670 1578 1700 tantum
1598 1684 1607 1693 ·
1634 1666 1733 1713 prius
1750 1666 1894 1714 prestito

385 1720 593 1767 juramento
621 1722 771 1758 Decano
798 1728 834 1758 et
860 1723 1016 1771 capitulo
1044 1723 1142 1770 quod
1175 1722 1242 1757 erit
1272 1722 1387 1758 fidelis
1419 1728 1454 1758 et
1485 1722 1655 1758 obediens
1679 1723 1830 1760 Decano
1859 1730 1894 1760 et

391 1778 546 1823 capitulo
573 1780 742 1826 quamdiu
769 1780 900 1816 ibidem
928 1786 1172 1816 commoratur
1188 1799 1196 1808 ·
1224 1780 1259 1816 Si
1286 1781 1383 1816 secus
1408 1780 1544 1816 factum
1568 1780 1676 1816 fuerit
1694 1782 1893 1830 hujusmodi

392 1835 558 1871 affedatio
577 1850 652 1872 non
670 1837 802 1873 valebit
825 1837 883 1874 sed
901 1839 1072 1875 Decanus
1096 1844 1131 1874 et
1154 1838 1349 1886 capitulum
1369 1852 1435 1887 pro
1453 1838 1700 1887 premiss'orum
1718 1840 1892 1887 guberna-

390 1894 487 1929 tione
506 1894 623 1930 debite
640 1895 881 1943 providebunt
900 1916 908 1924 ·

391 2009 484 2045 Item
509 2009 693 2045 statuimus
720 2016 756 2046 et
780 2011 988 2047 ordinamus
1014 2013 1111 2059 quod
1138 2012 1282 2062 singulis
1308 2013 1410 2048 annis
1435 2026 1499 2061 per
1527 2013 1716 2049 Decanum
1741 2019 1777 2049 et
1801 2014 1891 2062 capi-

388 2067 504 2102 tulum
535 2068 631 2103 dicte
653 2066 795 2104 ecclesie
819 2068 972 2116 eligatur
999 2083 1092 2106 unus
1116 2076 1329 2119 procurator
1357 2069 1426 2106 five
1451 2070 1626 2107 collector
1647 2071 1823 2119 generalis
1846 2071 1890 2106 de

387 2125 567 2161 canonicis
591 2145 599 2153 ·
629 2126 689 2173 qui
726 2125 853 2161 habeat
889 2139 1012 2162 omnes
1043 2134 1079 2163 et
1112 2128 1267 2177 fingulos
1302 2129 1442 2165 fructus
1473 2129 1634 2165 omnium
1665 2127 1887 2165 ecclesiarum

387 2183 632 2219 communium
668 2183 713 2219 ad
754 2183 850 2218 suam
887 2186 1128 2222 communiam
1165 2187 1364 2235 spectantes
1400 2192 1436 2223 et
1469 2188 1690 2236 pertinentes
1724 2187 1888 2235 pecunia-

388 2254 537 2289 rumque
563 2242 714 2277 summas
741 2239 800 2276 fibi
828 2254 894 2289 pro
917 2242 1058 2278 eiisdem
1083 2244 1200 2280 debite
1224 2245 1343 2281 levare
1370 2245 1551 2293 percipere
1579 2258 1619 2280 ac
1645 2245 1814 2292 colligere
1843 2245 1885 2280 de
