1912 2660
230 41 303 80 474
703 36 885 74 CARTE
910 35 1044 74 ORIG
1052 35 1257 74 INALES.

230 136 358 186 nulphi
383 136 508 173 comiti
535 138 702 174 (Domuie
724 149 766 173 ac
786 136 927 173 Thome
952 141 989 173 et
1010 136 1171 174 Johanni
1196 134 1382 184 Ranulphi
1403 133 1485 170 filiis
1507 133 1577 170 suis
1599 135 1737 171 comiti-

230 196 296 232 bus
326 195 491 233 (Dorauie
522 195 794 244 consanguineis
820 195 947 231 nostris
972 193 1159 232 sueceffive
1185 206 1329 230 necnon
1354 193 1495 229 labores
1521 192 1675 229 solicitos
1700 198 1737 229 et

228 253 352 290 fideles
370 267 459 302 quos
477 254 572 290 idem
591 255 774 302 quondam
797 253 983 291 Johannes
1006 253 1041 289 le
1065 252 1213 289 Graunt
1238 251 1277 286 in
1304 249 1506 287 desenfione
1531 251 1636 299 regni
1661 256 1736 287 tam

227 312 266 347 in
292 324 406 360 regno
433 325 539 360 quam
567 317 669 348 extra
690 311 913 360 temporibus
930 310 1123 347 recolende
1141 309 1315 345 memorie
1333 308 1565 344 dominorum
1585 308 1739 345 Roberti

228 374 264 405 et
292 369 416 405 Dauid
442 370 502 406 aui
527 375 565 406 et
591 370 762 405 auunculi
786 368 990 404 nostrorum
1013 380 1140 415 regum
1164 367 1287 403 Scocie
1309 365 1497 402 illustrium
1519 367 1738 415 predecefl'o-

227 440 307 463 rum
328 427 529 464 nostrorum
546 427 706 463 sustinuit
720 427 872 463 viriliter
890 431 926 462 et
942 425 1085 461 strenue
1100 444 1108 453 ·
1129 424 1271 460 Damus
1284 424 1515 460 concedimus
1529 430 1565 460 et
1577 425 1645 461 hac
1658 438 1738 474 pre-

226 485 315 521 senti
341 491 441 522 carta
465 486 585 522 nostra
611 485 866 521 confirmamus
892 483 1031 532 prefato
1051 483 1195 519 Thome
1213 483 1246 519 le
1266 483 1412 519 Graunt
1431 502 1439 511 ·
1469 496 1535 531 pro
1554 483 1652 519 fideli
1669 483 1737 520 ser-

227 544 321 579 uicio
340 544 402 580 suo
420 549 456 580 et
474 544 602 593 prefati
620 543 802 591 quondam
820 541 1000 579 Johannis
1017 541 1128 590 patris
1141 541 1192 577 sui
1210 541 1422 577 meritorum
1436 541 1572 577 intuitu
1593 561 1601 569 -
1620 547 1735 578 totam

226 607 358 637 terram
379 602 423 638 de
442 601 663 651 Dollynduff
678 621 685 629 ·
712 606 748 636 et
768 601 811 636 de
831 600 978 648 Dovaly
993 619 1002 628 ·
1022 613 1064 635 ac
1082 599 1239 636 officium
1258 598 1438 636 forestarie
1456 600 1555 648 parci
1573 599 1681 635 nostri
1699 605 1735 636 et

225 659 352 696 foreste
378 660 497 696 nostre
521 660 566 696 de
589 659 795 707 Tarneway
813 671 895 694 cum
921 658 1155 707 pertinenciis
1174 677 1182 686 ·
1208 670 1291 693 cum
1308 670 1381 693 vno
1400 657 1516 694 crosto
1534 658 1672 694 iacente
1690 672 1735 695 ex

225 723 325 766 parte
350 718 485 754 boreali
509 717 658 767 pomerij
682 716 791 752 nostri
816 716 860 752 de
880 716 1081 764 Tarneway
1100 736 1108 744 ·
1135 721 1171 752 et
1193 729 1276 752 cum
1300 728 1373 752 vno
1397 716 1468 751 alio
1494 716 1610 752 crosto
1637 718 1735 765 quod

227 775 428 812 Willelmus
454 775 634 812 Stodherd
655 775 773 811 tenuit
791 794 800 803 ·
821 779 858 811 et
875 787 957 810 cum
974 774 1146 822 herbagio
1165 773 1236 810 fiue
1254 773 1395 823 pastura
1411 787 1479 822 pro
1497 775 1734 823 quadraginta

225 835 310 870 octo
338 834 453 869 vaccis
480 839 515 869 et
541 833 599 868 sex
620 833 795 881 jumentis
819 832 997 868 fertilibus
1027 845 1111 868 cum
1141 832 1347 880 sequacibus
1372 833 1441 868 suis
1471 833 1565 869 infra
1594 833 1733 869 ᾶὶὸὶυῐη

224 904 371 939 parcum
389 890 549 926 nostrum
563 911 570 920 ·
591 897 626 926 et
644 904 727 926 cum
746 890 906 926 custodia
918 890 1029 926 turris
1047 890 1195 939 manerij
1211 890 1321 926 nostri
1336 890 1381 926 de
1395 890 1594 939 Tarneway
1608 891 1735 927 nostris

224 950 376 998 propriis
402 949 598 998 sumptibus
624 949 789 985 facienda
807 968 815 977 ·
844 962 886 985 ac
910 949 1019 985 etiam
1036 961 1145 985 Vnam
1169 948 1327 984 celdram
1351 948 1465 984 farine
1482 961 1678 985 auenarum
1699 955 1734 985 et

224 1020 331 1042 vnam
350 1007 507 1043 celdram
526 1007 638 1043 brasei
661 1007 806 1056 ordiacij
832 1007 1079 1056 percipiendas
1102 1007 1288 1043 annuatim
1313 1007 1357 1042 de
1380 1006 1493 1042 firmis
1510 1007 1735 1043 vicecomita-

224 1072 279 1101 tus
297 1067 343 1101 de
362 1066 497 1115 Forays
518 1086 526 1094 -
555 1066 639 1109 Que
657 1066 756 1115 prius
774 1066 923 1102 fuerunt
941 1066 1031 1102 dieti
1050 1065 1193 1102 Thome
1211 1065 1245 1101 le
1260 1065 1407 1101 Graunt
1422 1085 1430 1093 ·
1450 1070 1486 1101 et
1503 1078 1590 1113 quas
1610 1066 1734 1102 Ricar-

224 1124 288 1159 dus
307 1124 472 1172 Comyne
490 1138 535 1160 ex
553 1123 776 1160 conceffione
794 1124 923 1173 prefati
947 1124 1085 1160 domini
1106 1123 1279 1160 auunculi
1297 1128 1333 1159 et
1350 1123 1602 1172 predecessoris
1624 1124 1733 1160 nostri

222 1183 267 1217 ad
285 1187 426 1231 tempus
444 1182 562 1218 tenuit
581 1202 589 1211 ·
618 1188 653 1218 et
672 1196 759 1230 quas
777 1188 891 1219 terras
910 1187 946 1219 et
963 1187 1084 1218 cetera
1102 1182 1223 1218 omnia
1240 1181 1446 1230 supradifta
1463 1181 1591 1230 prefati
1611 1182 1734 1218 Ricar-

223 1241 288 1276 dus
314 1246 351 1276 et
377 1241 539 1277 Thomas
570 1240 647 1289 post
677 1241 848 1289 aliquales
879 1240 1071 1277 discordias
1101 1239 1323 1288 aliquamdiu
1353 1239 1490 1275 habitas
1522 1240 1616 1276 inter
1644 1241 1734 1289 ipsos

222 1299 325 1347 super
353 1299 431 1335 iure
459 1304 533 1335 tam
559 1299 790 1348 proprietatis
815 1312 923 1347 quam
944 1297 1160 1347 poffeffionis
1178 1298 1377 1334 eorundem
1397 1317 1406 1326 ·
1425 1311 1490 1346 per
1508 1297 1735 1347 composicio-

222 1370 304 1392 nem
330 1357 553 1393 amicabilem
579 1357 737 1393 finaliter
764 1357 974 1393 concordati
1000 1370 1076 1392 non
1103 1356 1140 1391 vi
1169 1361 1233 1392 aut
1260 1362 1359 1392 metu
1385 1355 1487 1392 ducti
1516 1369 1583 1392 nec
1611 1370 1733 1393 errore

224 1414 305 1463 lapfi
322 1415 382 1451 sed
400 1429 500 1452 mera
517 1416 713 1464 spontanea
730 1416 902 1452 concordi
920 1421 956 1452 et
973 1415 1136 1452 vnanimi
1149 1414 1337 1450 voluntate
1354 1414 1451 1463 apud
1470 1414 1579 1450 Perth
1597 1414 1636 1450 in
1654 1428 1733 1462 pre-

223 1473 332 1509 sentia
357 1473 475 1509 nostra
501 1479 537 1509 et
565 1474 718 1510 aliorum
747 1474 924 1510 nobilium
953 1479 989 1510 et
1016 1486 1207 1522 procerum
1236 1473 1339 1520 regni
1364 1471 1474 1508 nostri
1497 1478 1645 1521 propter
1664 1474 1732 1509 hoc

223 1532 455 1579 personaliter
473 1532 655 1568 constituti
672 1532 776 1568 nobis
793 1546 857 1581 per
875 1531 1005 1568 fustum
1024 1537 1060 1567 et
1078 1531 1245 1567 baculum
1274 1530 1408 1567 sursum
1435 1531 1672 1567 reddiderunt
1695 1537 1731 1567 et

223 1602 312 1636 pure
336 1603 376 1625 ac
399 1588 601 1638 simpliciter
628 1590 853 1638 resignarunt
873 1611 881 1619 -
914 1589 1108 1626 Tenendas
1133 1595 1169 1625 et
1195 1589 1375 1625 habendas
1402 1588 1518 1624 eidem
1537 1588 1679 1625 Thome
1697 1589 1731 1625 le

224 1647 370 1683 Graunt
389 1653 425 1683 et
443 1648 632 1684 heredibus
649 1649 718 1684 suis
737 1649 781 1685 de
796 1649 899 1684 nobis
913 1656 949 1685 et
963 1648 1154 1684 heredibus
1167 1647 1294 1683 nostris
1309 1647 1346 1682 in
1359 1647 1466 1682 feodo
1481 1652 1517 1682 et
1531 1647 1730 1683 hereditate

223 1719 287 1753 per
305 1718 430 1741 omnes
449 1707 565 1741 rectas
583 1712 695 1742 metas
713 1713 749 1742 ct
768 1707 895 1743 divisas
913 1707 989 1742 suas
1008 1707 1045 1741 in
1063 1705 1174 1741 boscis
1192 1705 1306 1754 planis
1324 1704 1435 1752 pratis
1453 1705 1587 1753 pascuis
1605 1710 1641 1741 et
1659 1706 1732 1754 pas-

223 1763 313 1799 turis
331 1764 441 1799 moris
459 1763 611 1799 marefiis
629 1765 695 1800 viis
709 1765 840 1801 semitis
854 1765 953 1813 aquis
966 1764 1096 1812 stagnis
1109 1763 1413 1812 aucupacionibus
1426 1763 1681 1811 piscacionibus
1695 1770 1731 1800 et

223 1821 479 1857 venacionibus
497 1827 533 1857 et
552 1835 632 1858 cum
657 1824 823 1859 omnibus
844 1824 920 1859 aliis
941 1822 1165 1858 libertatibus
1188 1820 1503 1857 commoditatibus
1520 1820 1732 1858 aifiamentis

223 1880 337 1916 feodis
355 1879 475 1915 liberis
494 1880 812 1916 consuetudinibus
830 1887 866 1917 et
878 1880 979 1929 justis
998 1879 1228 1929 pertinenciis
1254 1879 1521 1927 quibuscunque
1545 1880 1590 1915 ad
1618 1880 1732 1916 distas

224 1944 337 1973 terras
350 1942 387 1973 et
404 1937 521 1973 officia
538 1937 780 1986 spectantibus
797 1939 857 1975 seu
875 1939 919 1975 de
938 1939 1015 1974 iure
1030 1938 1088 1974 vel
1107 1938 1151 1973 de
1166 1937 1424 1973 consuetudine
1438 1937 1596 1985 spectare
1610 1938 1731 1974 valen-

224 1996 319 2032 tibus
347 1995 385 2031 in
412 1995 575 2031 futurum
606 1996 716 2032 libere
745 1997 865 2044 quiete
894 1997 1054 2045 plenarie
1082 1996 1222 2043 integre
1248 2001 1284 2031 et
1312 1995 1511 2032 honorifice
1530 1995 1621 2031 bene
1639 2002 1675 2032 et
1692 1998 1731 2033 in

224 2067 311 2102 pace
325 2073 334 2083 ·
355 2054 560 2090 Reddendo
578 2053 681 2089 nobis
699 2059 735 2090 et
754 2054 944 2090 heredibus
962 2054 1088 2090 nostris
1105 2054 1264 2103 prefatus
1280 2053 1440 2089 Thomas
1458 2058 1494 2089 et
1512 2054 1661 2090 heredes
1679 2055 1730 2091 sui

226 2112 410 2149 annuatim
429 2112 525 2161 apud
550 2111 701 2149 castrum
728 2112 888 2149 nostrum
911 2113 956 2150 de
975 2113 1110 2161 Forays
1135 2113 1173 2148 in
1199 2111 1284 2148 sesto
1310 2111 1517 2148 Penticostis
1544 2125 1609 2160 pro
1634 2113 1737 2149 dicta-
