2060 2660
575 176 891 213 REGISTRUM
918 178 1280 217 MORAVIENSE.
1600 187 1669 226 169

177 276 295 312 anime
311 275 371 311 sue
388 274 537 311 donavit
552 273 669 310 Priori
682 279 719 310 et
736 275 920 310 monachis
934 275 1036 311 vallis
1051 276 1173 313 Sancti
1188 277 1336 315 Andree
1354 281 1499 329 apostoli
1516 284 1559 319 de
1574 284 1669 319 Plus-

177 334 312 381 cardyn
329 330 560 369 moravienfis
574 330 719 367 diocefis
737 350 746 360 ·
774 345 860 378 quas
874 332 1048 368 multuras
1065 338 1243 370 terrarum
1258 340 1345 372 tunc
1359 338 1533 375 cultarum
1546 342 1668 388 vigore

177 390 379 426 donationis
396 388 599 437 hujusmodi
618 389 707 424 diffl
730 389 867 437 priores
893 396 1132 438 perceperunt
1156 390 1243 427 ficut
1269 398 1305 428 et
1331 394 1445 430 adhuc
1471 398 1669 445 percipiunt

175 447 320 496 pacifice
339 452 375 482 et
392 447 512 494 quiete
526 465 535 474 ·
556 446 604 481 Et
621 459 704 481 cum
722 446 881 482 multura
897 452 1076 483 terrarum
1091 448 1135 484 de
1150 449 1393 491 Quarelwode
1407 452 1670 491 vicecomitatus

177 505 222 541 de
240 504 359 553 Elgyn
384 509 472 540 tunc
498 503 716 539 incultarum
744 516 841 539 nunc
864 517 951 540 vero
977 505 1016 539 in
1042 505 1220 541 culturam
1242 507 1471 544 redactarum
1501 511 1546 546 ad
1576 512 1671 548 dststa

176 562 382 598 molendina
405 561 450 597 de
469 561 589 609 Elgyn
607 574 629 596 a
646 560 774 608 quibus
792 574 856 609 per
873 574 987 597 unum
1006 562 1157 598 milliare
1174 563 1236 599 vix
1253 563 1379 600 distant
1395 565 1528 613 spectet
1545 573 1580 603 et
1597 581 1673 615 per-

176 620 288 655 tineat
307 638 316 647 ·
335 619 418 666 quia
434 617 459 654 fi
476 623 563 654 tunc
581 618 678 654 culte
695 618 837 654 fuifi'ent
856 619 938 654 Rex
960 619 1114 655 donator
1133 620 1308 656 multuras
1324 623 1529 671 percepiffet
1546 630 1581 660 et
1597 638 1673 673 per-

175 677 292 726 cipere
310 676 480 713 debuifl'et
499 676 544 712 de
562 676 691 712 eisdem
705 695 714 703 ·
734 681 771 712 et
794 675 977 724 postquam
1002 682 1097 712 terre
1114 677 1175 713 iste
1193 678 1288 714 culte
1306 685 1408 715 erant
1426 680 1529 716 Prior
1546 688 1582 718 et
1599 696 1671 718 mo-

175 735 279 771 nachi
296 734 450 783 predicti
467 733 579 769 felicis
597 733 856 769 recordationis
876 734 1038 769 Roberto
1056 735 1236 781 quondam
1259 736 1352 783 Regi
1370 737 1491 774 Scocie
1510 757 1519 766 ·
1539 739 1672 776 domini

175 791 283 828 nostri
302 792 413 840 Regis
431 791 596 827 moderni
613 791 769 839 genitori
788 796 824 827 et
841 791 1047 827 immediato
1065 792 1299 840 predecefl'ori
1317 813 1326 821 ·
1344 807 1410 841 pro
1429 796 1673 844 consequenda

169 849 308 898 justicia
333 850 436 898 super
463 849 593 885 eisdem
619 854 655 885 et
681 849 758 884 aliis
784 862 853 896 que
876 849 994 884 minus
1013 849 1106 898 juste
1130 850 1382 886 detinebantur
1399 852 1442 887 ab
1460 852 1536 901 ipfis
1553 867 1673 902 preces

175 907 385 943 obtulerunt
403 912 440 943 et
456 907 545 955 ipsas
562 919 644 943 cum
662 906 828 942 instantia
844 906 1021 955 prosecuti
1041 907 1188 943 fuerunt
1207 927 1215 935 ·
1241 921 1307 944 nec
1324 909 1542 958 negligentia
1559 912 1674 960 aliqua

174 965 294 1013 potuit
310 965 360 1001 eis
377 964 546 1013 imputari
565 984 574 992 ·
593 964 651 1000 sed
665 969 812 1013 propter
827 965 1025 1012 potentiam
1039 970 1075 1000 et
1089 965 1228 1000 divitias
1241 965 1334 1002 bone
1348 968 1519 1004 memorie
1533 968 1672 1006 Thome

178 1022 361 1071 Ranulphi
378 1023 560 1071 quondam
578 1022 717 1058 comitis
735 1022 899 1059 (Doravie
918 1042 927 1050 ·
946 1022 1007 1070 qui
1025 1023 1200 1058 multuras
1218 1023 1302 1059 alias
1320 1037 1365 1059 ex
1381 1024 1570 1073 largitione
1597 1040 1673 1075 pre-

176 1081 264 1116 dicti
282 1081 375 1128 regis
394 1080 595 1116 Alexandri
613 1080 663 1116 eis
681 1080 818 1116 debitas
836 1080 1033 1128 occupabat
1052 1099 1060 1108 ·
1087 1093 1164 1116 non
1187 1086 1384 1129 potuerunt
1402 1083 1565 1131 consequi
1577 1084 1674 1133 justi-

175 1138 228 1174 cie
246 1138 551 1186 complementum
575 1157 584 1166 ·
613 1138 661 1174 Et
687 1136 920 1174 inclitiffimus
946 1138 1112 1186 princeps
1133 1144 1169 1174 et
1193 1138 1359 1175 dominus
1375 1139 1492 1176 noster
1510 1141 1674 1179 dominus

174 1195 295 1232 David
314 1196 386 1232 Dei
406 1196 521 1244 gratia
539 1196 621 1232 Rex
640 1196 763 1232 Scocie
786 1196 982 1232 modernus
1008 1196 1111 1244 super
1137 1196 1203 1232 hiis
1229 1197 1445 1244 cognoscens
1471 1203 1507 1234 et
1531 1199 1670 1247 plenius

174 1253 385 1289 informatus
402 1267 466 1302 per
483 1254 560 1289 suas
577 1253 697 1290 literas
714 1259 877 1302 patentes
896 1266 1028 1301 magno
1046 1252 1157 1302 figillo
1176 1254 1237 1289 suo
1258 1255 1295 1289 in
1316 1255 1487 1303 pendenti
1509 1255 1672 1304 figillatas

174 1316 210 1347 et
227 1311 330 1359 super
347 1311 417 1347 hoc
434 1311 617 1347 confectas
639 1311 833 1347 declaravit
854 1311 1051 1347 multuram
1070 1311 1248 1347 dictarum
1265 1316 1442 1348 terrarum
1461 1313 1505 1349 de
1524 1314 1674 1356 Quarel-

174 1369 279 1405 wode
296 1369 422 1417 vigore
441 1369 537 1405 dicte
556 1369 760 1405 donationis
774 1369 880 1405 dietis
895 1368 1013 1405 Priori
1031 1374 1067 1405 et
1084 1369 1266 1405 monachis
1278 1370 1377 1405 fuiffe
1391 1376 1426 1406 et
1439 1370 1505 1407 efl'e
1519 1371 1673 1408 debitam

175 1432 210 1462 et
227 1426 273 1462 ad
290 1426 381 1475 ipsos
404 1427 585 1475 pertinere
611 1427 741 1463 debere
770 1446 779 1455 ·
808 1432 844 1463 et
866 1427 956 1475 ipsos
974 1439 1038 1475 per
1055 1427 1301 1463 vicecomitem
1318 1427 1419 1463 suum
1437 1428 1481 1464 de
1499 1428 1618 1477 Elgyn
1634 1430 1672 1465 in

176 1485 399 1533 corporalem
416 1483 659 1533 pofl'effionem
683 1485 836 1533 ipsarum
854 1485 1039 1521 mandavit
1057 1490 1092 1521 et
1109 1485 1192 1521 fecit
1209 1485 1330 1520 induci
1359 1504 1368 1513 ·
1396 1484 1526 1533 ipfique
1552 1485 1596 1522 fic
1621 1487 1673 1522 in-

176 1543 278 1578 ducti
295 1543 429 1579 nedum
446 1555 511 1591 per
529 1543 589 1578 ·xl·
605 1543 680 1579 dies
696 1543 755 1578 sed
772 1556 836 1591 per
854 1542 975 1591 plures
988 1543 1123 1578 menses
1137 1541 1378 1590 pofl'effionem
1392 1543 1569 1578 dictarum
1584 1544 1673 1579 mul-

175 1606 337 1636 turarum
355 1606 551 1636 tenuerunt
569 1606 605 1636 et
622 1600 826 1636 habuerunt
843 1600 990 1648 pacifice
1012 1605 1047 1636 et
1070 1600 1188 1647 quiete
1212 1605 1248 1635 et
1269 1599 1357 1647 ipsas
1378 1607 1615 1648 perceperunt
1638 1608 1672 1637 et

175 1658 212 1693 in
237 1657 320 1693 usus
342 1657 421 1693 suos
441 1663 701 1694 converterunt
718 1671 759 1693 ac
778 1658 822 1693 de
842 1658 891 1693 eis
910 1657 1155 1705 disposuerunt
1172 1670 1237 1704 pro
1255 1657 1315 1692 sue
1332 1657 1433 1692 libito
1451 1657 1645 1694 voluntatis
1664 1678 1671 1686 ·

174 1715 302 1751 sciente
315 1720 352 1752 et
364 1715 522 1763 patiente
537 1715 685 1751 domino
702 1715 865 1751 Roberto
884 1715 929 1751 de
944 1714 1156 1750 Chessiolme
1169 1714 1281 1749 milite
1300 1714 1446 1749 domino
1465 1714 1509 1750 de
1524 1715 1673 1757 Quarel-

175 1773 273 1809 wode
288 1792 296 1802 ·
324 1773 380 1809 Ex
398 1773 526 1821 quibus
543 1773 687 1809 videtur
704 1773 802 1820 quod
820 1778 894 1808 tam
913 1772 1060 1807 donatio
1078 1784 1185 1819 quam
1203 1769 1415 1819 pofl'effionis
1433 1772 1670 1808 multurarum

123 1840 126 1842 “
173 1829 400 1879 apprehenfio
418 1830 524 1867 debet
540 1830 644 1866 firma
662 1836 698 1866 et
715 1830 843 1866 stabilis
866 1842 1052 1866 remanere
1071 1848 1080 1857 ·
1109 1829 1156 1864 Et
1174 1828 1427 1864 nichilominus
1444 1829 1538 1865 idem
1557 1829 1668 1865 domi-

173 1901 240 1924 nus
261 1888 378 1924 noster
398 1889 479 1924 Rex
506 1889 699 1924 modernus
725 1901 789 1936 per
814 1888 891 1923 suas
916 1887 1037 1923 literas
1062 1891 1225 1935 patentes
1250 1886 1352 1921 nobis
1372 1886 1580 1923 Alexandro
1598 1887 1669 1923 Dei

173 1946 287 1994 gratia
304 1946 466 1995 episcopo
485 1945 699 1983 moraviensi
716 1945 873 1994 injunxit
890 1945 951 1980 sub
969 1957 1062 1993 pena
1079 1945 1240 1980 omnium
1258 1957 1327 1992 que
1343 1957 1427 1992 erga
1443 1944 1554 1992 ipsum
1571 1945 1670 1980 amit-

174 2009 250 2039 tere
266 2009 473 2052 poteramus
491 2003 582 2052 ipsos
599 2008 635 2039 et
652 2003 855 2051 hujusmodi
875 2000 1119 2050 pofl'effionem
1145 2002 1337 2037 defendere
1359 2006 1395 2037 et
1416 2001 1510 2037 tueri
1536 2021 1544 2030 ·
1568 2001 1669 2037 nobis

175 2059 353 2097 infinuans
377 2074 442 2109 per
470 2061 555 2096 alias
583 2061 659 2096 suas
686 2061 808 2096 literas
834 2060 930 2107 quod
956 2058 981 2095 fi
1006 2059 1140 2107 aliquid
1165 2059 1203 2094 in
1230 2059 1449 2095 contrarium
1474 2059 1669 2107 perciperet

176 2118 409 2165 equanimiter
426 2118 598 2154 toleraret
615 2118 712 2165 quod
730 2130 805 2153 non
821 2117 924 2153 fieret
947 2136 956 2145 ·
984 2123 1020 2153 et
1037 2129 1104 2152 nos
1121 2116 1154 2152 ei
1172 2116 1340 2152 debemus
1358 2115 1544 2151 rescribere
1562 2128 1668 2163 quare

174 2174 252 2211 fieri
273 2188 350 2211 non
375 2175 482 2212 debet
500 2195 508 2204 ·
538 2175 631 2211 Item
657 2175 891 2223 proponimus
915 2179 951 2210 et
977 2174 1127 2210 dicimus
1151 2174 1248 2221 quod
1271 2173 1341 2221 ipse
1367 2173 1531 2208 dominus
1549 2172 1607 2207 ·R·
1622 2172 1665 2207 de

176 2231 384 2269 Cheffielme
407 2234 509 2270 miles
531 2233 608 2281 post
631 2238 668 2269 et
692 2238 819 2268 contra
834 2232 997 2280 premiffa
1013 2237 1149 2268 temere
1166 2231 1312 2267 veniens
1329 2230 1504 2277 quendam
1522 2227 1667 2263 huiban-

176 2289 263 2326 dum
279 2291 337 2326 cui
356 2290 461 2327 Prior
472 2290 631 2340 prefatus
648 2289 823 2326 multuras
841 2290 885 2326 de
900 2289 1143 2332 Quarelwode
1160 2288 1412 2324 arrendaverat
1428 2286 1519 2321 infra
1535 2290 1665 2321 terram

911 2359 933 2383 Y
