2060 2660
259 1546 326 1578 1⁴24

366 179 435 215 136
765 177 1081 216 REGISTRUM
1109 175 1470 212 MORAVIENSE.

366 279 485 314 David
504 292 609 327 quam
634 292 676 314 ea
698 292 767 326 que
790 279 883 314 idem
906 278 1096 326 Episcopus
1115 275 1219 311 evicit
1238 275 1282 309 de
1301 274 1398 308 dieto
1419 271 1600 307 Willelmo
1622 271 1666 306 de
1686 271 1860 308 Fentwne

364 337 475 372 milite
499 356 507 364 ·
536 336 682 372 dimittit
700 336 815 372 eidem
835 335 955 371 David
974 333 1162 369 heredibus
1185 332 1252 366 suis
1272 330 1329 365 vel
1347 328 1550 376 aflingnatis
1573 329 1618 363 ad
1640 329 1781 364 feodam
1803 330 1861 365 fir-

364 407 457 429 mam
476 400 684 442 perpetuam
703 406 768 442 pro
787 399 930 429 centum
948 391 1064 426 solidis
1077 389 1327 435 sterlingorum
1342 385 1469 421 annuis
1483 386 1598 421 eidem
1615 386 1788 435 Episcopo
1803 387 1858 423 vel

363 452 610 487 successoribus
628 452 695 487 suis
712 451 887 486 solvendis
905 450 950 484 ad
969 449 1058 483 duos
1076 447 1160 482 anni
1182 444 1353 480 terminos
1379 462 1386 471 ·
1411 443 1579 479 videlicet
1602 445 1859 493 quinquaginta

362 509 479 545 solidis
505 510 550 545 ad
577 509 700 545 festum
727 506 968 555 assumptionis
994 505 1096 540 beate
1119 503 1233 539 marie
1253 501 1414 548 Virginis
1438 507 1474 536 et
1499 500 1576 536 aliis
1601 502 1859 550 quinquaginta

362 567 479 603 solidis
502 567 547 602 ad
571 566 694 602 festum
714 563 974 601 Purificationis
996 561 1151 609 ejusdem
1179 579 1187 587 ·
1215 558 1283 594 five
1308 558 1405 593 dhsta
1422 564 1518 593 terra
1535 572 1617 594 cum
1636 560 1858 607 pertinentiis

362 631 397 661 et
415 624 559 673 piscaria
576 630 714 659 tantum
735 623 852 658 valeat
875 619 942 655 five
967 631 1040 654 non
1069 637 1077 645 ·
1105 622 1141 652 et
1163 616 1258 664 quod
1282 615 1494 651 solutionem
1514 615 1693 652 diGtorum
1713 624 1856 654 centum

361 681 551 717 solidorum
578 681 646 729 ipse
670 680 817 715 heredes
840 679 889 713 sui
917 682 952 713 et
974 674 1157 723 affingnati
1181 674 1315 709 evitare
1341 685 1416 708 non
1443 673 1585 709 valeant
1612 676 1857 711 renunciando

361 739 456 775 dnae
474 739 576 774 firme
595 758 603 766 ·
636 738 682 773 Et
703 737 727 773 fi
750 737 935 783 contingat
958 734 1094 770 dictum
1114 731 1327 779 Episcopum
1351 730 1558 767 succeffores
1575 731 1654 767 suos
1672 733 1729 768 vel
1748 733 1858 769 eccle-

361 796 440 832 siam
460 797 554 832 suam
574 795 671 831 istam
690 794 965 830 conventionem
985 791 1086 838 super
1104 789 1243 823 firmam
1262 801 1434 824 enervare
1451 788 1508 824 vel
1527 790 1722 826 retraetare
1741 804 1762 826 a
1780 804 1857 839 pre-

360 855 458 890 dicto
481 853 600 889 David
626 852 813 888 heredibus
840 851 906 886 suis
931 849 988 884 vel
1014 846 1191 894 affignatis
1211 866 1219 874 ·
1244 846 1323 881 vult
1341 846 1434 882 idern
1455 846 1574 881 David
1593 848 1690 894 quod
1709 849 1855 885 donatio

360 912 502 960 piscarie
521 924 584 959 per
602 910 710 958 ipsum
731 909 824 944 facta
843 920 906 956 pro
923 907 1138 954 supervacua
1154 903 1326 939 habeatur
1345 909 1380 939 et
1399 904 1498 939 irrita
1517 923 1525 931 -
1540 904 1635 939 salvo
1647 905 1731 953 jure
1745 907 1856 955 cujus-

360 969 445 1005 libet
469 988 477 997 ·
502 974 537 1004 et
558 968 602 1003 ad
628 967 738 1015 ipsum
766 965 912 1001 heredes
934 964 1012 999 suos
1033 962 1091 997 vel
1115 959 1329 1009 affingnatos
1355 966 1556 997 revertetur
1575 981 1583 989 ·
1614 962 1657 997 In
1681 963 1782 1011 cujus
1804 965 1855 1000 rei

359 1026 595 1062 testimonium
623 1025 655 1060 ei
683 1024 773 1072 parti
800 1023 905 1071 hujus
931 1021 1101 1068 scripture
1129 1020 1165 1054 in
1192 1019 1339 1054 modum
1368 1019 1569 1066 cirographi
1598 1020 1758 1057 confecte
1787 1035 1855 1069 que

358 1097 466 1132 penes
485 1084 617 1119 dictum
639 1081 850 1127 Episcopum
870 1079 917 1115 est
935 1077 1139 1114 remansura
1156 1076 1306 1125 figillum
1326 1077 1410 1113 dicti
1431 1076 1551 1112 David
1570 1077 1618 1113 est
1635 1079 1826 1125 appensum
1845 1100 1854 1108 ·

357 1141 460 1177 alteri
484 1154 569 1176 vero
596 1140 687 1186 parti
712 1152 819 1185 penes
843 1137 1042 1184 predictum
1068 1135 1190 1171 David
1213 1135 1411 1180 remanenti
1439 1133 1590 1182 sigillum
1612 1136 1696 1171 dicti
1719 1137 1855 1173 domini

361 1198 520 1244 Episcopi
549 1210 620 1233 una
647 1210 727 1233 cum
757 1195 938 1231 communi
969 1193 1081 1241 figillo
1109 1192 1256 1239 capituli
1286 1191 1517 1229 moraviensis
1549 1192 1597 1229 est
1627 1193 1824 1241 appofitum
1844 1215 1853 1223 ·

357 1255 517 1291 Testibus
535 1260 590 1290 etc
605 1274 613 1282 ·

356 1429 465 1465 Carta
482 1426 761 1464 confirmationis
780 1445 788 1454 ·

355 1542 532 1580 Omnibus
549 1542 616 1577 hoc
634 1541 800 1589 scriptum
820 1540 943 1576 visuris
961 1540 1018 1575 vel
1039 1540 1214 1575 audituris
1234 1539 1482 1575 Archebaldus
1501 1540 1573 1575 Dei
1595 1541 1710 1588 gratia
1733 1543 1851 1578 (Dora-

354 1598 478 1636 vienfis
501 1599 680 1647 episcopus
707 1599 852 1634 salutem
877 1599 913 1633 in
938 1598 1100 1633 Domino
1119 1617 1128 1626 ·
1155 1597 1339 1634 Noveritis
1360 1598 1456 1645 quod
1474 1611 1555 1633 cum
1574 1598 1676 1646 super
1694 1604 1789 1634 terra
1807 1600 1850 1635 de

358 1657 612 1704 Kintarlargyn
629 1662 664 1691 et
678 1656 821 1704 piscaria
837 1655 993 1691 fluminis
1012 1656 1056 1691 de
1075 1655 1203 1691 Thorn
1223 1655 1461 1704 spectantibus
1479 1655 1524 1691 ad
1542 1669 1608 1691 nos
1622 1662 1657 1691 et
1672 1655 1849 1692 ecclefiam

354 1714 507 1750 nostram
526 1713 783 1750 moraviensem
803 1719 899 1748 mota
917 1713 1030 1748 fuisset
1048 1711 1287 1748 controverfia
1301 1718 1337 1748 et
1350 1713 1535 1748 contentio
1550 1713 1744 1761 periculosa
1757 1714 1850 1750 inter

356 1772 539 1808 dominum
560 1771 778 1805 Willelmum
798 1771 841 1806 de
862 1771 1036 1807 Fentwne
1056 1771 1204 1806 militem
1223 1776 1259 1806 et
1277 1771 1463 1806 dominum
1484 1771 1604 1806 David
1626 1771 1670 1807 de
1689 1771 1849 1807 Graham

355 1829 503 1864 militem
523 1848 531 1856 ·
553 1841 594 1863 ac
612 1828 765 1876 ejusdem
786 1828 905 1863 David
930 1829 1097 1864 heredem
1118 1828 1311 1864 Patricium
1335 1847 1343 1856 ·
1372 1841 1457 1875 quas
1481 1834 1612 1863 terram
1636 1828 1789 1864 nostram
1814 1836 1849 1865 et

355 1886 534 1935 piscariam
554 1886 651 1920 dicto
671 1885 816 1920 domino
837 1885 956 1920 David
975 1892 1010 1921 et
1028 1886 1218 1922 heredibus
1239 1885 1306 1921 suis
1327 1898 1393 1934 pro
1414 1891 1560 1921 centum
1582 1885 1698 1921 solidis
1722 1888 1849 1923 annuis

354 1943 456 1979 nobis
474 1949 509 1979 et
527 1943 773 1978 suceefforibus
791 1942 915 1978 nostris
933 1943 1108 1979 solvendis
1125 1943 1170 1979 ad
1188 1943 1328 1979 feodam
1347 1943 1486 1978 firmam
1504 1942 1734 1979 concessimus
1752 1964 1760 1972 ·
1783 1958 1848 1980 nos

355 2001 399 2037 de
413 2000 580 2037 consensu
595 2006 631 2035 et
645 2000 775 2035 affensu
790 2000 929 2036 Decani
943 2007 979 2036 et
992 2001 1138 2049 capituli
1152 2001 1282 2036 nostri·
1297 2006 1333 2037 et
1347 2001 1391 2037 de
1402 2000 1588 2037 voluntate
1602 2001 1688 2037 dicti
1706 2002 1847 2037 Patricii

354 2059 449 2094 dic‘ce
467 2058 569 2094 seode
587 2058 688 2093 firme
708 2058 744 2092 in
762 2058 923 2093 manibus
941 2058 1065 2094 nostris
1083 2059 1326 2095 renunciantis
1350 2078 1358 2087 ·
1386 2064 1423 2094 et
1443 2058 1489 2094 ad
1509 2071 1631 2106 preces
1654 2058 1847 2094 instantiffi-

356 2129 428 2151 mas
446 2116 625 2151 dietorum
645 2115 780 2150 domini
800 2115 969 2150 Willelmi
988 2122 1023 2151 et
1043 2116 1185 2152 Patricii
1204 2136 1213 2144 ·
1232 2122 1273 2152 ut
1297 2116 1477 2152 evitentur
1495 2115 1653 2164 pericula
1669 2117 1792 2163 gravia
1810 2117 1846 2152 in

354 2174 418 2209 hac
437 2178 536 2221 parte
555 2172 649 2207 bono
666 2172 759 2220 pacis
777 2172 1009 2220 persuadente
1028 2193 1036 2201 ·
1056 2174 1138 2221 quia
1155 2174 1253 2209 ἀίἇὶῆ
1269 2174 1372 2209 firma
1390 2173 1576 2209 videbatur
1594 2173 1741 2208 onerosa
1760 2193 1767 2201 -
1788 2174 1846 2209 de-

354 2231 436 2266 diffe
460 2249 469 2258 ·
497 2228 693 2265 concessifl'e
712 2236 747 2265 et
765 2229 916 2277 presenti
934 2230 1061 2278 scripto
1080 2231 1298 2267 confirmasse
1316 2237 1429 2267 totam
1448 2236 1579 2266 terram
1597 2230 1749 2266 nostram
1768 2244 1845 2279 pre-

354 2288 485 2324 dictam
511 2285 651 2323 ecclefie
670 2287 714 2323 de
735 2286 983 2335 Kyntalargyn
1001 2301 1081 2324 cum
1101 2289 1324 2337 pertinentiis
1350 2294 1386 2325 et
1411 2287 1512 2324 totali
1539 2287 1684 2336 piscaria
1703 2288 1746 2324 de
1767 2288 1844 2325 Effe
