2060 2660
273 1718 339 1753 195

384 183 455 218 226
774 182 1090 219 REGISTRUM
1118 182 1481 220 MORAVIENSE.

383 281 582 317 valentibus
614 282 651 317 in
681 281 841 318 futurum
870 288 905 318 et
932 282 1020 318 adeo
1047 281 1156 317 libere
1185 281 1302 328 quiete
1330 279 1489 328 plenarie
1512 278 1651 326 integre
1681 280 1876 318 honorifice

382 338 472 374 bene
499 345 535 375 et
561 339 598 374 in
623 353 709 387 pace
734 340 770 375 in
793 340 958 375 omnibus
976 344 1011 374 et
1028 352 1092 385 per
1111 339 1232 373 omnia
1248 336 1335 372 ficut
1352 336 1469 382 aliqua
1486 336 1651 383 regalitas
1669 337 1727 372 seu
1745 338 1876 387 regalia

382 397 581 444 cuicunque
605 396 745 433 ecclefie
772 403 834 433 aut
860 397 1015 445 personis
1039 393 1270 430 ecclesiasticis
1288 393 1553 440 quibuscunque
1571 393 1608 428 in
1627 407 1738 442 regno
1757 396 1875 432 nostro

381 453 525 489 liberius
552 455 705 501 quietius
729 461 790 490 aut
818 453 1111 489 honorificentius
1141 451 1351 486 conceditur
1376 450 1435 485 seu
1463 450 1618 486 donatur
1637 471 1645 479 ·
1676 452 1876 489 Reddendo

381 512 463 546 inde
494 512 678 547 annuatim
709 512 811 547 nobis
842 510 1030 546 heredibus
1054 514 1090 544 et
1116 507 1364 543 successoribus
1390 507 1516 543 nostris
1546 509 1663 544 diffisus
1693 510 1876 547 Johannes

380 569 561 617 episcopus
579 568 807 605 moraviensis
826 574 861 603 et
879 568 928 603 sui
946 566 1152 601 successores
1174 563 1315 600 ecclesie
1334 564 1564 601 ffloravienfis
1590 566 1740 615 episcopi
1767 581 1874 604 unam

380 627 491 662 rosam
519 627 665 662 rubeam
692 627 734 661 ad
763 625 885 661 festum
908 623 1114 660 Nativitatis
1131 622 1225 657 beati
1243 622 1418 658 Johannis
1437 622 1590 671 Baptiste
1608 625 1703 671 apud
1721 625 1875 673 burgum

379 684 536 720 nostrum
556 685 599 719 de
621 684 793 719 Inuernes
811 682 956 717 nomine
975 680 1052 715 albe
1070 679 1171 714 firme
1190 678 1214 714 fi
1232 684 1374 727 petatur
1393 699 1401 707 ·
1429 685 1466 715 et
1489 681 1692 716 orationum
1715 682 1876 731 suffragia

378 742 588 777 devotarum
616 746 755 776 tantum
782 753 847 786 pro
874 738 975 773 seffls
1002 737 1100 772 curie
1130 749 1170 771 ac
1199 737 1297 771 omni
1328 737 1397 772 alio
1424 750 1534 773 onere
1561 739 1748 785 exa6fione
1779 742 1875 787 ques.

377 800 474 834 tione
503 799 679 834 demanda
706 803 767 832 aut
795 796 934 832 servitio
964 794 1108 830 seculari
1132 807 1201 841 que
1223 795 1267 830 de
1292 794 1397 830 dictis
1423 795 1572 831 baronia
1594 801 1629 831 et
1652 796 1767 844 burgo
1792 812 1872 834 cum

376 856 599 904 pertinentiis
622 868 685 903 per
707 854 933 901 quoscunque
952 851 1044 900 juste
1068 852 1162 899 exigi
1184 852 1341 900 poterint
1359 852 1416 887 vel
1434 853 1565 899 requiri
1591 880 1599 888 .
1640 854 1684 889 In
1703 855 1803 903 cujus
1822 857 1872 891 rei

375 913 613 948 testimonium
638 912 789 960 presenti
813 916 908 946 carte
932 909 1049 944 nostre
1071 922 1241 957 magnum
1260 908 1410 956 figillum
1430 909 1587 945 nostrum
1606 912 1737 958 apponi
1755 926 1873 960 prece-

375 971 490 1018 pimus
503 990 510 998 ·
539 969 700 1005 Testibus
718 967 922 1004 reverendis
939 967 977 1001 in
993 966 1132 1002 Christo
1151 966 1309 1014 patribus
1326 966 1462 1003 Jacobo
1481 973 1516 1002 et
1536 967 1717 1003 Willelmo
1737 970 1873 1006 Sancffi-

373 1029 506 1063 andree
541 1033 577 1063 et
612 1025 836 1074 Glesguenfis
875 1023 1099 1060 ecclesiarum
1139 1024 1308 1072 episcopis
1347 1044 1354 1052 ·
1400 1023 1573 1060 cariffimo
1610 1026 1871 1074 consanguineo

373 1085 491 1121 nostro
511 1084 672 1131 Georgio
696 1084 825 1119 comite
845 1081 1003 1130 Angufie
1024 1102 1032 1110 -
1060 1082 1243 1117 W'illelmo
1262 1083 1409 1118 domino
1425 1082 1636 1130 Crychtoun
1655 1083 1773 1119 nostro
1792 1098 1871 1121 can-

372 1143 515 1178 cellario
534 1147 570 1177 et
588 1141 850 1188 consanguineo
868 1140 1068 1188 predile&o
1084 1159 1092 1167 ·
1113 1140 1253 1175 dilectis
1268 1140 1537 1187 consanguineis
1550 1140 1676 1176 nost-ris
1689 1141 1871 1179 willelmo

372 1200 517 1235 domino
538 1199 756 1247 Somyrwele
775 1218 783 1226 ·
816 1198 969 1233 Patricio
989 1197 1136 1233 domino
1151 1197 1292 1233 Glamis
1313 1217 1321 1225 ·
1354 1197 1505 1233 Andrea
1523 1198 1668 1234 domino
1688 1199 1732 1235 de
1747 1199 1847 1248 Gray
1860 1221 1868 1228 -

370 1256 540 1304 magistris
557 1257 722 1293 Johanne
742 1255 884 1291 Arrous
902 1255 1153 1291 archidiacono
1173 1254 1392 1303 Glesgwenfi
1419 1261 1454 1291 et
1473 1255 1636 1303 Georgio
1655 1257 1699 1292 de
1719 1257 1870 1293 Schoris-

370 1315 452 1350 wod
480 1315 621 1349 re&ore
654 1314 698 1348 de
727 1313 856 1361 Cultyr
883 1313 1013 1348 clerico
1040 1312 1159 1348 nostro
1179 1332 1187 1341 ·
1214 1313 1310 1361 apud
1340 1312 1553 1361 Edinburgh
1578 1314 1716 1349 decimo
1744 1315 1868 1362 quinto

369 1373 425 1407 die
441 1371 565 1407 mensis
579 1370 732 1419 Augusti
747 1384 842 1406 anno
855 1371 1007 1406 Domini
1023 1369 1204 1406 millesimo
1219 1369 1565 1419 quadringentesimo
1580 1371 1868 1420 quinquagesimo

369 1430 522 1465 secundo
543 1435 577 1465 et
596 1429 697 1477 regni
715 1428 825 1464 nostri
847 1428 985 1464 decimo
1004 1428 1102 1464 sexto
1117 1447 1125 1455 ·

373 1601 648 1638 Instrumentum
669 1602 771 1651 super
789 1602 1057 1651 exceptionibus
1075 1602 1113 1637 in
1130 1602 1358 1638 revocatione
1379 1601 1489 1649 Regis
1507 1601 1631 1639 Jacobi
1654 1601 1704 1636 11·

372 1716 415 1751 In
429 1715 498 1751 Dei
511 1716 655 1751 nomine
666 1729 769 1752 amen
778 1736 785 1744 ·
807 1717 875 1752 Per
886 1718 954 1753 hoc
965 1717 1106 1766 presens
1118 1717 1300 1766 publicum
1312 1716 1583 1752 instrumentum
1597 1717 1737 1753 cuntffis
1747 1723 1865 1766 pateat

370 1773 553 1808 evidenter
571 1774 666 1820 quod
691 1787 786 1809 anno
809 1775 852 1810 ab
874 1775 1119 1811 incarnatione
1142 1775 1296 1823 ejusdem
1316 1773 1499 1810 millesimo
1520 1774 1864 1822 quadringentesimo

369 1829 656 1878 quinquagesimo
683 1832 807 1878 quinto
834 1851 841 1859 ·
872 1833 928 1868 die
946 1832 1047 1869 Jovis
1065 1833 1102 1868 in
1120 1832 1205 1868 festo
1224 1832 1317 1868 beati
1336 1832 1521 1869 michaelis
1539 1833 1583 1868 de
1602 1838 1724 1868 monte
1742 1833 1865 1869 tumba

370 1888 506 1923 decima
520 1888 615 1922 sexta
629 1888 686 1923 die
701 1887 825 1924 mensis
839 1888 1010 1925 Octobris
1023 1910 1031 1918 ·
1047 1890 1245 1926 indictione
1259 1896 1385 1937 quarta
1397 1909 1405 1918 ·
1421 1890 1648 1938 pontificatus
1666 1889 1863 1926 sanfifissimi

368 1947 404 1980 in
420 1944 558 1980 Christo
573 1945 681 1992 patris
696 1951 731 1981 et
746 1946 881 1981 domini
895 1946 1002 1982 nostri
1019 1948 1153 1983 domini
1169 1947 1301 1984 Calixti
1316 1947 1436 1983 divina
1450 1947 1657 1995 disponente
1675 1948 1864 1984 clementia

366 2015 455 2050 pape
474 2002 570 2037 tertii
588 2015 682 2037 anno
700 2003 815 2051 primo
835 2023 843 2031 ·
871 2004 908 2039 in
925 2005 995 2040 mei
1013 2006 1144 2041 notarii
1161 2005 1293 2053 publici
1312 2010 1348 2041 et
1365 2004 1504 2040 testium
1523 2005 1746 2053 aliorumque
1764 2010 1862 2041 nota-

366 2061 501 2095 riorum
527 2060 753 2095 dominorum
781 2074 821 2096 ac
847 2061 985 2097 testium
1008 2063 1280 2111 subscriptorum
1299 2062 1474 2111 presentia
1490 2062 1722 2111 personaliter
1739 2062 1862 2098 consti-

365 2123 463 2152 tutus
481 2115 788 2152 excellentissimus
811 2118 974 2166 princeps
993 2125 1028 2155 et
1046 2120 1213 2156 dominus
1237 2119 1354 2156 noster
1376 2118 1678 2155 metuendissimus
1696 2120 1861 2155 dominus

363 2174 518 2211 Jacobus
531 2174 704 2209 secundus
720 2175 800 2210 Rex
812 2176 1001 2211 Scotorum
1017 2176 1274 2213 illustrissimus·
1288 2182 1428 2214 matura
1442 2177 1695 2213 deliberatione
1711 2177 1861 2212 avisatus

364 2230 586 2267 considerans
609 2231 705 2279 quod
728 2232 839 2268 multe
863 2238 898 2268 et
922 2233 1055 2270 diverse
1081 2235 1293 2271 donationes
1320 2235 1578 2271 infeudationes
1596 2241 1631 2270 et
1648 2234 1716 2270 alie
1741 2247 1860 2281 quam·
