2060 2660
88 919 149 957 171

576 179 682 215 REG
690 179 893 215 ISTRUM
922 179 1284 215 MORAVIENSE.
1604 184 1676 216 ⁶203

186 280 232 315 Et
252 292 317 327 ego
335 278 518 316 Johannes
536 278 580 312 de
600 277 681 312 Ard
699 277 849 312 clericus
867 276 1098 313 moraviensis
1125 278 1313 325 dyoceseos
1338 278 1500 325 publicus
1526 279 1679 314 au&ori-

184 343 256 373 tate
286 335 458 384 imperiali
487 335 647 370 notarius
676 335 759 369 dum
794 334 915 369 omnia
945 339 981 369 et
1011 333 1147 382 fingula
1177 334 1237 369 ista
1267 334 1394 369 fierent
1426 340 1461 369 et
1488 342 1679 381 agerentur

184 407 255 430 una
272 406 351 429 cum
370 393 540 441 predictis
558 392 701 428 testibus
724 391 866 440 presens
889 391 940 426 fui
964 397 999 426 et
1024 405 1066 427 ea
1087 392 1165 427 fieri
1183 392 1256 426 vidi
1278 403 1313 426 et
1338 391 1457 425 audivi
1481 397 1516 426 et
1539 393 1679 439 presens

182 451 362 500 publicum
380 450 654 485 instrumentum
672 462 736 497 per
754 449 863 484 alium
884 462 939 484 me
961 449 1133 497 impedito
1152 449 1320 496 scriptum
1338 449 1376 482 in
1394 448 1484 482 hanc
1502 448 1675 495 publicam

181 509 333 544 formam*
359 508 481 556 redegi
508 507 676 556 signoque
703 520 783 542 meo
815 506 916 542 solito
943 505 1074 554 signavi
1105 507 1143 541 in
1168 506 1406 542 testimonium
1434 505 1678 552 premifl'orum

182 564 363 613 requisitus
378 585 386 593 -

183 738 336 775 Collatio
367 739 597 774 canonicatus
625 737 766 774 ecclefie
798 736 1028 775 moravienfis
1059 742 1095 773 et
1125 736 1306 784 prebende
1338 735 1461 771 Sancti
1494 734 1612 781 Egidii
1643 735 1679 769 iu

182 796 303 831 eadem
324 802 359 831 et
376 796 506 831 vicarie
526 795 666 832 ecclefie
686 796 729 831 de
749 796 868 844 Elgyn
888 815 896 823 ·

183 911 391 947 Alexander
410 912 482 947 Dei
509 912 624 959 gratia
651 912 833 960 episcopus
857 909 1087 947 moraviensis
1114 911 1248 947 dilecto
1274 909 1376 946 nobis
1394 910 1431 945 in
1451 907 1591 945 Christo
1609 921 1680 942 ma-

181 968 287 1016 gistro
308 969 488 1004 Willelmo
508 969 671 1005 Gerland
698 969 898 1005 subdecano
925 968 1066 1004 ecclesie
1089 969 1207 1005 nostre
1234 969 1382 1004 salutem
1409 981 1491 1004 cum
1517 966 1680 1003 benedic-

181 1027 279 1062 tione
299 1027 419 1061 divina
431 1046 439 1054 ·
460 1027 556 1068 Quia
569 1028 818 1062 canonicatum
834 1025 975 1062 ecclesie
989 1026 1218 1063 moraviensis
1232 1027 1393 1075 predicte
1412 1031 1447 1061 et
1464 1024 1680 1074 prebendam

182 1088 326 1119 centum
353 1084 545 1119 solidorum
574 1082 642 1119 five
662 1084 784 1120 Sancti
803 1084 923 1131 Egidii
942 1084 978 1119 in
997 1084 1121 1119 eadem
1140 1098 1222 1119 cum
1240 1084 1371 1119 vicaria
1396 1081 1537 1119 ecclesie
1560 1082 1603 1117 de
1623 1081 1680 1117 El-

180 1155 252 1189 gyn
282 1154 421 1177 annexa
448 1155 533 1188 quas
562 1142 697 1177 dudum
727 1142 894 1176 dominus
912 1141 1114 1177 Willelmus
1139 1142 1182 1177 de
1202 1141 1440 1187 Lonkfordyn
1469 1140 1678 1189 optinebat·

182 1198 370 1247 resignatas
396 1212 460 1247 per
485 1199 594 1247 ipsum
620 1200 657 1234 in
684 1199 847 1234 manibus
874 1198 998 1234 nostris
1017 1218 1025 1226 ·
1050 1199 1151 1234 causa
1168 1199 1445 1247 permutacionis
1462 1198 1580 1233 fiende
1598 1210 1679 1233 cum

180 1257 347 1292 Johanne
374 1257 418 1292 de
444 1256 680 1304 Abyrkerdor
706 1270 771 1304 pro
798 1256 1010 1291 cancellaria
1036 1255 1176 1292 ecclesie
1202 1255 1406 1293 Catenensis
1425 1261 1460 1291 et
1478 1255 1681 1304 capellaniis

182 1314 304 1349 Sancti
323 1314 506 1350 (Dichaelis
534 1314 571 1349 in
600 1313 742 1350 ecclesia
765 1313 883 1349 nostra
912 1314 1106 1349 cathedrali
1133 1319 1169 1349 et
1195 1315 1239 1349 de
1266 1314 1299 1349 le
1320 1314 1430 1349 Inclie
1457 1314 1494 1348 in
1519 1313 1681 1348 manibus

180 1371 305 1406 nostris
323 1385 386 1420 per
403 1372 515 1419 ipsum
535 1372 720 1407 dominum
738 1372 942 1408 Johannem
970 1372 1071 1407 causa
1098 1372 1193 1407 dicte
1217 1371 1494 1419 permutacionis
1520 1370 1679 1406 faciende

180 1428 360 1477 resignatis
380 1430 423 1465 de
441 1429 584 1464 licentia
602 1434 637 1465 et
655 1429 824 1477 potestate
840 1430 975 1465 domini
992 1429 1153 1478 Episcopi
1172 1428 1375 1465 Catenensis
1388 1449 1396 1457 ·
1416 1429 1514 1464 dicto
1533 1429 1679 1464 domino

182 1487 205 1524 J
207 1487 339 1522 ohanni
351 1487 394 1522 de
409 1487 645 1534 Abyrkerdor
656 1488 874 1522 contulimus
886 1493 922 1522 et
935 1493 1061 1523 tenore
1073 1487 1287 1535 presentium
1302 1487 1518 1522 conserimus
1530 1506 1538 1514 ·
1554 1486 1680 1534 ipsum-

181 1558 249 1592 que
267 1558 330 1592 per
349 1544 522 1579 annulum
547 1544 704 1580 nostrum
723 1544 964 1580 investivimus
983 1545 1239 1593 presentialiter
1257 1545 1301 1580 de
1319 1545 1531 1580 canonicatu
1550 1549 1585 1579 et
1602 1557 1680 1591 pre-

180 1602 296 1637 benda
315 1607 350 1637 et
367 1602 499 1637 vicaria
521 1602 691 1650 predictis
715 1622 723 1630 ·
747 1616 869 1637 curam
888 1608 924 1638 et
941 1602 1280 1638 administrationem
1299 1602 1492 1638 earundem
1512 1614 1594 1637 cum
1613 1601 1680 1636 suis

179 1659 407 1707 pertinenciis
421 1658 590 1694 universis
604 1658 663 1695 fibi
678 1660 872 1707 specialiter
891 1660 1149 1695 committendo
1165 1680 1173 1688 ·
1188 1660 1288 1695 vobis
1306 1661 1343 1694 in
1361 1660 1494 1695 virtute
1513 1659 1679 1694 obedien-

179 1717 227 1752 tie
255 1717 464 1751 mandamus
491 1722 666 1763 quatenus
690 1718 801 1765 ipsum
824 1718 1010 1753 dominum
1032 1717 1236 1754 ,Iohannem
1254 1718 1291 1752 in
1309 1716 1533 1765 corporalem
1551 1722 1587 1752 et
1605 1730 1679 1752 rea-

180 1774 250 1809 lem
276 1772 518 1822 poss'eflionem
544 1775 774 1810 canonicatus
794 1794 802 1803 ·
830 1775 1011 1823 prebende
1029 1781 1065 1811 et
1082 1776 1212 1811 vicarie
1233 1775 1477 1823 predictarum
1503 1775 1678 1810 inducatis

130 1841 133 1843 ’
182 1836 217 1867 et
234 1831 421 1866 instituatis
440 1850 448 1859 ·
467 1831 605 1867 stallum
623 1831 682 1867 fibi
702 1832 738 1867 in
757 1833 867 1868 choro
886 1838 922 1868 et
940 1832 1059 1868 locum
1078 1833 1115 1868 in
1133 1833 1288 1881 capitulo
1308 1832 1493 1868 consuetos
1511 1845 1591 1867 cum
1607 1832 1679 1880 ple-

179 1889 342 1924 nitudine
354 1889 447 1937 juris
465 1890 626 1925 canonici
645 1888 850 1937 affignando
869 1890 985 1926 eidem
1001 1910 1009 1918 ·
1029 1890 1210 1939 ipsumque
1226 1891 1417 1926 inductum
1431 1895 1467 1925 et
1480 1889 1675 1925 institutum

180 1946 393 1982 auctoritate
412 1945 530 1981 nostra
547 1947 744 1982 defendatis
764 1967 772 1975 ·
792 1948 1076 1984 contradictores
1095 1953 1130 1984 et
1148 1948 1297 1984 rebelles
1313 1946 1339 1983 fi
1355 1948 1416 1995 qui
1433 1945 1499 1982 sint
1516 1960 1579 1995 per
1598 1960 1677 1983 cen-

179 2003 295 2039 suram
313 2002 572 2039 ecclesiasticam
592 2005 702 2040 artius
721 2005 976 2053 compescendo
996 2025 1004 2033 ·
1039 2006 1153 2053 Inque
1170 2005 1307 2054 signum
1325 2005 1526 2053 hujusmodi
1544 2005 1676 2040 institu-

180 2061 286 2096 tionis
317 2061 517 2108 traditeque
543 2061 602 2097 fibi
629 2060 841 2110 poss'effionis
869 2061 1019 2110 figillum
1041 2063 1194 2099 vestrum
1223 2063 1443 2112 presentibus
1470 2075 1578 2110 penes
1606 2063 1675 2097 dic-

180 2123 256 2154 tum
275 2119 460 2154 dominum
479 2118 682 2155 Johannem
697 2120 908 2156 remansuris
926 2120 963 2155 in
982 2120 1135 2156 secunda
1148 2121 1262 2156 cauda
1278 2120 1419 2169 ponatis
1433 2139 1441 2147 ·
1462 2120 1599 2155 Datum
1614 2119 1673 2155 sub

183 2174 293 2223 figillo
323 2176 443 2212 nostro
474 2177 678 2212 au&entico
709 2178 747 2212 in
777 2178 885 2213 domo
914 2178 1098 2226 capitulari
1129 2177 1269 2214 ecclesie
1300 2177 1416 2213 nostre
1447 2175 1674 2214 moraviensis

183 2233 264 2268 ·xix·
284 2233 340 2269 die
360 2232 484 2269 mensis
503 2235 590 2271 maii
608 2248 703 2270 anno
723 2235 873 2271 Domini
892 2239 1050 2273 0m⁰·ccc⁰·
1069 2234 1296 2284 nonagesimo
1312 2255 1319 2263 ·
