1912 2660
194 1223 266 1262 272

299 138 371 171 354
649 135 965 172 REGISTRUM
994 135 1358 173 MORAVIENSE.

302 233 492 281 magnifico
506 234 584 270 viro
601 234 763 271 Roberto
779 234 909 270 comite
929 234 1135 270 Suthirland
1155 254 1163 262 ·
1183 240 1219 271 et
1237 233 1406 282 religiosis
1420 234 1505 270 viris
1520 234 1604 271 Ada
1617 236 1743 274 abbate
1757 238 1802 276 de

305 291 458 339 Kynloss
476 311 485 320 ·
505 292 675 340 magistris
690 292 871 328 Willelmo
887 292 931 327 de
951 292 1060 340 Spyni
1079 298 1114 327 et
1129 292 1310 327 willelmo
1325 292 1370 327 de
1388 291 1594 340 Dyngwale
1613 293 1802 332 Aberdon-

302 347 390 385 enfis
414 355 450 385 et
470 349 642 386 Ross'enfis
667 349 890 386 ecclesiarum
909 350 1051 385 decanis
1070 369 1078 377 ·
1107 349 1290 384 willelmo
1310 349 1354 384 de
1373 348 1586 386 Cheiholme
1604 354 1802 390 tezaurario

301 406 515 444 (Doravienfi
533 427 542 436 ·
567 408 743 445 mauricio
762 408 805 443 de
825 407 1036 454 Stratheryn
1054 407 1306 442 archidiacono
1326 406 1586 443 Dumblanenfi
1605 428 1613 437 ·
1636 408 1802 448 Johanne

301 464 345 500 de
360 464 493 501 saneto
507 465 615 501 Claro
629 466 807 513 armigero
822 470 857 500 et
871 464 992 499 multis
1007 464 1083 499 aliis
1097 463 1239 499 testibus
1255 464 1300 499 ad
1314 464 1478 511 premissa
1490 465 1686 513 specialiter
1699 481 1802 505 voca·

300 522 345 558 tis
364 541 372 550 ·
424 523 498 565 Qui
516 523 659 571 quidem
679 523 845 558 dominus
864 521 1074 557 Alexander
1091 520 1223 556 ibidem
1242 521 1475 569 personaliter
1493 523 1704 560 constitutus
1721 538 1802 574 pro-

300 579 391 616 mifit
408 586 444 616 et
462 581 665 628 manucepit
688 579 841 615 fideliter
859 579 1021 627 premissa
1039 578 1160 614 onmia
1183 584 1219 614 et
1242 577 1379 627 fingula
1396 593 1460 628 per
1477 593 1544 616 nos
1561 579 1620 616 fibi
1639 582 1803 630 injunfihz

299 638 416 674 facere
434 644 470 675 et
487 638 681 686 adimplere
704 637 765 672 sub
783 650 875 685 pena
896 636 1059 684 predicta
1075 655 1083 664 ·
1104 641 1139 672 et
1167 637 1213 672 ad
1240 637 1306 673 hec
1333 637 1432 673 dedit
1457 638 1560 674 nobis
1586 639 1802 688 fidejussores

299 696 438 732 dictum
465 697 651 732 dominum
680 695 859 731 Comitem
884 694 1092 729 Suthirland
1111 713 1119 721 ·
1148 694 1401 730 Alexandrum
1428 695 1472 731 de
1499 697 1663 733 moravia
1690 698 1802 734 domi-

298 767 386 789 num
401 755 445 790 de
459 754 600 802 Culbyn
614 772 622 780 ·
638 758 672 788 et
692 752 870 787 Thomam
890 752 934 786 de
951 751 1163 787 Chess1olme
1182 752 1313 788 ibidem
1331 753 1510 801 presentes
1528 759 1564 789 et
1582 754 1801 792 consentien-

297 818 351 848 tes
370 812 413 848 de
432 812 600 847 solvendo
619 810 720 846 nobis
738 822 865 858 penam
893 809 1093 856 predi&am
1120 810 1264 856 quando
1291 815 1327 846 et
1353 811 1522 858 quociens
1549 810 1573 846 fi
1599 813 1696 859 quod
1717 812 1801 849 abfit

297 870 437 905 venerit
454 869 511 905 vel
530 868 653 904 fecerit
672 873 798 903 eontra
816 866 978 915 premiss'a
996 866 1055 902 vel
1073 866 1207 915 aliquid
1225 868 1424 904 eorundem
1439 888 1448 896 ·
1472 869 1610 905 Datum
1626 875 1662 905 et
1679 871 1799 907 αᾶὶυῐῐι

297 933 338 963 ut
355 927 458 975 supra
477 932 512 962 et
530 939 649 962 coram
668 924 812 960 testibus
830 924 1087 972 prenominatis
1107 944 1114 952 ·

297 1099 501 1136 Conventio
520 1099 612 1134 inter
632 1098 811 1134 Comitem
831 1097 994 1135 (Doravie
1012 1102 1048 1133 et
1067 1097 1321 1134 Alexandrum
1340 1099 1384 1135 de
1405 1099 1533 1135 Infulis
1552 1119 1560 1127 ·

296 1215 443 1251 Presens
461 1214 654 1250 indentura
672 1213 818 1249 testatur
842 1214 939 1261 quod
959 1227 1056 1249 anno
1075 1213 1227 1250 Domini
1246 1218 1405 1251 -co⁰·ccc⁰·
1427 1214 1655 1263 nonagesimo
1673 1222 1798 1263 quarto

293 1271 454 1309 vicesima
480 1272 605 1320 quinta
634 1272 691 1307 die
720 1270 846 1307 mensis
875 1271 1092 1320 Septembris
1121 1272 1217 1320 apud
1241 1272 1376 1309 Caldor
1401 1273 1495 1309 infra
1511 1273 1798 1310 vicecomitatum

294 1331 338 1367 de
365 1330 468 1366 Narn
496 1330 754 1366 concordatum
782 1329 830 1365 est
855 1330 970 1365 modis
999 1335 1035 1366 et
1063 1330 1186 1366 formis
1207 1331 1335 1378 quibus
1361 1331 1517 1379 sequitur
1543 1331 1638 1367 inter
1664 1331 1800 1368 nobiles

293 1389 389 1424 viros
407 1394 443 1424 et
461 1393 626 1437 potentes
645 1387 810 1424 dominos
823 1388 991 1424 videlicet
1010 1388 1196 1424 dominum
1209 1388 1389 1425 Thomam
1405 1389 1449 1425 de
1464 1389 1619 1425 Dunbar
1633 1390 1798 1426 comitem

295 1447 457 1484 moravie
476 1460 520 1482 ex
538 1451 638 1495 parte
656 1460 730 1482 una
748 1452 783 1482 et
799 1446 1051 1482 Alexandrum
1070 1447 1114 1483 de
1135 1447 1263 1483 Infulis
1281 1447 1470 1483 dominum
1488 1447 1532 1483 de
1551 1447 1738 1484 Lochabre
1756 1461 1799 1484 ex

294 1510 394 1554 parte
413 1505 525 1540 altera
543 1524 551 1532 ·
573 1504 741 1540 videlicet
759 1505 857 1552 quod
875 1504 969 1540 idem
990 1504 1200 1541 Alexander
1219 1505 1263 1541 de
1284 1505 1410 1541 Insulis
1428 1505 1571 1541 habebit
1589 1506 1626 1540 in
1644 1505 1799 1541 custodia

296 1562 496 1599 defenfione
525 1567 561 1599 et
588 1563 742 1599 tuitione
769 1576 894 1599 omnes
922 1568 1034 1598 terras
1063 1568 1098 1599 et
1123 1562 1346 1611 poss'efliones
1369 1563 1565 1611 regalitatis
1583 1564 1745 1600 moravie
1765 1570 1799 1599 et

296 1634 420 1657 omnes
438 1626 549 1657 terras
571 1619 815 1657 ecclesiasticas
835 1640 843 1649 ·
867 1627 902 1657 et
928 1621 1113 1657 adherebit
1135 1621 1233 1657 dieto
1253 1621 1400 1657 domino
1420 1621 1555 1657 Comiti
1581 1626 1617 1657 et
1645 1634 1727 1657 cum
1755 1634 1798 1656 eo

295 1679 396 1715 stabit
415 1684 540 1715 contra
557 1679 783 1727 quoscunque
797 1699 806 1707 ·
826 1679 974 1715 domino
993 1679 1112 1715 nostro
1127 1679 1229 1727 Rege
1244 1699 1252 1708 ·
1273 1679 1416 1716 Comite
1434 1679 1478 1715 de
1493 1678 1590 1727 Fyffe
1607 1698 1615 1706 ·
1635 1679 1797 1714 Domino

297 1737 497 1773 Insularum
514 1738 668 1785 exceptis
680 1757 688 1765 ·
703 1750 769 1785 pro
784 1737 939 1773 termino
954 1737 1086 1784 septem
1100 1750 1278 1773 annorum
1296 1750 1317 1773 a
1335 1737 1392 1773 die
1406 1736 1641 1773 confezffionis
1660 1736 1799 1784 presen-

295 1795 385 1830 tium
400 1795 604 1830 immediate
623 1795 843 1842 sequentium
862 1795 1021 1844 plenarie
1040 1795 1337 1844 complendorum
1352 1814 1360 1823 ·
1381 1794 1537 1843 exceptis
1550 1795 1654 1830 terris
1671 1793 1798 1842 Hugo-

296 1852 350 1888 nis
366 1852 396 1888 F
398 1852 490 1888 raser
508 1872 517 1880 ·
540 1852 681 1888 Thome
701 1853 745 1888 de
764 1853 973 1890 Chessielme
989 1873 997 1882 ·
1017 1859 1053 1889 et
1071 1853 1207 1889 domini
1225 1853 1397 1889 Willelmi
1416 1853 1459 1889 de
1479 1852 1709 1900 Fodrynham
1724 1870 1734 1881 ·
1753 1852 1797 1888 de

295 1910 422 1958 quibus
437 1910 484 1946 est
498 1916 595 1946 certa
609 1911 801 1947 conventio
820 1912 913 1947 inter
931 1912 1022 1960 ipsos
1037 1931 1045 1939 ·
1066 1911 1114 1947 Et
1127 1911 1222 1947 idem
1238 1911 1403 1947 dominus
1418 1910 1549 1947 Comes
1563 1923 1629 1959 pro
1643 1910 1796 1946 termino

295 1969 427 2017 septem
451 1981 628 2004 annorum
649 1968 745 2004 dabit
764 1969 879 2005 eidem
899 1969 1112 2006 Alexandro
1131 1970 1316 2005 annuatim
1335 1969 1522 2017 ofitoginta
1539 1972 1711 2003 marcatas
1728 1973 1796 2004 ter-

296 2038 416 2062 rarum
429 2045 437 2053 ·
454 2026 621 2061 videlicet
636 2025 669 2061 le
683 2026 846 2062 Bonacht
861 2041 926 2075 pro
945 2041 1015 2063 ·xx·
1031 2027 1130 2063 libris
1150 2047 1159 2056 ·
1185 2032 1297 2063 terras
1312 2027 1356 2063 de
1368 2026 1449 2075 Effy
1463 2039 1529 2075 pro
1544 2038 1614 2061 ·xx·
1626 2025 1724 2061 libris
1738 2044 1746 2053 ·
1762 2030 1796 2061 et

297 2081 387 2119 ·xx²‘·
410 2096 545 2118 marcas
568 2083 751 2119 solvendas
774 2084 896 2120 decem
915 2098 1051 2121 marcas
1069 2085 1115 2121 ad
1133 2085 1256 2121 festum
1276 2083 1500 2121 Pentecostes
1517 2083 1682 2132 proximo
1703 2082 1796 2118 sutu-

296 2154 376 2178 rum
391 2146 426 2177 et
440 2141 524 2177 alias
543 2141 665 2177 decem
685 2154 820 2177 marcas
838 2142 882 2177 ad
900 2142 1022 2178 festum
1040 2143 1163 2179 Saneti
1177 2143 1326 2181 martini
1342 2142 1509 2191 proximo
1527 2141 1610 2177 inde
1628 2140 1773 2188 sequens
1786 2160 1793 2167 ·

297 2206 332 2236 et
349 2198 394 2236 fic
411 2198 554 2247 singulis
572 2199 674 2234 annis
688 2199 802 2235 donec
817 2200 1036 2236 declaratum
1057 2201 1165 2238 fuerit
1182 2214 1263 2238 cum
1279 2200 1422 2237 confilio
1437 2198 1572 2236 domini
1587 2198 1737 2235 Comitis
1752 2198 1794 2234 de
