1912 2660
123 481 179 509 344

118 857 175 884 345

117 1141 172 1167 346

116 1614 172 1640 347

114 1943 171 1970 348

606 144 921 182 REGISTRUM
949 144 1311 183 MORAVIENSE.
1630 153 1702 190 399

208 254 275 284 pore
286 256 294 278 ς
310 244 363 283 φά.
373 243 447 272 dicto
458 242 582 271 Johanni
597 246 625 270 et
637 242 785 270 heredibus
798 242 924 270 masculis
939 242 994 270 suis
1009 242 1216 281 quibuscunque
1229 255 1235 276 ;
1249 244 1303 281 q.d.
1313 244 1417 273 Jacobo
1427 245 1519 274 Grant
1530 246 1562 274 de
1573 245 1700 284 Freuchy

209 297 237 322 et
258 291 403 321 heredibus
424 289 552 318 masculis
572 289 628 318 suis
649 289 866 327 quibuscunque.
908 290 1060 318 Reddendo
1075 292 1113 319 30
1127 300 1242 324 mercas,
1257 301 1342 319 unam
1357 297 1484 327 martam,
1502 293 1521 320 2
1535 293 1622 322 bollas
1636 303 1701 322 ave-

207 349 315 368 narum.
356 337 484 367 Testibus
498 341 531 366 ut
544 337 627 376 supra
640 337 739 376 (308).
780 337 867 375 Apud
882 337 977 375 Elgin,
1179 338 1264 366 1539.

206 481 270 509 Ane
284 478 456 508 obleiss'ment
470 479 503 507 be
519 478 618 507 Patrik
630 478 743 507 Graunt
757 477 790 506 of
800 478 920 516 Dalwey
934 478 1019 507 fewar
1031 478 1065 507 of
1073 479 1122 507 the
1137 478 1242 516 samyn,
1256 483 1287 507 to
1301 479 1335 506 be
1349 478 1411 512 lele,
1422 483 1494 507 trew
1508 480 1563 507 and
1576 479 1699 508 saithfull

204 534 234 556 to
247 527 297 556 the
312 527 411 565 Biscop
425 526 459 555 of
468 526 605 564 Murraye
622 527 676 554 and
694 526 738 554 his
752 526 914 564 cheptoure‚
936 527 990 554 and
1009 532 1040 555 to
1060 531 1192 554 mantene
1212 526 1266 554 and
1286 525 1387 554 defend
1403 526 1452 554 the
1468 526 1582 564 samyn;
1602 528 1656 555 and
1670 532 1699 556 to

203 575 279 604 serve
298 575 348 603 the
368 574 488 613 Bischop
508 574 538 602 in
559 574 608 603 the
630 573 734 611 Kingis
755 574 853 602 weeris
873 574 907 602 be
927 574 988 602 him
1002 584 1034 602 or
1047 574 1091 602 his
1105 574 1279 602 subtenentis
1294 573 1327 602 of
1341 574 1391 602 the
1405 573 1460 601 said
1474 574 1582 607 landis3
1602 574 1655 602 and
1670 580 1700 603 to

202 626 284 660 grant
304 626 465 660 competent
484 621 562 660 place
582 622 636 650 and
656 631 761 650 rowme
781 621 825 649 for
844 621 982 659 resaifing,
999 621 1104 660 keping
1117 622 1171 649 and
1185 621 1303 659 sauffing
1316 621 1365 650 the
1379 622 1466 659 teynd
1480 621 1587 650 schavis
1601 621 1635 649 of
1650 622 1699 650 the

202 670 307 708 samyn.
350 669 478 698 Testibus
499 669 612 697 domino
631 669 763 698 ,Iohanne
778 669 869 697 Bourt
886 673 993 698 rectore
1007 669 1041 697 de
1056 669 1154 707 Moye,
1177 669 1308 697 Johanne
1322 669 1415 697 Grant
1436 669 1469 697 de
1489 668 1698 703 Ballindallach,

203 723 230 746 et
245 717 376 754 magistro
390 717 535 745 Willelmo
550 716 653 745 Grant.
692 717 711 744 8
727 716 803 744 Nov.
820 717 905 745 1540.

202 859 266 887 Ane
286 858 455 887 affedatioun
476 858 509 886 os
524 858 574 886 the
595 858 699 895 teynde
716 858 829 886 schaves
844 858 877 885 of
888 858 939 886 the
952 857 1041 886 manis
1056 857 1089 885 of
1098 857 1257 896 Darnwaye
1270 857 1346 885 liand
1360 856 1460 885 within
1474 857 1524 885 the
1538 857 1657 895 paroche
1672 858 1704 885 of

201 906 270 939 Dik‚
292 906 332 934 set
353 907 387 934 be
408 906 457 934 the
479 905 600 943 Bischop
621 910 651 933 to
672 905 764 933 Dame
782 906 882 933 Annas
897 905 1000 933 Keitht
1014 909 1139 943 comptas
1158 905 1191 933 of
1209 905 1328 942 Murray
1342 904 1386 932 for
1404 909 1530 942 nyntene
1551 905 1634 942 yeris‚
1656 905 1699 933 for

199 953 263 981 LA.
278 955 306 981 6.
319 955 347 981 8.
362 954 450 990 yerly.
477 952 636 985 VVitness'es,
651 952 746 980 David
761 952 894 989 Cuming,
912 952 957 981 Sir
970 953 1066 981 James
1082 952 1233 986 Sandeson,
1250 952 1375 980 Thomas
1387 952 1464 987 Law,
1479 953 1533 981 and
1548 952 1593 981 Sir
1603 953 1698 981 James

201 1000 321 1028 Sibbald.
365 1001 406 1029 At
422 1001 517 1038 Spyne
532 1000 587 1028 and
602 999 698 1037 Hgio,
713 1001 752 1028 20
767 1000 834 1028 Feb.
851 1000 937 1028 1569.

199 1141 284 1170 Carta
303 1140 464 1169 feodifirmae
484 1146 624 1170 terrarum
645 1142 679 1170 de
700 1141 926 1179 Dolleibrachty‚
949 1141 1105 1179 Clunerny,
1125 1141 1293 1179 Logygown
1308 1146 1337 1170 et
1352 1141 1482 1175 Ardorie,
1497 1151 1562 1169 cum
1575 1141 1697 1180 piscariis

197 1199 275 1227 aquae
289 1189 322 1216 de
338 1189 486 1226 Fyndorne
500 1190 582 1218 terris
597 1190 631 1218 de
646 1189 811 1226 Logygown
826 1194 854 1217 et
871 1189 990 1217 Ardorie
1011 1188 1209 1227 adjacentibus,
1230 1189 1260 1217 in
1280 1189 1417 1227 parochiis
1438 1189 1472 1217 de
1494 1189 1652 1227 Edinkelye
1670 1194 1698 1218 et

200 1236 347 1270 Ardclach,
362 1236 416 1264 vic.
431 1237 464 1264 de
479 1237 565 1274 Elgin
580 1241 609 1265 et
624 1237 732 1271 Forres,
752 1237 785 1264 ab
808 1236 946 1274 Episcopo
967 1237 1089 1264 concessa
1108 1236 1214 1264 Jacobo
1230 1236 1350 1264 Dunbar
1362 1237 1396 1265 de
1412 1236 1522 1274 Cunye,
1543 1237 1590 1274 qui
1605 1237 1699 1265 L.100

200 1283 337 1321 Episcopo
357 1293 413 1321 prae
434 1284 563 1312 manibus
577 1284 660 1312 solvit
674 1284 708 1311 ad
722 1283 853 1311 fabricam
868 1283 996 1311 ecclefiae.
1038 1283 1191 1311 Reddendo
1212 1284 1357 1311 annuatim
1377 1293 1428 1321 pro
1448 1283 1530 1311 terris
1551 1284 1634 1312 L.27.
1648 1294 1698 1322 pro

198 1330 318 1368 piscariis
336 1331 370 1358 15
380 1330 401 1358 s.
442 1331 582 1366 Testibus,
592 1331 738 1359 willelmo
751 1331 916 1359 Suthirland
930 1331 963 1358 de
978 1330 1102 1364 Duffoss,
1115 1330 1241 1368 Georgio
1257 1331 1355 1359 Schavv
1369 1331 1403 1358 de
1418 1331 1582 1364 Knockhill,
1593 1331 1699 1359 Jacobo

199 1378 284 1406 Innes
298 1378 356 1406 filio
370 1382 399 1406 et
412 1383 562 1416 apparente
581 1379 683 1407 herede
701 1378 819 1407 Roberti
834 1379 921 1406 Innes
938 1378 972 1406 de
987 1377 1222 1411 Rofflmakenzie,
1244 1377 1365 1406 dominis
1381 1377 1494 1406 Tiberio
1508 1378 1697 1417 VVinchestyr,

201 1425 346 1453 Willelmo
369 1425 488 1463 Mun-ay
509 1426 657 1464 capellanis
680 1426 799 1454 ecclefiae
822 1425 1017 1459 Moravienfis,
1043 1425 1157 1453 domino
1183 1425 1277 1454 David
1303 1425 1513 1463 Fothryngame
1537 1425 1640 1455 vicario
1664 1427 1697 1455 de

200 1473 365 1507 Arthildull,
387 1477 415 1501 et
429 1473 560 1510 magistro
576 1474 687 1502 Thema
701 1474 852 1507 Gadderar,
867 1473 993 1502 notariis.
1034 1473 1121 1511 Apud
1137 1473 1232 1510 Elgin,
1247 1474 1286 1501 24
1300 1473 1375 1501 Mar.
1393 1474 1479 1501 1525.

199 1613 339 1642 Affedatio
353 1619 491 1643 terrarum
505 1616 538 1643 de
553 1615 653 1652 Drany
667 1614 772 1654 majore
785 1615 858 1643 infra
872 1615 1015 1643 baroniam
1029 1615 1062 1642 de
1078 1615 1243 1652 Kynnedor,
1265 1615 1318 1642 vic.
1338 1615 1371 1642 de
1391 1614 1477 1652 Elga'n
1496 1619 1525 1643 et
1541 1615 1627 1644 Fores
1644 1625 1695 1653 pro

200 1662 235 1688 19
256 1661 345 1695 annis,
364 1662 436 1691 facta
449 1663 482 1690 ab
500 1663 662 1691 Alexandro
680 1663 816 1701 episcopo,
834 1662 963 1690 familiari
980 1662 1107 1690 servitori
1125 1662 1174 1690 suo
1193 1662 1298 1690 Jacobo
1317 1662 1411 1696 Innes,
1435 1662 1607 1690 Elizabethae
1622 1663 1695 1691 Gor-

196 1709 287 1737 doune
312 1708 371 1747 ejus
393 1710 508 1748 sponsae,
533 1710 638 1739 Jacobo
658 1710 743 1739 Innes
764 1720 862 1738 eorum
884 1710 942 1738 filio
963 1709 1101 1747 legitimo,
1123 1714 1151 1738 et
1172 1719 1269 1737 eorum
1291 1709 1513 1738 subteneutibus.
1554 1710 1695 1739 Solvendo

195 1756 341 1785 annuatim
355 1757 419 1786 L.8.
436 1759 481 1785 13.
494 1760 531 1791 4.‚
546 1758 559 1785 1
573 1762 701 1791 martam,
716 1759 729 1785 1
742 1762 897 1791 mutonem,
912 1759 931 1785 4
942 1757 1083 1785 duodenas
1097 1766 1245 1795 caponum,
1256 1759 1276 1785 4
1285 1757 1372 1785 bullas
1385 1766 1547 1792 avenarum,
1558 1757 1588 1785 in
1602 1758 1694 1786 custu-

196 1803 258 1837 mis,
273 1814 338 1832 cum
353 1807 370 1832 6
385 1805 465 1833 bollis
479 1805 646 1834 victualium
660 1805 689 1833 in
704 1805 779 1833 arida
793 1805 926 1834 multura.
968 1805 1054 1843 Apud
1070 1804 1182 1842 Elgine,
1196 1805 1216 1833 4
1229 1804 1295 1833 Jan.
1312 1805 1396 1833 1534.

197 1944 282 1973 Carta
305 1945 466 1974 feodifirmae
481 1947 555 1975 villae
575 1952 604 1975 et
625 1952 762 1976 terrarum
781 1947 815 1975 de
833 1946 937 1975 Mekill
950 1946 1051 1984 Drany
1065 1947 1099 1974 ab
1114 1946 1242 1985 episcopo
1257 1946 1380 1975 Patricio
1394 1946 1467 1976 facta
1485 1948 1575 1977 eidem
1589 1949 1694 1978 Jacobo

196 1992 300 2025 Innes;
321 1993 513 2031 (dimidiedate
528 1995 687 2028 earundem,
709 1994 899 2023 descendendo
913 2004 929 2022 a
941 1994 1023 2023 terris
1038 1994 1072 2022 de
1087 1993 1169 2022 Litill
1183 1994 1284 2032 Drany
1298 1995 1466 2033 nuncupatis
1481 1995 1526 2024 the
1542 1995 1697 2025 Salterlcill

195 2048 244 2076 per
262 2049 441 2069 communem
462 2041 536 2069 viam
558 2052 618 2080 quae
639 2042 716 2071 ducit
737 2043 771 2070 ad
791 2046 904 2080 portum
918 2042 952 2070 de
968 2041 1072 2070 Mekill
1086 2042 1195 2079 Drany,
1211 2047 1239 2070 et
1253 2042 1356 2070 exinde
1370 2042 1541 2071 ascendendo
1555 2054 1606 2081 per
1619 2054 1693 2072 com-

196 2095 310 2115 munem
329 2087 404 2116 viam
426 2098 487 2126 quae
509 2089 586 2117 ducit
608 2090 642 2117 ad
663 2094 750 2118 terras
771 2089 901 2127 Episcopi
917 2090 950 2117 de
974 2089 1056 2123 Etlis,
1080 2093 1108 2117 et
1128 2089 1182 2117 hoc
1203 2099 1240 2117 ex
1260 2094 1339 2127 parte
1359 2089 1489 2118 orientali
1509 2090 1589 2119 dictae
1610 2092 1692 2125 villae,

196 2134 317 2162 concefl'a
338 2135 483 2174 Katerinae
507 2136 644 2164 Gordoun
667 2136 727 2174 ejus
749 2136 853 2174 sponsae
874 2137 905 2165 in
927 2136 1007 2165 vitali
1028 2136 1164 2175 redditu.)
1206 2136 1360 2165 Reddendo
1378 2137 1443 2165 L.8.
1460 2138 1504 2165 13.
1517 2140 1546 2166 4.
1559 2143 1690 2176 tanquam

196 2181 303 2210 firmam
316 2182 468 2221 antiquam,
493 2184 507 2211 1
523 2189 651 2218 martam,
677 2185 690 2211 l
710 2189 867 2218 mutonem,
886 2185 905 2213 4
923 2184 1063 2212 duodenas
1086 2193 1234 2222 caponum,
1257 2186 1276 2212 4
1297 2184 1384 2213 bellas
1407 2194 1578 2218 avenarum3
1598 2190 1626 2214 et
1639 2196 1690 2224 pro

197 2229 215 2255 6
229 2228 307 2258 bouis
320 2229 403 2259 aridae
416 2230 547 2260 multurae
564 2232 626 2261 L.2.
640 2237 669 2260 et
689 2241 740 2270 pro
760 2231 897 2269 grefl'uma
916 2232 1063 2262 annuatim
1077 2232 1142 2260 L.2.
1159 2233 1203 2260 17.
1218 2233 1246 2260 9.
1269 2237 1298 2261 et
1311 2232 1341 2261 in
1355 2232 1611 2270 augmentationem
1626 2243 1688 2263 ren-
