2060 2660
213 1964 279 1997 141

314 185 382 216 158
708 182 742 217 R
749 182 814 218 EG
822 181 1023 218 ISTRUM
1053 179 1418 218 MORAVIENSE.

311 280 525 316 escaetarum
541 280 753 329 placitorum
768 280 836 317 five
850 281 1019 316 itinerum
1032 279 1224 327 justiciarie
1238 283 1421 314 tentorum
1436 290 1499 325 per
1512 276 1725 325 justiciarios
1742 284 1814 313 tam

312 338 482 373 realitatis
498 351 604 385 quam
627 339 820 386 regalitatis
845 339 937 373 infra
960 338 1168 373 comitatum
1188 335 1351 372 (Doravie
1374 334 1579 382 prediEtum
1598 354 1606 362 ·
1626 335 1670 370 de
1688 335 1815 382 quibus

312 395 448 443 prefata
465 394 608 431 ecclesia
621 395 852 433 moraviensis
865 410 886 431 a
899 402 1060 443 tempore
1078 407 1099 429 a
1116 407 1187 440 quo
1205 405 1280 427 non
1298 391 1347 427 est
1364 391 1537 427 memoria
1554 405 1618 440 per
1635 393 1815 440 predeces-

311 453 404 489 sores
427 453 564 489 nostros
591 460 626 489 et
653 467 718 489 nos
744 454 892 489 fundata
910 452 1051 500 poss'ess'a
1069 451 1187 486 extitit
1205 455 1241 485 et
1258 447 1368 484 saifita
1386 468 1394 476 ·
1413 462 1478 497 per
1490 449 1702 497 justiciarios
1719 449 1812 498 quasi

311 524 376 558 pro
395 510 521 559 majori
540 517 639 559 parte
654 510 738 559 [ut]
751 511 825 559 jam
846 510 983 545 dietum
1003 508 1051 544 est
1068 508 1148 543 sunt
1166 507 1344 542 subtracte
1359 526 1367 534 ·
1388 507 1558 542 meremia
1571 507 1677 543 etiam
1692 521 1813 544 nemo-

312 581 390 603 rum
410 575 445 604 et
462 568 669 604 forestarum
684 569 776 603 infra
794 568 1001 603 comitatum
1021 565 1224 613 predictum
1239 562 1409 611 affignata
1426 570 1462 600 et
1480 565 1639 600 concessa
1657 578 1719 613 per
1737 579 1814 614 pre-

311 626 504 662 decess'ores
522 626 658 662 nostros
676 632 711 662 et
730 639 794 661 nos
812 638 876 673 pro
895 623 1041 659 edificiis
1059 623 1103 657 ad
1123 622 1223 657 usum
1243 621 1396 657 vestrum
1416 627 1452 658 et
1469 623 1725 658 canonicorum
1743 624 1814 659 ves-

310 690 450 719 trorum
471 697 512 719 ac
535 684 687 719 aliorum
709 684 868 719 virorum
896 679 1204 717 ecclesiasticorum
1233 679 1465 715 discretorum
1489 680 1684 716 secundum
1702 681 1812 717 visum

311 741 574 777 forestariorum
599 741 843 776 construendis
862 759 870 767 ·
899 752 961 787 per
980 738 1119 774 eosdem
1145 737 1310 773 dominos
1329 743 1364 773 et
1382 738 1469 773 alios
1488 745 1719 787 occupatores
1736 752 1813 787 pre-

312 799 372 834 fati
391 799 579 834 comitatus
598 799 677 834 sunt
695 804 824 846 negata
843 817 850 825 ·
872 810 936 832 nec
960 808 1034 831 non
1057 801 1093 830 et
1117 796 1268 842 quedam
1295 794 1482 831 elemosme
1506 796 1673 833 fratribus
1697 798 1812 845 predi-

311 856 489 891 catoribus
508 857 551 891 de
572 856 689 904 Elgyn
708 862 743 891 et
762 856 806 890 de
827 855 1003 901 Inuernys
1022 866 1084 901 per
1098 853 1357 901 predecessores
1376 853 1512 889 nostros
1526 860 1562 890 et
1576 867 1641 890 nos
1654 855 1812 890 concefl'e

312 914 391 949 sunt
409 914 523 949 ablate
548 914 688 962 penitus
712 920 747 948 et
771 913 947 948 subtracte
967 931 975 938 ·
1005 911 1128 953 Quare
1147 910 1247 946 vobis
1265 911 1326 946 sub
1347 924 1440 959 pena
1461 912 1621 947 omnium
1641 926 1710 959 que
1729 926 1813 960 erga

311 984 377 1006 nos
390 972 555 1007 omittere
570 971 729 1020 poteritis
745 970 958 1019 precipimus
972 975 1007 1004 et
1022 969 1232 1004 mandamus
1246 975 1421 1016 quatenus
1436 975 1561 1005 contra
1574 983 1699 1005 omnes
1715 971 1814 1017 quos-

312 1042 452 1076 cunque
472 1029 597 1077 prefati
616 1029 804 1064 comitatus
823 1028 987 1063 dominos
1007 1027 1063 1062 vel
1081 1027 1169 1062 alios
1191 1027 1346 1062 eundem
1369 1027 1577 1063 comitatum
1601 1027 1686 1063 alias
1710 1041 1814 1064 occu-

311 1094 434 1134 pantes
455 1087 514 1134 qui
541 1087 675 1135 prefata
702 1086 823 1121 salaria
844 1085 988 1134 prefatis
1011 1085 1202 1133 capellanis
1222 1104 1229 1112 ·
1249 1085 1404 1121 decimas
1422 1085 1637 1121 escaetarum
1656 1086 1814 1134 superius

310 1150 559 1179 contentarum
576 1164 584 1171 ·
601 1157 748 1179 nemora
766 1157 831 1192 pro
844 1143 966 1179 vestris
985 1143 1132 1179 edificiis
1150 1142 1395 1179 construendis
1410 1163 1418 1171 ·
1432 1157 1473 1179 ac
1487 1144 1592 1179 etiam
1609 1143 1814 1180 elemofinas

310 1202 488 1237 dictorum
508 1202 656 1237 fratrum
676 1202 855 1249 hucusque
874 1201 1113 1237 subtraxerint
1131 1201 1189 1237 vel
1211 1201 1246 1236 in
1271 1201 1449 1250 posterum
1471 1201 1676 1238 subtrahere
1695 1203 1813 1238 conati

309 1259 442 1294 fuerint
465 1279 472 1286 -
496 1273 559 1307 per
586 1259 828 1295 omnimodam
854 1259 1038 1295 censuram
1065 1257 1326 1295 ecclesiasticam
1344 1259 1545 1308 procedatis
1564 1279 1572 1288 ·
1593 1266 1628 1295 et
1645 1261 1812 1309 precipue

310 1330 373 1364 pro
393 1316 522 1352 salariis
543 1317 761 1364 prefatorum
785 1317 1051 1366 capellanorum
1076 1315 1100 1352 fi
1125 1330 1167 1353 ea
1193 1318 1379 1365 contingat
1402 1331 1466 1366 per
1489 1318 1717 1365 quoscunque
1739 1318 1814 1354 sub-

309 1374 400 1409 trahi
420 1393 427 1401 ·
447 1387 510 1422 per
524 1387 632 1422 penas
647 1375 682 1410 in
697 1388 822 1411 eorum
837 1375 1139 1411 infeodationibus
1153 1381 1340 1411 contentas
1355 1382 1390 1411 et
1404 1389 1467 1424 per
1481 1389 1546 1411 nos
1564 1375 1789 1412 confirmatas
1802 1396 1811 1403 ·

309 1437 442 1478 quanto
460 1431 613 1467 strictius
631 1433 792 1480 poteritis
810 1433 1011 1481 procedatis
1028 1433 1134 1468 alicui
1158 1446 1233 1468 non
1256 1434 1435 1481 parcendo
1457 1453 1466 1461 ·
1497 1433 1544 1469 Et
1570 1433 1638 1469 hoc
1665 1433 1747 1469 licet
1769 1448 1812 1469 ex

310 1489 422 1524 vestra
446 1490 626 1525 ordinaria
651 1490 820 1539 potestate
846 1491 962 1527 facere
989 1490 1135 1527 valeatis
1161 1497 1282 1527 tamen
1308 1496 1350 1526 ut
1375 1491 1412 1527 id
1439 1491 1589 1527 celerius
1612 1497 1648 1527 et
1675 1491 1812 1539 rigoro-

311 1545 376 1581 {ius
404 1559 466 1594 per
494 1560 557 1582 vos
584 1547 646 1583 fiat
674 1548 774 1584 vobis
798 1549 834 1584 in
858 1549 928 1585 fide
953 1555 990 1584 et
1015 1548 1186 1585 fidelitate
1213 1548 1339 1596 quibus
1364 1549 1466 1584 nobis
1490 1549 1661 1585 tenemini
1685 1562 1726 1585 ac
1750 1549 1811 1584 sub

312 1617 403 1652 pena
425 1604 586 1652 predicta
610 1605 828 1654 injungimus
856 1620 919 1655 per
947 1606 1127 1655 presentes
1146 1626 1154 1634 ·
1184 1606 1320 1642 Datum
1347 1607 1408 1642 sub
1435 1605 1547 1654 sigillo
1577 1606 1695 1642 nostro
1717 1607 1812 1654 apud

315 1661 432 1709 Elgyn
452 1681 459 1689 ·
481 1662 693 1698 duodecimo
712 1663 768 1699 die
787 1663 912 1699 menfis
931 1663 1085 1712 Augusti
1105 1684 1113 1692 ·
1132 1677 1228 1700 anno
1247 1664 1348 1712 regni
1367 1664 1474 1700 nostri
1492 1663 1666 1700 tricefimo
1686 1684 1694 1692 ·

313 1834 451 1870 Contra
470 1834 707 1871 subtractores
724 1836 930 1872 salariorum
949 1843 984 1873 et
1002 1839 1089 1874 alios
1105 1859 1113 1866 -

314 1949 435 1984 David
455 1949 525 1985 Dei
544 1952 660 1998 gratia
679 1951 758 1986 Rex
778 1952 983 1988 Scottorum
1002 1954 1046 1989 ad
1065 1960 1274 2002 perpetuam
1294 1954 1345 1990 rei
1363 1954 1571 1990 memoriam
1591 1973 1599 1981 ·
1628 1953 1755 2002 Nuper
1769 1967 1813 1989 ex

311 2007 411 2055 gravi
430 2008 641 2043 venerabilis
659 2009 768 2056 patris
787 2009 949 2059 Episcopi
971 2024 1011 2047 ac
1031 2012 1190 2047 virorum
1210 2011 1466 2048 venerabilium
1487 2011 1625 2048 Decani
1649 2017 1685 2048 et
1708 2024 1814 2047 cano-

312 2065 475 2101 nicorum
505 2065 646 2102 ecclesie
675 2066 904 2103 moraviensis
932 2069 1076 2115 querela
1104 2070 1332 2118 concepimus
1358 2070 1455 2117 quod
1479 2083 1543 2118 per
1569 2069 1724 2106 diversos
1752 2069 1812 2104 do-

313 2123 427 2158 minos
455 2130 567 2158 terras
595 2125 757 2160 moravie
785 2124 969 2161 successive
998 2125 1208 2174 possidentes
1237 2133 1272 2163 et
1300 2141 1425 2163 eorum
1454 2126 1629 2163 ministros
1656 2140 1813 2174 quorun-

313 2181 393 2215 dam
423 2180 688 2229 capellanorum
717 2181 947 2218 fundatorum
977 2190 1150 2232 perpetuo
1177 2199 1241 2234 per
1267 2185 1525 2234 predecessores
1551 2184 1688 2220 nostros
1711 2197 1812 2232 reges

312 2238 435 2274 Scocie
458 2244 494 2274 et
512 2238 691 2274 Thomam
713 2239 895 2288 Ranulphi
923 2242 1103 2288 quondam
1131 2243 1298 2279 comitem
1321 2243 1482 2280 (Doravie
1509 2242 1811 2290 consanguineum

312 2295 468 2331 nostrum
496 2301 532 2332 et
555 2309 619 2345 per
642 2309 708 2333 nos
732 2297 1026 2334 confirmatorum
1048 2300 1092 2335 ad
1114 2300 1368 2337 celebrandum
1387 2301 1507 2337 divina
1524 2306 1597 2337 tam
1616 2300 1652 2336 in
1671 2298 1813 2336 ecclesla
