2060 2660
376 158 446 190 254
770 157 1086 194 REGISTRUM
1115 157 1477 195 MORAVIENSE.

376 253 433 289 seu
452 253 537 290 alias
554 255 785 303 quovismodo
804 269 930 292 vacare
954 257 1172 304 contigerint
1190 276 1198 284 ·
1223 256 1413 292 scolaribus
1434 255 1655 292 studentibus
1676 258 1870 295 secundum

374 311 593 348 fundationis
619 318 780 349 tenorem
808 313 965 362 personis
982 314 1192 361 qualificatis
1213 318 1250 349 et
1271 313 1386 350 Scotis
1406 317 1443 348 et
1468 313 1635 361 precipue
1657 315 1869 353 moraviensi

375 367 502 405 diocesl
526 370 687 406 oriundis
708 371 922 419 providendi
947 390 955 399 ·
978 370 1188 417 disponendi
1216 376 1252 405 et
1279 369 1488 406 conferendi
1506 389 1515 397 ·
1543 371 1692 418 regendi
1710 391 1719 401 ·
1747 385 1869 408 manu-

374 427 519 462 tenendi
535 447 543 455 ·
562 427 801 464 defendendi·
820 441 945 464 eorum
972 440 1089 463 mores
1115 433 1152 462 et
1177 427 1332 462 excessus
1357 426 1561 474 corrigendi
1589 434 1625 464 et
1650 429 1867 466 reformandi

373 490 408 519 et
426 485 647 521 causantibus
672 486 851 521 demeritis
875 484 1079 533 deponendi
1096 490 1133 520 et
1151 482 1362 531 deprivandi
1378 483 1533 532 aliosque
1551 498 1677 521 eorum
1695 486 1781 522 locis
1804 488 1867 523 im-

371 543 529 590 ponendi
548 563 556 571 ·
575 549 763 590 ceteraque
787 542 908 577 omnia
923 541 992 577 alia
1015 546 1051 576 et
1067 539 1203 588 sing-ula
1220 553 1290 588 que
1313 541 1352 577 in
1375 540 1544 589 premiffis
1562 543 1664 579 nobis
1681 556 1726 579 ex
1742 544 1866 580 fundae

370 600 467 635 tione
482 600 643 636 facienda
660 599 872 636 incumbunt
889 604 926 635 et
942 598 1133 634 neceffaria
1149 598 1284 634 suerint
1299 598 1359 634 seu
1377 599 1647 646 quomodolibet
1664 607 1866 650 opportuna

370 658 499 705 agendi
528 658 677 706 gerendi
707 663 744 693 et
773 656 962 693 exercendi
986 675 994 684 ·
1027 654 1181 691 nostram
1208 661 1334 691 tenore
1364 656 1580 704 presentium
1610 659 1865 695 committimus

370 714 576 763 potestatem
595 722 630 751 et
647 714 851 750 facultatem
869 714 907 749 in
925 713 1087 748 Domino
1105 712 1331 761 impertimur
1347 713 1531 762 specialem
1551 734 1559 742 ·
1584 715 1802 764 presentibus
1820 718 1864 753 ad

369 772 555 808 arbitrium
573 772 730 808 nostrum
754 771 935 807 duraturis
953 790 962 798 ·
991 769 1037 806 In
1062 769 1164 818 cujus
1187 771 1239 806 rei
1262 770 1501 807 testimonium
1528 772 1595 807 hiis
1619 773 1746 809 nostris
1770 787 1864 810 com-

370 828 536 865 missionis
561 830 673 865 literis
699 828 855 865 manuali
878 827 1131 875 subscriptione
1156 827 1275 864 nostra
1297 829 1444 865 munitis
1463 827 1614 877 figillum
1632 830 1789 867 nostrum
1809 845 1864 867 ro-

369 888 522 923 tundum
540 887 636 935 affigi
653 887 800 922 fecimus
817 885 913 934 apud
931 885 1101 934 oppidum
1125 884 1327 934 Edinburgi
1349 886 1406 922 die
1430 886 1569 922 decimo
1591 888 1717 935 quinto
1739 888 1863 924 menfis

368 945 530 981 Januarii
553 957 648 980 anno
678 943 829 980 Domini
853 941 1036 979 millesimo
1066 942 1347 990 quingentesimo
1376 942 1543 991 vigesimo
1567 944 1664 980 sexto
1689 951 1724 981 et
1748 946 1862 985 nostre

368 1002 639 1039 consecrationis
657 1014 752 1037 anno
770 1000 923 1037 secundo
942 1020 950 1032 ν
