2060 2660
530 185 844 222 REGISTRUM
872 186 1232 225 MORAVIENSE.
1550 194 1620 233 269

137 284 255 319 darius
282 284 325 319 de
352 283 455 330 Ryne
473 282 629 330 quinque
647 283 708 319 suo
726 283 878 319 stallario
897 303 905 312 ·
933 285 1186 332 prebendarius
1214 288 1257 322 de
1278 288 1369 323 Moii
1389 291 1542 337 quinque
1561 292 1620 327 suo

136 341 285 376 stallario
305 360 313 368 ·
344 339 598 388 prebendarius
626 340 670 375 de
698 340 853 376 Dutholl
884 342 1039 389 quinque
1070 343 1131 378 suo
1161 343 1312 379 stallario
1331 365 1339 373 ·
1372 347 1621 393 prebendarius

137 399 181 434 de
210 398 327 433 Adwe
357 397 514 444 quinque
544 397 605 432 suo
634 397 786 433 stallario
806 417 814 426 ·
846 399 1101 447 prebendarius
1130 400 1173 435 de
1202 400 1333 437 Botare
1362 403 1456 438 dicte
1484 403 1622 439 ecclefie

137 455 291 502 quinque
310 474 318 482 ·
347 467 482 490 mercas
506 454 634 489 usualis
658 460 801 491 monete
826 457 928 504 regni
953 456 1074 492 Scocie
1096 457 1141 492 ad
1163 458 1333 493 terminos
1354 459 1391 493 in
1417 460 1550 507 prefata
1571 474 1624 496 ec-

138 511 237 548 clefia
257 511 443 547 consuetos
461 517 497 547 et
514 510 657 547 ufitatos
676 532 684 540 ·
711 524 775 560 pro
794 514 991 549 eorundem
1010 514 1223 549 vicariorum
1243 514 1474 551 stallariorum
1493 522 1527 552 et
1545 518 1625 552 cho-

137 569 296 605 ristarum
324 570 360 604 in
385 569 508 604 eadem
534 569 685 617 ipsorum
711 582 755 605 ex
777 576 878 618 parte
896 571 1215 607 administrantium
1239 572 1406 609 faciendis
1428 573 1625 621 persolvant

138 640 217 663 cum
245 627 374 662 effefitu
393 646 401 655 ·

139 742 229 777 Item
265 741 447 777 statuimus
482 747 517 777 et
554 742 762 777 ordinamus
793 743 888 790 quod
920 756 985 791 pro
1013 743 1172 790 quolibet
1201 744 1416 780 documento
1448 745 1626 779 autentico

137 799 318 834 communi
347 799 442 834 dicte
469 798 609 835 ecclefie
637 798 749 847 figillo
777 800 821 835 de
852 805 971 836 cetero
1000 799 1184 847 figillando
1211 814 1291 849 pars
1319 801 1407 837 illud
1435 814 1628 849 procurans

136 856 276 904 sigillari
303 856 400 892 dabit
426 863 461 892 et
488 857 598 892 solvet
622 857 777 905 capitulo
796 858 918 893 decem
937 858 1066 893 solidos
1082 858 1211 894 usualis
1229 864 1373 894 monete
1391 859 1492 906 regni
1512 859 1627 894 Scotie

137 915 230 950 inter
247 914 437 950 canonicos
455 913 645 949 refidentes
663 914 920 950 distribuendos
940 934 948 945 ν
969 915 1126 963 alioquin
1145 929 1219 951 non
1237 915 1407 963 figilletur
1422 936 1429 943 ·

140 1030 230 1064 Item
259 1029 464 1064 ordinamus
490 1029 585 1076 quod
610 1029 705 1064 dicte
731 1028 872 1065 ecclefie
896 1030 1108 1065 cimiterium
1133 1030 1224 1065 infra
1251 1030 1332 1066 hinc
1356 1035 1392 1065 et
1415 1030 1628 1066 dominicam

138 1087 335 1134 proximam
366 1099 429 1134 per
457 1086 675 1121 venerabiles
703 1087 797 1122 viros
827 1087 990 1122 dominos
1018 1086 1266 1122 Subdecanum
1294 1092 1330 1123 et
1355 1087 1629 1135 prebendarium

139 1145 182 1179 de
211 1144 339 1192 Dupill
366 1144 482 1179 debite
509 1143 654 1179 linietur
673 1163 681 1171 ·
712 1149 747 1178 et
775 1144 870 1191 quod
894 1143 954 1192 ipsi
975 1144 1157 1179 liniatores
1180 1144 1324 1180 cuilibet
1351 1145 1523 1180 canonico
1552 1157 1629 1193 par-

139 1209 210 1237 tem
229 1201 324 1236 suam
344 1201 498 1249 ejusdem
517 1201 736 1236 denuncient
754 1206 789 1236 et
806 1200 983 1236 infinuent
1002 1220 1010 1229 ·
1037 1214 1143 1248 quam
1161 1201 1309 1248 quilibet
1329 1202 1520 1237 canonicus
1538 1202 1629 1236 infra

139 1260 221 1294 hinc
252 1264 288 1294 et
319 1258 440 1294 Sancti
471 1257 656 1293 Michaelis
686 1258 848 1305 proxime
878 1258 1038 1294 futurum
1070 1258 1187 1293 debite
1219 1258 1404 1294 reformari
1434 1258 1537 1294 faciat
1568 1259 1628 1293 sub

139 1329 231 1365 pena
262 1316 388 1363 viginti
423 1315 615 1350 solidorum
641 1314 770 1350 usualis
797 1321 939 1351 monete
967 1315 1068 1363 regni
1096 1315 1212 1351 Scotie
1244 1315 1488 1352 reformationi
1516 1315 1630 1363 hujus-

140 1373 237 1409 modi
254 1373 545 1421 applicandorum
566 1392 574 1400 ·

143 1490 235 1525 Item
267 1488 490 1524 decernimus
518 1493 553 1523 et
584 1487 803 1522 declaramus
833 1488 929 1534 quod
960 1487 1151 1523 secundum
1183 1500 1337 1523 canones
1367 1487 1564 1522 sanctiones
1595 1494 1630 1522 et

143 1546 270 1582 statuta
293 1559 334 1581 ac
357 1545 550 1580 laudabiles
568 1545 663 1580 dicte
682 1543 821 1580 ecclefie
840 1544 1110 1580 consuetudines
1133 1550 1232 1580 tenta
1252 1550 1288 1580 et
1310 1543 1434 1579 ufitata
1458 1549 1574 1579 tentas
1596 1550 1630 1579 et

141 1602 282 1639 ufitatas
305 1603 425 1638 nullus
451 1602 643 1637 canonicus
669 1602 765 1637 dicte
789 1600 929 1637 ecclefie
955 1602 1015 1649 qui
1036 1615 1110 1637 non
1133 1602 1266 1649 recepit
1283 1601 1446 1637 ordinem
1467 1601 1513 1636 ad
1536 1601 1630 1636 suam

143 1660 360 1709 prebendam
381 1658 584 1707 requifitum
603 1659 813 1706 participare
835 1659 939 1694 debet
963 1659 999 1694 in
1024 1659 1229 1695 communia
1251 1671 1332 1694 cum
1354 1658 1533 1694 canonicis
1556 1658 1631 1693 aliis

144 1719 211 1753 hoc
228 1717 438 1753 habentibus
453 1736 461 1744 ·
481 1722 516 1752 et
529 1716 618 1753 illud
632 1716 797 1764 deinceps
811 1716 847 1751 in
862 1716 959 1752 dieta
976 1715 1117 1753 ecclefia
1135 1716 1339 1753 ordinamus
1357 1715 1532 1751 observari
1550 1728 1630 1751 cum

144 1775 272 1811 effectu
291 1794 298 1802 ·

147 1890 238 1925 Item
258 1888 441 1924 statuimus
459 1894 494 1924 et
512 1889 717 1924 ordinamus
735 1888 830 1935 quod
849 1888 1055 1924 cedentibus
1081 1889 1139 1924 vel
1165 1888 1417 1924 decedentibus
1443 1888 1631 1935 capellanis

146 1946 324 1982 modernis
343 1946 437 1981 dicte
459 1944 599 1981 ecclesie
619 1943 852 1981 Moravienfis
870 1965 879 1973 ·
906 1945 1034 1981 suturis
1059 1945 1279 1994 temporibus
1302 1945 1397 1981 dic'te
1420 1943 1560 1980 ecclefie
1578 1957 1631 1980 ca-

144 2004 274 2052 pellani
292 2009 328 2039 et
346 2016 469 2039 eorum
489 2003 636 2050 quilibet
654 2003 698 2038 de
715 2016 789 2038 una
805 2002 1001 2050 capellania
1022 2003 1060 2038 in
1084 2003 1180 2039 dicta
1198 2001 1340 2038 ecclefia
1357 2015 1437 2038 cum
1457 2007 1555 2050 parte
1574 2001 1632 2037 sua

145 2061 345 2096 communie
364 2066 400 2096 et
418 2073 490 2096 uno
508 2060 606 2095 stallo
624 2059 689 2095 fint
708 2065 744 2096 et
759 2058 800 2095 fit
818 2066 1008 2095 contentus
1027 2080 1035 2089 ·
1063 2061 1145 2108 quia
1166 2060 1228 2096 eiis
1247 2064 1490 2108 competenter
1516 2059 1630 2107 provi-

144 2118 217 2154 sum
241 2118 289 2154 est
315 2118 351 2152 in
378 2117 685 2153 constitutionibus
712 2122 747 2153 et
773 2117 1056 2153 ordinationibus
1083 2118 1241 2166 superius
1268 2116 1446 2153 annotatis
1476 2116 1535 2152 ubi
1566 2129 1629 2163 pro

144 2174 300 2213 stallariis
317 2175 526 2225 providetur
543 2179 579 2210 et
597 2180 743 2211 cavetur
761 2174 805 2210 de
823 2174 964 2211 eiisdem
980 2194 988 2202 ·
