2060 2660
339 173 408 204 114«
728 166 1042 203 REGISTRUM
1071 163 1433 202 MORAVIENSE.

338 269 382 303 de
400 267 563 316 predicto
583 267 756 316 Episcopo
771 272 807 302 et
824 265 1071 302 successoribus
1090 264 1156 299 suis
1174 262 1260 298 ficut
1284 266 1379 297 carte
1404 259 1630 306 quorundam
1657 259 1837 307 predeces-

338 326 453 360 sorum
477 324 580 373 ipsius
599 324 762 373 Episcopi
787 337 921 372 proavo
943 328 979 358 et
1003 327 1123 357 attavo
1148 320 1236 355 dieti
1255 318 1425 365 Freskyni
1444 322 1480 351 et
1497 316 1688 351 heredibus
1712 329 1837 352 eorum

339 383 441 431 super
459 383 557 418 dieta
573 388 670 418 terra
688 382 732 417 de
752 382 881 429 Logyn
906 380 1069 415 confe&e
1092 378 1231 425 plenius
1256 375 1444 410 continent
1468 379 1503 408 et
1528 373 1698 409 testantur
1717 393 1725 402 ·
1754 374 1840 410 Dic-

339 446 396 475 tus
412 453 497 475 vero
513 440 542 475 F
543 439 713 488 reskynus
730 452 796 487 pro
816 439 880 473 hac
898 434 1118 472 conceffione
1137 434 1235 469 dicto
1257 432 1430 480 Episcopo
1450 437 1485 466 et
1503 430 1752 467 succefforibus
1770 432 1838 467 suis

340 498 437 533 dedit
456 504 490 533 et
510 496 675 533 concessit
694 508 920 532 communam
940 494 976 528 in
994 492 1134 541 pastura
1151 492 1210 526 sua
1229 496 1264 525 et
1283 493 1429 525 nemore
1448 489 1510 524 suo
1524 489 1726 537 supradicte
1744 495 1839 525 terre

341 556 384 591 de
410 556 569 602 Finross'y
586 555 711 590 vicinis
734 554 841 600 usque
865 552 1022 587 Saltecot
1048 563 1116 596 que
1140 548 1188 583 est
1210 548 1304 583 inter
1322 546 1483 594 Finrofi'y
1505 552 1540 582 et
1566 546 1721 595 Kintray
1749 566 1758 575 ·
1789 553 1840 583 te-

340 613 494 648 nendam
522 619 557 648 et
585 611 781 647 habendam
815 609 912 644 dieto
942 607 1116 655 Episcopo
1144 611 1179 640 et
1205 604 1454 640 succefforibus
1479 604 1546 639 suis
1573 610 1609 639 et
1637 604 1840 640 hominibus

341 669 409 706 sive
427 670 630 705 tenentibus
649 681 773 704 eorum
793 668 830 702 in
850 667 946 701 dieta
959 670 1055 700 terra
1073 664 1117 699 de
1136 663 1166 698 F
1169 662 1297 710 inrofl'y
1312 661 1537 697 manentibus
1555 667 1591 697 et
1609 662 1781 697 mansuris
1794 662 1839 698 de

341 728 504 775 predicto
523 726 704 774 Freskyno
729 731 765 760 et
788 723 977 760 heredibus
1001 722 1068 757 suis
1093 721 1129 755 in
1155 720 1301 755 liberam
1324 725 1360 755 et
1377 719 1533 767 quietam
1552 718 1777 755 elemosinam
1795 719 1839 755 ab

341 785 438 820 omni
466 785 605 820 servitio
633 783 820 819 exactione
847 787 883 816 et
909 779 1084 815 demanda
1102 797 1110 805 ·
1144 777 1306 824 Utraque
1325 790 1411 813 vero
1433 777 1587 825 partium
1613 778 1840 813 renunciavit

340 842 444 877 cartis
462 847 498 877 et
515 841 743 890 cyrographis
762 845 796 875 et
815 838 993 886 scripturis
1012 835 1176 871 omnibus
1194 848 1258 882 per
1275 847 1362 882 quas
1380 834 1522 882 presens
1541 833 1746 883 compositio
1769 834 1838 871 five

340 900 540 947 supradi&e
564 897 800 934 concelliones
824 896 960 944 possent
977 893 1138 929 revocari
1156 893 1214 928 vel
1232 892 1435 940 impugnari
1454 911 1462 920 ·
1490 892 1558 927 illis
1587 893 1762 929 duntaxat
1779 906 1838 929 ex-

340 957 449 1004 ceptis
473 957 516 991 de
538 956 664 1003 quibus
690 954 848 1002 superius
866 972 874 980 ·
905 952 950 987 In
973 951 1219 999 premissorum
1238 955 1358 986 autem
1376 949 1617 986 testimonium
1634 950 1718 986 huic
1736 951 1839 999 scrip-

340 1021 419 1049 ture
438 1015 474 1048 in
493 1014 639 1048 modum
658 1011 870 1060 cyrographi
888 1009 1051 1046 confeAEoe
1070 1007 1226 1057 apposita
1243 1008 1324 1044 sunt
1341 1006 1451 1055 figilla
1468 1008 1624 1056 partium
1643 1027 1651 1036 ·
1671 1008 1837 1045 videlicet

290 1067 299 1074 ⁹
339 1071 390 1106 illi
417 1071 507 1119 parti
534 1084 602 1118 que
629 1074 789 1105 remanet
811 1081 918 1117 penes
937 1067 1141 1115 predictum
1159 1065 1379 1114 Freskynum
1398 1064 1549 1113 sigillum
1568 1065 1655 1101 dieti
1675 1066 1838 1115 Episcopi

245 1705 314 1736 100

340 1128 387 1163 est
409 1128 597 1176 appensum
627 1147 635 1155 ·
663 1127 765 1162 alteri
783 1139 869 1162 vero
887 1125 977 1173 parti
998 1137 1066 1172 que
1084 1137 1192 1172 penes
1213 1123 1417 1172 prediGtum
1437 1123 1651 1172 Episcopum
1678 1130 1839 1160 remanet

339 1184 532 1233 appositum
558 1184 605 1220 est
629 1183 778 1232 sigillum
804 1184 890 1218 dieti
910 1181 1081 1230 Freskyni
1100 1201 1108 1209 ·
1137 1181 1300 1217 Testibus
1319 1181 1466 1217 domino
1486 1180 1547 1216 ·A·
1567 1181 1702 1217 decano
1721 1184 1840 1218 (Dora-

345 1242 451 1277 viensi
471 1262 479 1269 ·
508 1242 654 1277 domino
673 1243 735 1278 -oe-
756 1241 799 1276 de
818 1243 945 1277 monte
963 1240 1036 1275 alto
1056 1259 1064 1268 ·
1092 1239 1257 1288 magistro
1275 1239 1442 1276 Johanne
1466 1239 1510 1274 de
1536 1238 1671 1274 Hedon
1694 1252 1840 1287 precen-

339 1306 417 1335 tore
442 1298 654 1336 moraviensi
686 1319 694 1327 ·
723 1299 866 1334 Thoma
884 1298 1052 1346 WVysman
1082 1318 1091 1326 ·
1130 1297 1292 1333 Roberto
1311 1298 1428 1345 Nigro
1445 1295 1610 1345 burgensi
1628 1298 1671 1333 de
1691 1297 1809 1346 Elgyn
1829 1316 1837 1324 ·

342 1356 370 1391 F
371 1358 443 1404 erg'
463 1357 506 1392 de
528 1356 723 1392 Ardross'an
743 1376 750 1384 ·
771 1362 806 1392 et
827 1356 948 1392 multis
967 1356 1043 1391 aliis
1062 1376 1070 1384 ·
1099 1355 1239 1391 Actum
1257 1368 1352 1391 anno
1370 1355 1484 1403 gratie
1507 1355 1753 1392 -co⁰·cc⁰·xlviii·
1782 1355 1838 1390 die

340 1415 461 1449 Sancti
480 1414 669 1451 Cuthberti
690 1434 698 1442 ·
717 1414 813 1463 apud
832 1413 950 1462 Elgyn
970 1433 979 1441 ·

344 1587 456 1634 Super
474 1586 593 1621 litibus
611 1587 716 1622 motis
730 1607 739 1615 ·

344 1701 577 1737 Innocentius
605 1702 784 1750 episcopus
807 1702 925 1738 servus
948 1702 1131 1738 servorum
1159 1702 1232 1738 Dei
1258 1702 1451 1738 venerabili
1480 1702 1581 1737 fratri
1601 1701 1775 1750 Episcopo
1802 1709 1837 1738 et

343 1758 482 1793 <mefitis
508 1758 588 1793 filiis
614 1759 770 1807 capitulo
796 1759 1008 1796 moraviensi
1034 1760 1181 1797 salutem
1208 1765 1244 1796 et
1266 1759 1493 1808 apostolicam
1518 1759 1807 1796 beneditffionem
1828 1779 1837 1787 ·

344 1816 460 1851 Decet
478 1821 513 1851 et
532 1817 674 1864 expedit
691 1823 731 1852 ut
749 1818 885 1865 gravati
900 1817 1002 1865 super
1020 1817 1277 1866 provisionibus
1295 1817 1506 1854 clericorum
1525 1830 1589 1866 per
1607 1817 1724 1853 sedem
1742 1818 1838 1866 apos-

342 1873 485 1909 tolicam
499 1893 507 1901 ·
520 1887 588 1920 que
606 1880 773 1921 tanquam
793 1875 851 1922 pia
868 1881 980 1910 mater
999 1876 1141 1911 illorum
1160 1889 1284 1924 preces
1297 1875 1508 1924 plerumque
1523 1888 1597 1910 non
1611 1874 1724 1923 potest
1737 1875 1839 1911 indu-

343 1937 419 1966 rata
445 1931 532 1966 facie
558 1930 703 1967 tranfire
731 1951 739 1959 ·
767 1945 830 1980 per
848 1945 924 1967 eam
943 1933 1123 1969 interdum
1148 1933 1297 1982 alicujus
1318 1933 1546 1969 relevationis
1571 1933 1733 1968 solatium
1758 1933 1839 1968 affe-

344 1995 500 2036 quantur
512 2008 520 2017 ·
541 1989 633 2025 Cum
653 1989 762 2037 igitur
775 1990 887 2026 vestra
901 1992 1025 2038 petitio
1039 1991 1142 2027 nobis
1156 1991 1313 2027 exhibita
1325 1990 1531 2027 continebat
1545 1989 1685 2039 [quod]
1698 1989 1839 2026 ecclesia

342 2046 455 2082 vestra
478 2059 541 2094 per
566 2046 681 2082 sedem
709 2047 933 2095 apostolicam
960 2047 999 2084 fit
1025 2049 1127 2097 super
1153 2049 1311 2097 plurium
1336 2048 1547 2084 clericorum
1570 2048 1774 2096 receptione
1797 2061 1839 2084 ac

342 2103 540 2154 provisione
566 2110 713 2152 gravata
739 2125 747 2133 ·
775 2118 841 2141 nos
865 2106 967 2154 super
990 2107 1058 2142 hoc
1083 2107 1119 2142 in
1143 2107 1321 2155 posterum
1339 2106 1439 2142 vobis
1457 2111 1494 2142 et
1511 2106 1625 2142 eidem
1648 2105 1838 2153 providere

343 2162 504 2198 volentes
528 2163 742 2198 andstoritate
765 2162 866 2198 vobis
891 2163 1105 2211 presentium
1132 2165 1360 2212 indulgemus
1382 2169 1424 2199 ut
1449 2163 1495 2199 ad
1520 2163 1761 2211 receptionem
1779 2163 1838 2199 vel

344 2218 581 2268 provisionem
608 2220 757 2268 alicujus
782 2233 847 2269 per
872 2220 991 2256 literas
1018 2222 1104 2257 sedis
1130 2222 1317 2270 apostolice
1338 2221 1397 2257 vel
1423 2221 1623 2269 legatorum
1646 2219 1722 2268 ejus
1744 2233 1839 2256 com-

342 2276 425 2325 pelli
445 2277 489 2313 de
507 2282 626 2313 cetero
646 2279 742 2326 [non
759 2276 912 2327 possitis]
932 2278 1058 2326 absque
1077 2280 1245 2315 mandato
1260 2279 1348 2316 sedis
1362 2278 1517 2328 ejusdem
1530 2278 1680 2314 faciente
1695 2278 1836 2327 plenam
