2060 2660
361 173 433 208 ι266
751 175 1068 212 REGISTRUM
1097 175 1461 212 MORAVIENSE.

363 272 455 308 Item
474 272 656 309 statuimus
680 279 716 310 et
741 274 948 310 ordinamus
966 275 1061 322 quod
1083 275 1230 322 quilibet
1248 274 1441 310 canonicus
1466 273 1706 321 prebendatus
1729 275 1863 323 prefate

360 330 501 367 ecclesie
520 332 557 367 in
575 332 635 368 sua
652 332 811 368 absencia
828 334 1041 369 canonicum
1060 332 1319 381 prebendatum
1345 331 1501 379 ejusdem
1527 331 1629 367 suum
1654 339 1863 380 procurato-

359 401 433 424 rem
453 394 488 425 et
507 403 581 425 non
600 390 709 426 alium
728 391 773 426 ad
792 392 894 426 aGtus
913 391 1124 439 capitulares
1146 389 1375 425 constitutum
1398 388 1526 424 habeat
1544 408 1552 417 ·
1572 390 1633 437 qui
1651 397 1863 438 procurator

359 446 485 483 habeat
512 449 725 497 respondere
752 448 849 484 stalla
872 449 918 484 ob
940 448 1093 496 ejusdem
1115 460 1180 495 pro
1200 447 1243 482 de
1262 447 1330 482 suis
1347 446 1460 482 feodis
1484 452 1521 482 et
1543 447 1666 484 habitu
1692 449 1736 485 ad
1761 449 1860 485 suuni

358 504 513 541 officium
546 506 716 554 requisitis
748 512 783 542 et
813 506 956 554 singulis
988 503 1146 553 expensis
1177 504 1367 539 ordinariis
1397 509 1433 540 et
1463 504 1541 540 aliis
1571 506 1862 554 contingentibus

357 568 392 597 et
419 564 683 612 emergentibus
702 567 721 613 [
1431 561 1450 607 ]
1470 562 1700 599 dominorum
1721 564 1859 601 Decani

357 626 392 655 et
410 622 555 669 capituli
574 635 637 670 per
655 622 837 658 censuram
861 619 1122 656 ecclesiasticam
1143 639 1150 647 -
1185 619 1232 655 Et
1250 620 1347 667 quod
1365 620 1560 656 canonicus
1584 620 1628 657 fic
1650 621 1860 658 constitutus

356 685 568 724 procurator
594 680 765 715 scribatur
793 679 829 714 in
858 679 948 713 libro
977 678 1143 713 mitorum
1177 677 1301 713 decani
1333 683 1369 713 et
1399 678 1546 726 capituli
1577 692 1656 715 cum
1690 680 1859 716 mandato

355 736 600 773 constituentis
618 736 775 786 expensis
793 736 947 785 ejusdem
968 755 976 763 ·

358 852 447 888 Item
471 853 654 889 statuimus
682 859 717 889 et
744 853 951 888 ordinamus
977 851 1075 898 quod
1101 851 1251 899 quilibet
1277 852 1470 888 canonicus
1498 852 1738 900 prebendatus
1763 853 1858 889 die'te

355 910 495 947 ecclesie
522 924 596 946 non
623 910 776 947 relidens
802 911 862 957 qui
890 909 982 944 infra
1007 909 1245 957 quadraginta
1263 909 1338 945 dies
1356 909 1432 958 post
1449 910 1661 958 legittimam
1679 912 1859 958 premuni-

353 969 491 1004 cionem
517 970 632 1004 eidem
655 969 758 1017 super
783 969 850 1003 hoe
878 981 921 1003 ex
946 973 1047 1016 parte
1073 968 1304 1003 dominorum
1330 968 1471 1003 Decani
1499 973 1535 1004 et
1561 969 1706 1017 capituli
1727 969 1858 1005 factam

354 1026 554 1075 hujusmodi
578 1032 848 1075 procuratorem
872 1032 913 1061 ut
936 1026 1158 1074 premittitur
1185 1039 1260 1061 non
1287 1026 1411 1061 fecerit
1438 1026 1660 1062 constituerit
1686 1028 1859 1063 creaverit

353 1090 386 1119 et
406 1085 442 1120 iii
460 1085 575 1120 forina
593 1085 712 1120 debita
730 1084 951 1120 ordinaverit
973 1083 1185 1120 residentem
1206 1084 1302 1119 dieite
1321 1083 1463 1120 ecclesie
1481 1085 1694 1120 canonicum
1714 1090 1750 1121 et
1768 1098 1859 1121 onus

352 1143 592 1189 procuratoris
623 1143 660 1178 in
691 1143 723 1178 se
754 1147 1000 1190 acceptantem
1025 1161 1033 1170 ·
1063 1142 1149 1177 dum
1177 1142 1317 1178 venerit
1344 1155 1419 1177 non
1445 1142 1655 1178 admittatur
1684 1143 1721 1178 in
1748 1143 1858 1179 choro

351 1206 385 1235 et
403 1200 559 1248 capitulo
579 1201 674 1236 dicte
696 1199 837 1236 ecclesie
864 1206 905 1236 ut
932 1201 977 1236 ad
1002 1199 1271 1236 distribuciones
1300 1200 1336 1235 in
1366 1201 1488 1236 eadem
1519 1201 1769 1248 contingentes
1796 1200 1857 1236 nisi

349 1258 446 1306 prius
464 1272 527 1307 per
546 1259 710 1294 dominos
730 1259 920 1295 Decanum
940 1264 975 1294 et
994 1258 1190 1306 capitulum
1209 1257 1249 1293 sit
1268 1257 1510 1294 reconsiliatus
1530 1278 1538 1286 ·
1569 1259 1616 1294 Et
1634 1257 1658 1293 fi
1676 1259 1768 1294 infra
1785 1264 1857 1295 tres

350 1316 484 1352 menses
508 1316 624 1352 ἀίἇὶοε
649 1317 708 1351 ·xl·
734 1317 809 1352 dies
835 1322 871 1352 et
895 1317 1068 1365 prefatam
1087 1316 1395 1364 premunicionem
1416 1316 1579 1365 proxime
1598 1322 1634 1352 et
1652 1317 1856 1353 immediate

349 1375 531 1422 sequentes
558 1374 759 1423 hujusmodi
784 1388 859 1410 non
885 1375 1011 1410 fecerit
1036 1380 1306 1423 procuratorem
1328 1394 1336 1402 ·
1362 1375 1489 1422 perdat
1507 1375 1580 1423 ipso
1598 1374 1695 1410 sacto
1713 1375 1855 1411 tertiani

349 1438 484 1480 partem
514 1433 674 1468 omnium
705 1438 741 1468 et
768 1431 990 1481 singulorum
1016 1433 1202 1468 fruetuum
1233 1432 1292 1468 sue
1316 1432 1497 1480 prebende
1525 1433 1561 1467 in
1588 1432 1855 1480 quibuscunque

350 1490 454 1526 rebus
471 1496 533 1526 aut
551 1491 652 1526 bonis
670 1491 895 1527 existentium
915 1491 1010 1527 illius
1027 1491 1113 1526 anni
1128 1510 1136 1518 ·
1157 1504 1226 1538 que
1241 1491 1347 1526 tertia
1364 1490 1548 1526 fructuum
1568 1490 1770 1539 hujusmodi
1789 1504 1855 1539 pro

350 1549 466 1583 inedia
484 1554 583 1595 parte
605 1549 751 1585 utilitati
775 1549 921 1598 capituli
948 1548 1065 1585 ufibus
1092 1548 1248 1598 ejusdem
1276 1548 1475 1584 necessariis
1498 1548 1709 1597 applicanda
1735 1554 1770 1584 et
1798 1562 1855 1584 ex-

350 1606 516 1653 ponenda
540 1612 575 1642 et
599 1607 667 1642 alia
690 1607 808 1643 media
829 1608 873 1643 ad
899 1607 1141 1643 communiam
1167 1606 1424 1642 canonicorum
1450 1606 1546 1642 dicte
1571 1605 1712 1642 ecclefie
1737 1607 1854 1642 debite
1916 1643 1920 1647 ,

350 1665 444 1712 apud
472 1665 621 1700 eandem
646 1664 873 1701 residentium
902 1665 1084 1701 dabuntur
1103 1684 1111 1693 ·
1140 1664 1188 1700 Et
1206 1663 1230 1699 si
1249 1678 1311 1713 per
1330 1677 1465 1700 annum
1484 1677 1597 1700 unum
1619 1663 1695 1713 post
1720 1664 1854 1712 lapsum

349 1722 530 1757 «licstoruin
558 1722 641 1757 ·xl‘⁸·
672 1723 809 1759 dierum
835 1730 870 1759 et
893 1724 1003 1759 trium
1030 1721 1201 1759 mensium
1228 1736 1269 1758 ac
1294 1723 1601 1771 premunicionem
1629 1727 1853 1770 prenotatam

351 1781 385 1814 in
418 1779 672 1816 constitucione
704 1781 904 1829 hujusmodi
935 1781 1178 1830 procuratoris
1208 1786 1249 1816 ut
1281 1781 1485 1829 premissum
1514 1779 1563 1816 est
1590 1779 1764 1816 distulerit
1795 1780 1854 1815 ille

348 1838 541 1873 canonicus
560 1837 602 1873 sic
622 1839 778 1873 reniiss'us
805 1844 840 1874 et
866 1839 1052 1887 negligens
1079 1838 1151 1887 ipso
1179 1838 1276 1874 fac'to
1302 1836 1374 1874 fine
1399 1838 1519 1886 aliquo
1544 1838 1704 1886 processu
1731 1838 1854 1873 frufifi-

349 1895 413 1931 bus
439 1896 498 1931 sue
520 1895 700 1944 prebende
728 1895 767 1932 fit
790 1897 948 1945 privatus
976 1898 1091 1933 donec
1109 1903 1144 1932 et
1163 1897 1345 1944 quousque
1363 1896 1565 1945 hujusmodi
1583 1901 1853 1944 procuratorem

350 1953 538 1989 constituat
557 1973 565 1981 ·
585 1954 645 2001 qui
665 1954 802 1990 frufihis
821 1955 1094 2002 applicabuntur
1112 1960 1153 1991 ut
1170 1955 1274 2003 supra
1291 1954 1339 1991 est
1357 1959 1521 1991 notatum
1541 1973 1549 1982 ·

353 2070 409 2105 De
429 2069 696 2105 Canonicorum
717 2070 866 2105 introitu
885 2071 929 2106 ad
948 2070 1171 2107 residentiam
1192 2090 1200 2098 ·

354 2187 443 2222 ltein
471 2186 653 2222 statuimus
680 2192 716 2222 et
743 2186 950 2221 ordinamus
975 2186 1070 2233 quod
1095 2185 1242 2233 quilibet
1260 2185 1453 2221 canonicus
1470 2185 1710 2234 prebendatus
1731 2183 1852 2219 Mora-

353 2243 476 2280 vieiisis
503 2251 664 2292 tempore
688 2244 738 2279 sui
765 2244 932 2279 introitus
958 2244 1001 2278 ad
1031 2243 1257 2279 residenciam
1286 2244 1323 2278 in
1349 2244 1446 2279 dicta
1472 2241 1614 2279 ecclesia
1634 2241 1851 2278 Moravieiifi

352 2302 548 2339 faciendam
582 2308 748 2338 teneatur
779 2302 811 2337 se
847 2302 1048 2350 presentare
1080 2302 1226 2337 domino
1257 2301 1407 2337 Decano
1441 2298 1658 2336 Moraviensi
1688 2299 1746 2335 vel
1777 2299 1852 2347 ejus
