1912 2660
681 93 861 130 CARTE
887 93 1226 130 ORIGINALES.
1622 99 1695 137 457

207 205 369 230 meorum
388 211 396 220 ·
433 190 595 227 Testibus
614 190 796 226 Willelmo
823 191 867 226 de
894 190 1030 226 Boscho
1057 190 1268 226 cancellario
1287 210 1295 218 ·
1324 191 1444 227 Adam
1470 198 1506 227 et
1531 192 1691 228 Roberto

206 250 395 299 capellanis
413 268 422 277 ·
453 248 614 284 Waltero
641 248 685 284 de
707 247 883 295 Lindesey
902 266 910 274 ·
941 246 1063 283 David
1081 247 1283 282 Mariscallo
1302 267 1310 275 ·
1341 248 1505 285 ,Iohanne
1524 249 1663 285 Giffard
1682 269 1689 276 ·

206 307 348 343 Th0ma
364 307 408 342 de
426 305 595 341 Strivelin
613 306 744 341 clerico
759 324 767 333 ·
792 305 960 342 Johanne
979 304 1023 340 de
1044 303 1149 352 Haya
1166 323 1175 332 ·
1203 303 1316 352 Apud
1334 305 1528 354 Edenburg
1544 306 1690 354 septimo

205 364 262 400 die
280 363 490 400 Decembris
508 375 603 398 anno
621 363 734 410 gratie
753 360 935 398 millefimo
953 360 1191 397 dueentefimo
1210 360 1372 397 vicefimo
1391 363 1503 409 primo
1519 382 1527 390 ·

353 477 607 525 Interpretatio
627 477 885 512 nonnullorum
906 476 1142 511 terminorum
1163 475 1331 523 presentis
1357 481 1453 512 carte
1480 476 1523 511 de
1548 476 1689 524 Burgye

352 548 396 571 ex
413 535 637 582 autographo
656 546 873 582 pergameno
892 534 1003 569 affuto
1019 553 1027 561 ·

304 648 638 685 Tubernacrumkel
657 668 665 676 ·
693 661 759 683 ane
783 647 866 683 well
888 647 975 683 with
1000 660 1067 683 ane
1093 647 1247 683 thrawin
1273 647 1409 683 mowth
1433 660 1474 682 or
1496 660 1562 683 ane
1587 647 1690 684 caffin

302 706 384 742 well
402 719 445 742 or
462 718 529 741 ane
547 705 660 741 crwik
679 706 717 740 in
734 705 762 740 it
782 724 790 733 ·

301 763 577 811 Tubernafeyne
592 762 633 798 of
646 763 705 798 the
723 767 819 810 grett
833 775 874 797 or
891 762 1054 810 kemppis
1072 775 1155 798 men
1173 762 1269 797 callit
1286 761 1386 798 ffenis
1404 762 1432 797 is
1449 774 1516 797 ane
1536 762 1616 809 weil
1631 782 1639 789 ·

302 821 409 856 Rune
425 821 607 856 Pictorum
625 820 686 855 the
704 832 810 856 carne
829 819 870 854 of
883 819 942 855 the
958 819 1078 855 Pethis
1092 833 1133 854 or
1151 819 1210 855 the
1229 819 1356 855 Pechts
1374 818 1489 854 feildis
1508 839 1516 846 ·

303 878 434 914 Malith
453 879 513 913 the
531 878 633 913 brow
652 877 693 912 of
705 890 772 912 ane
791 877 853 912 hill
869 896 876 904 ·

201 1050 310 1086 Carta
336 1049 618 1085 confirmationis
644 1048 754 1095 Regis
782 1047 982 1083 Alexandri
1008 1046 1059 1082 II.
1086 1048 1320 1083 donationum
1347 1047 1626 1095 predecefforum
1654 1054 1689 1083 et

199 1107 352 1142 aliorum
371 1105 514 1142 ecclefie
533 1106 576 1141 de
598 1105 726 1141 Kinlos
745 1111 780 1140 et
797 1105 980 1140 monachis
996 1105 1169 1140 factarum
1189 1124 1196 1132 ·

200 1222 409 1257 Alexander
428 1221 500 1256 Dei
524 1220 639 1268 gratia
657 1220 737 1255 Rex
757 1220 961 1255 Scottorum
986 1219 1154 1267 episcopis
1177 1219 1361 1254 abbatibus
1381 1219 1569 1255 comitibus
1587 1220 1687 1256 baro-

198 1279 301 1315 nibus
330 1277 532 1327 justiciarijs
567 1277 833 1313 vicecomitibus
867 1276 1032 1311 ministris
1066 1281 1101 1311 et
1135 1276 1299 1311 omnibus
1332 1276 1451 1324 probis
1486 1277 1688 1320 hominibus

197 1337 306 1372 totius
330 1342 425 1372 terre
451 1336 510 1371 suc
537 1335 673 1371 clericis
699 1340 734 1370 et
760 1334 858 1369 laicis
884 1334 1030 1369 salutem
1046 1353 1054 1361 ·
1081 1332 1202 1369 Sciant
1227 1333 1405 1381 presentes
1431 1340 1467 1369 et
1487 1334 1599 1370 futuri
1622 1348 1687 1370 nos

196 1392 393 1429 conceffiffe
412 1399 448 1428 et
465 1393 531 1428 hac
549 1397 647 1428 carta
664 1391 781 1427 nostra
798 1390 1018 1427 confirmaffe
1040 1391 1122 1426 Deo
1149 1396 1185 1426 et
1205 1389 1346 1426 eeclefie
1365 1391 1494 1427 Sancte
1512 1393 1625 1429 marie
1643 1393 1687 1428 de

199 1451 328 1486 Kinlos
350 1456 385 1487 et
407 1450 588 1486 monachis
613 1450 744 1485 ibidem
770 1449 852 1485 Deo
873 1448 1104 1485 servientibus
1126 1454 1162 1484 et
1183 1449 1363 1484 servituris
1381 1462 1505 1485 omnes
1522 1455 1635 1485 terras
1653 1456 1688 1485 et

195 1514 401 1544 tenementa
418 1514 454 1543 et
471 1507 634 1543 redditus
657 1508 706 1542 eis
730 1520 751 1542 a
772 1506 1071 1555 predecefl'oribus
1093 1506 1219 1542 nostris
1237 1511 1272 1542 et
1289 1506 1365 1554 alijs
1383 1507 1564 1542 datoribus
1582 1508 1687 1542 ratio-

196 1566 362 1601 nabiliter
391 1566 473 1600 data
497 1570 533 1601 et
557 1565 715 1600 concefl'a
734 1584 741 1591 ·
770 1564 935 1600 videlicet
953 1577 997 1599 ex
1015 1564 1209 1599 donatione
1226 1564 1283 1612 pie
1301 1564 1558 1600 recordationis
1578 1564 1687 1612 Regis

196 1623 318 1660 David
339 1622 467 1658 Kinlos
490 1628 526 1658 et
545 1621 840 1657 Innerlochketiu
858 1634 921 1669 per
938 1627 1054 1657 rectas
1076 1621 1200 1657 divisas
1226 1621 1301 1657 suas
1327 1621 1365 1656 in
1390 1621 1493 1657 bosco
1517 1627 1553 1656 et
1578 1621 1685 1669 plano

194 1681 232 1716 in
255 1681 365 1729 pratis
391 1686 427 1716 et
450 1680 585 1728 pascuis
606 1680 646 1715 in
671 1680 770 1727 aquis
792 1685 828 1715 et
850 1679 1004 1728 piscarijs
1023 1685 1059 1715 et
1076 1679 1242 1715 omnibus
1262 1679 1339 1728 alijs
1355 1679 1400 1714 ad
1418 1679 1593 1727 predictas
1616 1686 1686 1715 ter-

194 1751 250 1773 ras
268 1738 360 1786 juste
386 1737 644 1786 pertinentibus
663 1757 671 1765 ·
699 1743 736 1773 et
761 1743 924 1785 preterea
945 1742 1077 1773 terram
1095 1750 1201 1784 quam
1219 1737 1288 1785 ipse
1308 1737 1390 1772 Rex
1407 1737 1528 1772 David
1549 1750 1684 1785 peram-

194 1795 330 1831 bulavit
360 1794 446 1831 ficut
471 1795 608 1830 rivulus
635 1795 816 1831 descendit
837 1795 876 1830 in
902 1794 1052 1830 Maffath
1082 1800 1117 1830 et
1143 1793 1230 1830 ficut
1257 1793 1400 1830 marefia
1429 1794 1610 1830 descendit
1638 1795 1683 1830 ad

193 1866 320 1888 nemus
338 1872 346 1880 ·
375 1858 411 1888 et
428 1859 560 1888 terram
581 1852 685 1900 super
708 1865 813 1899 quam
839 1852 948 1888 stabat
971 1852 1150 1888 Scoticum
1169 1852 1414 1887 molendinum
1432 1864 1514 1887 cum
1531 1852 1683 1901 piscarijs

193 1916 229 1946 et
254 1910 419 1946 omnibus
444 1910 521 1958 alijs
545 1910 773 1958 pertinencijs
799 1910 866 1945 suis
885 1930 893 1938 ·
920 1923 965 1945 ex
991 1910 1088 1945 dono
1113 1910 1219 1945 etiam
1244 1909 1398 1957 ejusdem
1423 1915 1555 1945 terram
1581 1909 1681 1945 Heth

191 1980 298 2015 quam
317 1967 487 2003 Twothel
513 1967 630 2003 tenuit
654 1980 718 2015 per
744 1968 881 2004 easdem
907 1967 1031 2003 divisas
1056 1980 1121 2015 per
1140 1980 1226 2014 quas
1243 1967 1314 2015 ipse
1331 1966 1449 2002 tenuit
1465 1967 1503 2002 in
1520 1967 1624 2002 bosco
1646 1973 1681 2002 et

192 2024 299 2072 plano
318 2030 354 2060 et
371 2025 470 2072 aquis
489 2044 497 2052 ·
525 2030 561 2060 et
583 2038 697 2060 unum
715 2030 791 2061 rete
809 2025 848 2060 in
866 2038 957 2072 aqua
974 2025 1018 2060 de
1037 2025 1135 2060 Eren
1152 2023 1254 2060 fimul
1274 2037 1355 2060 cum
1383 2023 1610 2071 burgenfibus
1636 2025 1679 2059 de

193 2081 316 2118 Foreis
335 2102 342 2110 ·
362 2087 398 2118 et
415 2082 559 2118 boscum
580 2082 625 2118 de
646 2082 756 2118 Inche
774 2083 895 2118 damin
915 2095 980 2130 per
1005 2082 1142 2118 easdem
1166 2082 1290 2118 divisas
1313 2095 1377 2130 per
1399 2095 1485 2130 quas
1507 2082 1576 2129 ipse
1599 2082 1679 2117 Rex

193 2138 313 2176 David
331 2140 380 2175 eis
398 2139 549 2175 ostendit
567 2152 687 2175 coram
706 2140 867 2188 episcopo
888 2138 1079 2176 Katanenfi
1097 2145 1133 2176 et
1150 2139 1226 2188 alijs
1244 2139 1362 2188 probis
1375 2139 1575 2175 hominibus
1590 2140 1655 2174 suis
1670 2159 1676 2165 -

900 2200 923 2232 3
942 2209 972 2231 M
