2066 2780
351 160 399 191 30
747 153 1064 192 REGISTRUM
1092 151 1455 190 MORAVIENSE.

352 266 439 289 vero
456 253 548 301 parti
566 266 635 301 que
654 254 721 289 erit
739 255 776 289 in
794 254 963 290 thesauris
981 251 1122 290 eeclefie
1138 252 1268 287 sanae
1287 249 1475 286 Trinitatis
1494 248 1538 283 de
1558 247 1677 296 Elgyn
1695 248 1850 297 apposita

351 311 431 346 sunt
449 309 559 359 sigilla
578 311 728 347 Abbatis
747 312 791 348 de
812 312 951 361 Kynlos
970 331 978 339 ·
1000 310 1132 346 Prioris
1151 309 1194 344 de
1215 307 1409 344 Hurchard
1433 325 1441 334 ·
1466 319 1547 341 cum
1566 304 1677 353 sigillo
1696 307 1850 355 predicti

352 368 472 404 David
492 388 500 396 ·
521 369 556 405 T
557 369 683 405 estibus
703 371 863 406 Domino
884 370 947 404 ·H·
962 369 1087 404 abbate
1106 368 1149 402 de
1171 365 1309 413 Kynlos
1329 383 1338 393 ·
1358 364 1403 399 T·
1422 363 1542 412 priore
1561 364 1605 399 de
1626 364 1820 401 Hurchard
1839 385 1847 393 ·

351 428 512 464 Domino
533 428 693 464 lValtero
720 429 764 463 de
789 428 920 463 Duffus
947 446 955 455 ·
987 425 1148 461 Domino
1167 423 1328 458 waltero
1347 422 1391 457 de
1412 421 1527 469 Petyn
1551 439 1560 449 ο
1585 421 1755 458 militibus
1779 442 1788 451 ·
1813 430 1848 459 et

350 485 511 522 WValtero
526 486 570 521 de
587 486 717 534 Inneys
732 505 740 514 -
758 485 968 521 Alexandro
983 482 1191 518 vicecomite
1210 481 1254 516 (16
1270 480 1388 528 Elgyn
1404 499 1411 507 ·
1428 481 1478 515 oe-
1495 479 1630 515 decano
1650 479 1694 515 de
1714 481 1849 517 Strath-

348 542 481 591 bolgyn
520 563 527 571 ·
557 543 737 579 Willelmo
764 542 911 591 persona
938 542 981 576 de
1009 540 1203 587 Edindyuy
1238 557 1246 566 ·
1283 537 1450 574 Johanne
1477 537 1625 585 persona
1653 537 1696 573 de
1721 538 1810 575 Glas
1838 559 1846 567 ·

350 600 551 648 Reginaldo
570 601 701 636 vicario
720 601 763 635 de
783 599 1034 635 Abirkerdour
1061 616 1069 626 ·
1098 599 1255 643 <Duryno
1282 594 1470 631 senescallo
1496 595 1540 630 de
1563 595 1818 645 Strathbolgyn
1837 616 1845 625 ·

349 658 433 693 Ada
458 659 587 694 clerico
613 658 764 707 predicti
792 657 925 693 domini
952 655 1073 692 David
1113 673 1120 682 ·
1158 653 1298 689 Aetam
1324 665 1420 688 anno
1444 652 1558 701 gratie
1586 655 1845 690 ·m⁰·cc⁰·xxxii⁰·

348 715 418 750 ·vi⁰·
440 716 526 751 Idus
545 715 714 752 Octobris
730 735 738 743 ·

347 888 526 924 Fundatio
545 888 737 937 capellanie
756 901 820 936 pro
839 887 956 922 anima
975 885 1085 933 Regis
1104 884 1275 921 Duncani
1291 904 1299 912 ·

269 997 316 1034 36
345 1003 553 1039 Alexander
579 1003 649 1038 Dei
678 1002 792 1049 gratia
820 1002 900 1037 Rex
927 1001 1130 1037 Scottorum
1162 1000 1327 1035 omnibus
1353 999 1473 1048 probis
1498 999 1701 1036 hominibus
1726 1002 1842 1038 tocius

261 1934 308 1973 87

342 1066 436 1096 terre
452 1061 510 1096 sue
530 1061 672 1095 salutem
693 1080 700 1088 ·
722 1060 841 1095 Sciant
859 1060 1036 1108 presentes
1055 1063 1090 1094 et
1108 1058 1219 1093 futuri
1239 1070 1304 1093 nos
1322 1070 1388 1106 pro
1407 1057 1516 1094 salute
1534 1058 1652 1094 anime
1670 1058 1787 1096 nostre
1807 1066 1842 1096 et

342 1118 597 1153 antecessorum
617 1117 814 1152 nostrorum
835 1117 964 1153 dedisse
983 1114 1179 1152 concelliffe
1198 1121 1234 1151 et
1253 1115 1318 1151 hac
1337 1115 1489 1164 presenti
1508 1122 1605 1152 carta
1623 1116 1740 1153 nostra
1758 1130 1841 1154 con-

340 1175 488 1210 firmasse
517 1195 524 1203 ·
552 1175 597 1210 ad
623 1174 908 1210 sustentationem
934 1175 1040 1210 unius
1067 1174 1240 1222 capellani
1264 1187 1329 1222 pro
1348 1174 1467 1209 anima
1486 1173 1597 1222 Regis
1616 1175 1787 1211 Duncani
1805 1181 1840 1212 et

339 1233 521 1268 animabus
542 1232 699 1268 fidelium
724 1233 843 1267 divina
861 1232 1072 1268 celebrantis
1090 1232 1127 1267 in
1147 1230 1290 1267 ecclesia
1307 1231 1502 1267 cathedrali
1521 1232 1565 1268 de
1585 1232 1704 1281 Elgyn
1732 1252 1740 1261 ·
1768 1239 1840 1270 tres

337 1302 471 1325 marcas
489 1289 630 1337 singulis
648 1290 749 1325 annis
772 1290 1017 1338 percipiendas
1036 1290 1079 1326 de
1098 1290 1202 1325 firma
1218 1290 1323 1337 burgi
1341 1289 1449 1325 nostri
1468 1290 1512 1325 de
1531 1290 1651 1339 Elgyn
1679 1310 1687 1319 ·
1716 1290 1838 1334 Quare

336 1347 501 1382 volumus
515 1353 549 1383 et
564 1348 713 1383 firmiter
726 1348 940 1396 precipimus
958 1353 1000 1384 ut
1018 1348 1068 1383 illi
1087 1348 1148 1395 qui
1166 1361 1231 1396 pro
1250 1353 1412 1396 tempore
1426 1348 1560 1384 suerint
1574 1349 1720 1384 firmarii
1734 1349 1839 1398 burgi

335 1404 441 1440 nostri
461 1405 504 1441 de
524 1405 642 1454 Elgyn
666 1406 796 1441 habere
820 1406 952 1442 faciant
977 1405 1122 1454 fi'ngulis
1148 1406 1250 1441 annis
1278 1406 1376 1441 dicto
1398 1407 1582 1455 capellano
1607 1412 1678 1442 tres
1702 1420 1838 1443 marcas

336 1462 561 1498 medictatem
582 1463 626 1498 ad
645 1463 871 1511 pentecosten
890 1469 925 1499 et
943 1464 1049 1500 aliam
1067 1464 1297 1500 medietatem
1315 1464 1360 1499 ad
1379 1463 1502 1500 festum
1523 1464 1644 1500 Sancti
1664 1466 1811 1502 martini
1828 1486 1835 1493 ·

336 1519 498 1555 'restibus
534 1520 601 1555 -w-
639 1521 799 1569 episcopo
836 1521 1046 1569 Glasguenfi
1086 1522 1299 1558 cancellario
1336 1521 1406 1556 -w-
1443 1522 1588 1571 Cumyn
1626 1524 1757 1559 comite
1794 1523 1837 1559 de

337 1578 523 1625 myneteth
552 1597 559 1606 ·
586 1578 751 1614 Johanne
776 1579 819 1615 de
838 1580 1029 1616 macusxvel
1058 1580 1127 1615 -w-
1148 1580 1278 1628 Byseth
1306 1599 1314 1608 ·
1348 1580 1504 1628 Eymero
1532 1581 1576 1616 de
1603 1581 1794 1617 (Dacuswel
1827 1601 1835 1609 ·

339 1633 449 1682 Apud
469 1634 615 1670 castrum
635 1636 834 1684 puellarum
854 1638 936 1673 ·xxi·
957 1638 1013 1673 die
1033 1637 1169 1687 Aprilis
1187 1651 1283 1673 anno
1302 1638 1404 1686 regni
1423 1638 1559 1674 domini
1576 1638 1686 1686 Regis
1704 1658 1713 1667 ·
1733 1639 1817 1674 xxi⁰·

337 1806 395 1841 De
411 1805 567 1854 Fynlarg
586 1826 594 1835 ·
614 1812 649 1843 et
665 1807 708 1843 de
723 1807 1016 1857 Logyfythenach
1030 1811 1074 1847 ad
1089 1811 1312 1860 capellanum
1331 1811 1525 1847 solitarium
1544 1810 1808 1847 sustentandum
1824 1831 1831 1839 ·

338 1920 546 1958 Alexander
573 1922 644 1958 Dei
670 1923 784 1971 gratia
809 1923 890 1960 Rex
917 1924 1120 1962 Scottorum
1149 1928 1315 1963 omnibus
1343 1925 1462 1976 probis
1487 1926 1691 1962 hominibus
1717 1927 1832 1963 tocius

336 1984 431 2014 terre
453 1979 510 2015 sue
533 1980 678 2016 salutem
717 1999 725 2008 ·
764 1981 883 2017 Sciant
905 1983 1083 2031 presentes
1111 1990 1146 2020 et
1175 1985 1288 2021 futuri
1315 1998 1382 2021 nos
1413 1985 1542 2020 dediffe
1570 1983 1767 2021 conceffiss'e
1796 1992 1831 2021 et

335 2035 400 2071 hac
422 2043 519 2072 carta
541 2037 657 2073 nostra
680 2039 898 2075 confirmaffe
921 2040 1069 2077 Andree
1094 2043 1256 2091 episcopo
1281 2041 1495 2080 (Doravienfi
1521 2047 1557 2078 et
1582 2042 1831 2079 succefforibus

334 2093 401 2128 suis
420 2094 588 2143 episcopis
606 2097 767 2132 ffloravie
791 2098 828 2132 in
850 2097 995 2133 liberam
1021 2104 1056 2134 et
1079 2106 1287 2148 perpetuam
1309 2099 1533 2137 elemosinam
1558 2106 1630 2136 tres
1654 2100 1830 2137 dauachas

311 2150 378 2186 ‘de
404 2151 561 2199 Fynlarg
586 2153 623 2188 in
648 2154 827 2202 Strathspe
851 2168 914 2203 per
940 2156 1076 2191 easdem
1102 2159 1215 2194 rectas
1243 2159 1367 2195 divisas
1393 2171 1456 2207 per
1482 2171 1568 2206 quas
1595 2158 1732 2194 easdem
1758 2164 1830 2194 tres

334 2208 508 2244 dauaclias
527 2211 583 2246 die
602 2210 706 2259 liujus
730 2211 929 2248 collationis
955 2214 991 2248 in
1019 2227 1126 2250 manu
1152 2216 1270 2252 nostra
1294 2217 1475 2252 tenuimus
1501 2220 1537 2251 et
1560 2229 1639 2251 cum
1666 2216 1831 2252 omnibus

328 2265 427 2313 justis
446 2268 673 2314 pertinenciis
691 2269 758 2305 suis
777 2289 785 2298 ·
805 2270 841 2305 in
860 2271 1080 2308 excambium
1100 2275 1254 2310 nemoris
1268 2275 1364 2322 quod
1379 2273 1578 2323 appellatur
1594 2273 1757 2310 Kawode
1772 2293 1780 2302 ·
1796 2281 1832 2310 et
