2066 2780
81 1319 128 1355 59

562 130 878 168 REGISTRUM
904 130 1266 169 MORAVIENSE.
1612 139 1657 174 65

168 233 286 269 sumus
305 251 313 260 ·
333 229 525 267 Constante
548 220 658 276 igitur
676 229 777 264 nobis
794 229 899 276 plene
918 233 954 264 et
971 229 1155 265 evidenter
1173 230 1216 265 de
1234 230 1300 265 hiis
1319 245 1387 278 que
1405 246 1468 280 per
1486 248 1657 271 memora-

169 295 245 324 tum
261 287 473 336 Episcopum
485 286 746 323 moraviensem
760 285 964 334 Apostolice
977 285 1165 321 sanctitati
1179 291 1251 321 tam
1265 289 1438 324 veraciter
1452 303 1556 336 quam
1574 293 1658 329 fide-

167 346 248 381 liter
260 344 393 380 fuerint
406 343 563 391 suggesta
578 363 586 371 ·
601 342 865 379 transsationem
886 343 982 378 dicte
1000 342 1088 378 sedis
1105 343 1182 378 fieri
1199 356 1274 378 non
1292 344 1403 380 solum
1422 346 1655 384 necessitatem

165 401 223 438 sed
240 401 430 437 utilitatem
449 401 650 436 evidentem
670 400 857 448 exposcere
875 399 1054 436 manifeste
1072 401 1325 448 perpendimus
1343 421 1351 429 ·
1373 402 1527 439 Pensatis
1550 405 1657 451 igitur

165 458 432 495 circumstantiis
450 456 620 493 universis
641 477 650 485 ·
682 470 760 493 eam
778 457 861 493 Deo
885 457 1025 505 placere
1054 462 1090 492 et
1114 457 1260 492 utilitati
1289 463 1324 493 et
1351 459 1523 495 honestati
1541 463 1657 497 (Dora-

163 514 287 552 vienfis
305 514 446 551 ecclesie
464 516 698 563 cognovimus
728 515 895 563 expedire
925 534 933 543 ·
956 515 1107 562 ideoque
1130 515 1344 551 auctoritate
1368 516 1556 564 apostolica
1580 532 1658 566 pre-

163 572 296 609 dictam
323 573 438 608 sedem
466 572 575 620 usque
603 573 648 608 ad
677 572 809 608 dustam
839 570 1017 608 ecclesiam
1045 572 1175 607 sanae
1201 572 1387 608 Trinitatis
1407 573 1513 621 juxta
1540 574 1656 622 Elgyn

163 630 329 666 duximus
346 629 630 665 transferendam
650 649 658 657 ·
677 642 826 676 eamque
844 628 1056 664 cathedralis
1079 629 1225 664 honoris
1251 630 1357 665 titulo
1384 631 1628 667 decoravimus
1647 653 1654 659 ·

161 686 337 735 ipsamque
364 687 400 722 in
427 686 604 734 posterum
630 686 795 722 omnibus
819 686 947 721 futuris
974 685 1142 733 episcopis
1165 685 1444 722 moraviensibus
1467 687 1656 725 statuentes

161 743 399 780 cathedralem
419 763 427 772 ·
447 744 542 791 quod
557 749 598 779 ut
610 742 829 779 univerfitati
840 742 951 779 vestre
965 743 1162 778 innotescat
1179 743 1347 791 presentis
1360 744 1476 792 scripti
1491 746 1655 793 paginam

160 800 353 849 figillorum
366 800 569 836 nostrorum
586 799 804 849 appositione
822 799 1034 848 signavimus
1053 820 1061 828 ·
1082 800 1221 836 Aetam
1236 800 1272 836 in
1287 801 1357 849 ipsa
1371 801 1513 837 ecclesia
1525 802 1654 840 Sancte

160 858 348 894 Trinitatis
366 859 409 894 de
422 858 541 906 Elgyn
570 877 579 886 ·
608 871 703 893 anno
721 858 835 906 gratie
855 858 1101 895 ·‹o⁰·cc⁰·xxiiii·
1121 864 1294 906 regnante
1312 858 1534 895 illustrissimo
1554 861 1655 908 Rege

162 915 371 951 Alexandro
404 935 412 944 ·
448 913 645 964 presidente
675 915 870 951 venerabili
900 916 937 950 in
967 915 1105 952 Christo
1136 921 1235 963 patre
1265 915 1415 952 Andrea.
1442 917 1654 954 moravienfi

160 972 322 1020 episcopo
345 973 441 1008 ·xiiii·
468 973 648 1008 Kalendas
670 972 823 1021 Augusti
851 992 861 1001 ·
890 973 935 1008 In
958 973 1105 1009 nomine
1127 973 1277 1008 Domini
1301 986 1405 1009 amen
1436 993 1443 1002 ·
1467 974 1596 1011 Valete
1617 976 1653 1010 in

160 1029 321 1065 Domino
337 1049 344 1057 ·

160 1201 363 1236 Ratificatio
386 1201 533 1236 Andree
552 1201 702 1249 episcopi
720 1201 822 1249 super
841 1202 1034 1237 donatione
1053 1202 1162 1237 Bricii
1181 1202 1224 1237 de
1243 1201 1384 1237 ecclesia
1403 1202 1446 1237 de
1466 1203 1609 1239 Deveth
1625 1224 1633 1231 ·

156 1315 335 1351 Omnibus
361 1315 429 1350 hoc
458 1315 624 1363 scriptum
652 1315 775 1350 visuris
801 1315 858 1351 vel
888 1316 1061 1351 audituris
1089 1315 1254 1350 Andreas
1280 1315 1501 1363 permissione
1530 1318 1650 1353 divina

156 1371 387 1409 moravienfis
409 1373 590 1420 episcopus
613 1372 759 1408 salutem
784 1373 822 1408 in
840 1372 1001 1408 Domino
1027 1392 1035 1400 ·
1062 1372 1215 1408 Noverit
1232 1372 1437 1408 universitas
1455 1374 1566 1409 vestra
1584 1388 1648 1410 nos

154 1430 385 1465 donationem
410 1429 506 1465 illam
526 1436 561 1465 et
579 1429 820 1465 investituram
839 1443 944 1477 quam
963 1430 1007 1465 ad
1026 1429 1224 1465 instantiam
1243 1435 1278 1465 et
1295 1431 1501 1478 petitionem
1521 1432 1578 1479 pie
1596 1446 1648 1468 re-

153 1487 371 1522 cordationis
390 1486 560 1534 Freskyni
587 1487 728 1534 patroni
755 1486 895 1523 ecclesie
923 1488 966 1523 de
988 1487 1133 1523 Deveth
1154 1488 1356 1522 venerande
1379 1489 1550 1523 memorie
1569 1489 1645 1524 Bri-

152 1544 226 1579 cius
244 1545 426 1591 quondam
446 1543 675 1580 moravienfis
691 1545 871 1592 episcopus
885 1545 1016 1580 fecerat
1034 1543 1175 1580 ecclesie
1193 1549 1228 1580 et
1243 1544 1397 1592 capitulo
1417 1545 1547 1580 Sancte
1566 1546 1645 1581 Tri-

151 1602 270 1636 nitatis
285 1601 328 1636 de
342 1602 451 1649 Spyni
465 1602 509 1637 de
523 1602 685 1649 predififiz
699 1600 841 1637 ecclesia
854 1603 898 1638 de
911 1602 1055 1638 Deveth
1068 1621 1076 1629 ·
1089 1603 1132 1637 ad
1147 1602 1314 1637 fabricam
1328 1602 1488 1649 predi&e
1503 1602 1643 1638 ecclesie

151 1658 281 1693 Sancte
301 1658 488 1694 Trinitatis
506 1657 675 1705 assignata
701 1678 709 1686 ·
734 1664 846 1694 ratam
865 1665 901 1695 et
914 1665 1050 1707 gratam
1069 1659 1223 1694 habuisse
1241 1664 1276 1694 et
1294 1659 1358 1694 hac
1376 1659 1527 1707 presenti
1546 1666 1642 1695 carta

149 1714 266 1750 nostra
289 1715 509 1751 confirmasse
528 1716 610 1752 Deo
629 1721 665 1751 et
683 1715 822 1752 ecclesie
842 1717 971 1753 Sancte
990 1717 1177 1752 Trinitatis
1199 1717 1243 1752 de
1262 1716 1381 1764 Elgyn
1405 1722 1440 1753 et
1463 1718 1642 1752 canonicis

103 1766 106 1768 ⁵
149 1772 279 1808 ibidem
291 1772 374 1808 Deo
390 1773 621 1808 servientibus
635 1779 670 1808 et
684 1774 721 1808 in
734 1779 946 1822 perpetuum
961 1774 1140 1810 servituris
1159 1793 1167 1801 ·
1197 1773 1319 1815 Quare
1333 1773 1498 1808 volumus
1512 1779 1547 1809 et
1561 1787 1642 1809 con-

149 1830 306 1865 cedimus
323 1835 365 1865 ut
382 1830 546 1878 predicta
563 1829 705 1866 ecclesia
723 1831 853 1866 Sancte
873 1831 1059 1866 Trinitatis
1077 1831 1121 1867 de
1139 1831 1258 1878 Elgyn
1276 1836 1311 1866 et
1329 1830 1520 1878 collegium
1538 1844 1640 1867 cano-

149 1887 310 1922 nicorum
324 1887 455 1923 ibidem
469 1887 552 1923 Deo
566 1888 719 1923 serviens
733 1888 861 1924 habeat
874 1889 1070 1936 predi&am
1086 1887 1264 1924 ecclesiam
1276 1900 1355 1923 cum
1370 1888 1533 1923 omnibus
1540 1888 1641 1936 justis

149 1944 370 1991 pertinentiis
385 1944 452 1979 suis
466 1944 504 1979 in
517 1945 620 1980 terris
634 1965 641 1973 ·
655 1945 799 1981 decimis
814 1965 822 1973 ·
836 1945 1073 1981 oblationibus
1084 1951 1120 1981 et
1131 1945 1405 1981 obventionibus
1418 1950 1454 1980 et
1468 1946 1639 1981 omnimo-

148 2000 200 2035 dis
217 2001 492 2037 rectitudinibus
511 2001 742 2038 ecclesiasticis
757 2022 765 2030 ·
784 2003 873 2038 adeo
891 2003 1000 2038 libere
1015 2022 1023 2030 ·
1039 2003 1156 2050 quiete
1172 2022 1180 2030 -
1195 2002 1353 2050 plenarie
1371 2007 1407 2037 et
1422 2002 1617 2039 honorifice
1630 2023 1637 2030 ·

147 2055 231 2093 ficut
248 2057 366 2105 aliqua
383 2059 451 2093 alia
469 2058 611 2094 ecclesia
629 2060 666 2094 in
683 2065 759 2094 tota
777 2058 913 2107 dyocesi
930 2059 1047 2095 nostra
1064 2060 1210 2095 liberius
1226 2079 1234 2087 ·
1249 2059 1403 2106 quietius
1418 2079 1426 2086 ·
1446 2059 1583 2107 plenius
1603 2066 1638 2095 et

148 2114 438 2151 honorificentius
457 2116 500 2151 ab
518 2116 636 2163 aliquo
655 2122 798 2152 tenetur
816 2122 877 2152 aut
893 2115 1085 2165 poflidetur
1105 2136 1112 2145 ·
1142 2117 1253 2152 Salvis
1270 2116 1372 2151 nobis
1390 2122 1426 2152 et
1443 2116 1637 2152 successori-

147 2170 211 2206 bus
229 2172 353 2208 nostris
367 2173 619 2221 episcopalibus
638 2194 646 2202 ·
675 2174 727 2210 Ut
745 2180 862 2210 autem
881 2175 946 2210 hec
964 2174 1081 2210 nostra
1098 2174 1321 2210 confirmatio
1339 2179 1415 2208 rata
1432 2179 1636 2221 permaneat

147 2233 182 2263 et
200 2228 399 2266 inconcussa
417 2230 507 2266 hanc
525 2231 689 2279 paginam
715 2230 814 2279 sigilli
838 2231 945 2267 nostri
969 2232 1166 2267 munimine
1190 2231 1356 2267 duximus
1374 2230 1608 2266 roborandam
1626 2250 1633 2257 ·

876 2294 886 2317 1
