2066 2780
91 1118 139 1150 53

570 147 887 183 REGISTRUM
915 148 1276 186 MORAVIENSE.
1620 154 1664 190 61
1739 119 1742 122 ‘

173 250 287 286 eidem
305 246 461 285 thanni
479 246 588 282 essent
607 246 738 281 donate
756 251 792 281 et
810 246 967 282 concesse
997 266 1005 274 ·
1039 247 1162 289 Quare
1182 248 1265 283 volo
1292 253 1332 283 ut
1358 249 1519 296 predista
1542 251 1666 287 amica-

171 307 251 342 bilis
268 302 472 353 compositio
491 304 586 339 inter
604 317 664 339 eos
686 303 770 339 inde
794 303 890 339 faaa
912 316 994 338 cum
1018 303 1209 340 collatione
1233 304 1363 353 septem
1387 318 1548 342 acrarum
1573 313 1666 344 terre

172 376 258 411 quas
283 363 377 398 idem
404 361 589 398 ‚Iohannes
615 361 776 409 predi6'te
803 359 944 396 ecclefie
971 361 1015 396 de
1042 361 1283 397 Dulbatalach
1306 362 1404 397 dedit
1426 363 1463 398 in
1485 376 1610 411 puram
1633 371 1667 400 et

170 425 378 470 perpetuam
408 418 645 467 elemosynam
672 419 722 454 ita
747 418 897 454 firmiter
926 425 962 455 et
988 419 1243 455 inviolabiliter
1271 424 1436 455 teneatur
1461 419 1547 456 ficut
1570 434 1667 469 cyro-

169 478 344 526 graphum
375 477 468 512 inter
496 489 557 512 eos
585 477 669 512 inde
697 476 902 512 confefflmm
928 476 1020 524 juste
1048 476 1193 512 testatur
1222 496 1230 504 ·
1262 477 1356 513 salvo
1384 477 1524 513 servitio
1553 492 1632 515 meo
1658 501 1665 508 ·

170 534 332 571 Testibus
350 534 545 571 malcolmo
563 534 694 570 comite
713 534 757 570 de
777 534 848 581 Fyf
874 554 882 561 ·
913 534 1096 570 Willelmo
1116 534 1260 583 Cumyn
1279 534 1409 570 comite
1428 535 1471 570 de
1491 535 1639 572 Buchan
1658 558 1665 565 ·

170 593 255 628 Ada
272 592 456 641 capellano
475 605 555 628 meo
581 612 589 619 ·
615 592 782 632 Johanne
801 592 845 627 de
864 592 1070 628 fflacuswell
1092 612 1100 620 ·
1127 592 1270 627 Thoma
1286 591 1466 627 Hostiario
1492 612 1499 620 ·
1526 593 1667 630 Thoma

168 651 212 686 de
231 650 399 686 Strivelin
419 655 454 686 et
475 650 558 685 Ada
578 650 622 686 de
642 649 828 686 Prebenda
846 649 983 685 clericis
1021 670 1029 677 ·
1067 650 1234 686 Johanne
1252 650 1296 685 de
1319 649 1423 698 Haya
1458 669 1466 677 ·
1501 650 1666 687 ,Iohanne

169 709 212 744 de
239 707 403 743 Vallibus
448 727 455 735 ·
502 707 640 743 Datum
671 707 766 756 apud
798 707 917 755 Elgyn
949 721 1018 742 ·xv·
1049 708 1106 743 die
1134 707 1306 743 O&0bris
1337 711 1473 744 ·co⁰·cc⁰-
1505 707 1666 744 vicefimo

168 766 282 814 primo
303 785 311 793 -

171 937 355 975 Conceffio
384 939 493 974 Bricii
521 938 672 987 episcopi
700 939 802 987 super
831 938 972 974 ecclefia
1000 938 1043 974 de
1075 937 1220 974 Deveth
1252 938 1296 973 ad
1327 937 1494 974 fabricam
1526 938 1665 974 ecclesie

168 996 378 1033 cathedralis
398 1016 405 1023 ·

167 1112 220 1148 ·B·
242 1112 314 1148 Dei
339 1113 454 1160 gratia
480 1112 662 1161 episcopus
680 1110 910 1149 moraviensis
935 1110 1105 1147 universis
1128 1111 1248 1147 fauete
1272 1111 1393 1146 matris
1420 1110 1562 1147 ecclesie
1585 1112 1665 1148 filiis

166 1170 285 1205 literas
302 1169 380 1205 istas
397 1170 521 1206 visuris
538 1169 597 1206 vel
613 1169 787 1205 audituris
805 1175 964 1205 eternam
983 1169 1020 1203 in
1040 1168 1202 1204 Domino
1220 1167 1366 1204 salutem
1386 1187 1394 1196 ·
1414 1168 1568 1205 Noverit
1586 1171 1663 1206 uni-

166 1226 307 1263 versitas
321 1227 434 1263 vestra
451 1240 516 1263 nos
534 1227 579 1262 ad
597 1227 796 1262 instantiam
815 1233 850 1262 et
868 1227 1078 1274 petitionem
1093 1225 1264 1274 Freskyni
1282 1226 1326 1261 de
1342 1225 1477 1261 Kerdal
1495 1228 1663 1263 avunculi

166 1285 274 1320 nostri
303 1285 431 1321 dediffe
459 1283 655 1321 concessifl'e
687 1290 723 1320 et
753 1285 818 1320 hac
848 1284 1001 1332 presenti
1029 1289 1126 1319 carta
1154 1283 1373 1319 confirmaffe
1406 1282 1584 1319 ecclesiam
1619 1286 1663 1321 de

166 1343 311 1379 Deveth
338 1356 420 1378 cum
447 1342 611 1378 omnibus
632 1341 732 1391 justis
758 1342 981 1390 pertinentiis
1005 1341 1073 1377 suis
1096 1338 1237 1377 ecclesie
1257 1340 1387 1376 sanae
1406 1341 1593 1377 Trinitatis
1619 1343 1663 1378 de

166 1401 286 1449 Spyny
302 1420 310 1428 ·
326 1400 456 1436 fabrice
471 1400 626 1449 ejusdem
640 1399 782 1436 ecclefie
797 1419 805 1427 ·
823 1400 945 1442 Quare
959 1398 1125 1435 volumus
1138 1403 1180 1434 ut
1192 1398 1355 1447 predista
1371 1397 1514 1434 ecclesia
1532 1399 1662 1436 Sanete

166 1458 353 1493 Trinitatis
371 1458 415 1493 ad
433 1458 515 1494 usus
532 1458 663 1493 fabrice
680 1458 739 1493 sue
758 1457 885 1493 habeat
902 1462 1073 1505 perpetue
1090 1456 1136 1491 ad
1154 1469 1281 1504 puram
1303 1461 1339 1491 et
1361 1461 1570 1504 perpetuam
1594 1458 1662 1493 ele-

165 1514 334 1551 mofinam
353 1516 551 1564 predifiham
570 1513 748 1551 ecelefiam
767 1528 848 1551 cum
874 1514 1038 1550 omnibus
1061 1513 1106 1549 ad
1130 1526 1208 1549 eam
1225 1512 1318 1562 juste
1340 1513 1600 1562 pertinentibus
1626 1515 1662 1549 in

164 1573 267 1608 terris
286 1579 322 1609 et
339 1573 483 1609 decimis
498 1579 533 1609 et
551 1573 825 1609 obventionibus
850 1578 885 1608 et
909 1571 1073 1607 omnibus
1098 1571 1375 1607 rectitudinibus
1399 1569 1633 1607 ecclesiasticis
1652 1592 1659 1599 ·

163 1630 257 1666 salva
274 1636 403 1667 tenura
422 1630 573 1666 Roberti
592 1630 739 1678 persone
758 1630 802 1666 de
821 1630 965 1665 Deveth
983 1630 1021 1664 in
1034 1634 1111 1665 tota
1128 1629 1201 1664 vita
1218 1628 1279 1664 sua
1296 1647 1305 1656 ·
1323 1628 1385 1676 qui
1403 1628 1447 1664 de
1465 1628 1589 1665 eadem
1607 1643 1662 1665 ec-

164 1687 264 1723 clefia
278 1688 389 1724 solvet
406 1688 591 1724 annuatim
607 1686 747 1724 ecclefie
767 1688 897 1723 &meite
916 1686 1104 1724 Trinitatis
1121 1686 1165 1722 de
1183 1685 1305 1734 Spyny
1322 1685 1468 1722 nomine
1486 1685 1661 1734 pensionis

106 1776 109 1779 Α
164 1745 347 1781 dimidiam
365 1746 490 1781 libram
509 1746 624 1781 thuris
644 1745 699 1781 vel
722 1746 779 1781 ·vi-
799 1745 963 1781 denarios
981 1744 1026 1780 ad
1043 1742 1270 1792 pentecosten
1297 1762 1306 1770 ·
1333 1748 1370 1779 et
1386 1742 1487 1779 salvis
1504 1744 1608 1780 nobis
1625 1751 1660 1780 et

163 1803 411 1839 suceefforibus
437 1802 564 1839 nostris
589 1802 841 1851 episcopalibus
873 1822 880 1830 ·
911 1801 1074 1838 Testibus
1098 1800 1261 1849 magistro
1285 1799 1464 1849 Gylberto
1489 1802 1660 1838 archidiw

163 1874 255 1896 cono
285 1881 292 1888 ·
322 1860 483 1909 magistro
505 1860 666 1896 Henrico
696 1880 704 1888 ·
737 1859 897 1908 Hugone
921 1860 965 1895 de
988 1858 1129 1907 Duglas
1158 1878 1166 1886 ·
1196 1858 1408 1894 Alexandro
1435 1864 1472 1895 et
1496 1858 1657 1896 Henrico

162 1918 329 1954 fratribus
342 1918 467 1954 nostris
486 1938 494 1946 -
514 1917 696 1954 Willelmo
715 1918 759 1954 de
778 1917 1018 1966 Colbaynston
1033 1937 1041 1945 ·
1063 1917 1206 1953 Thoma
1220 1921 1255 1952 et
1274 1916 1450 1953 mauricio
1468 1917 1659 1965 capellanis

162 1975 286 2012 nostris
302 1995 310 2003 ·
332 1976 494 2012 Roberto
513 1976 643 2012 clerico
669 1995 677 2004 ·
703 1976 883 2024 Stephano
902 1975 946 2011 de
965 1974 1154 2023 Edynham
1172 1979 1209 2010 et
1227 1973 1409 2010 Willelmo
1427 1974 1535 2010 fratre
1553 1974 1629 2023 ejus
1649 1995 1655 2001 -

164 2034 357 2082 Huttyngo
383 2033 584 2071 marescallo
611 2032 731 2069 nostro
763 2052 771 2061 ·
805 2033 952 2081 Rogero
979 2032 1213 2081 dispensatore
1245 2052 1253 2061 ·
1282 2032 1430 2067 lVarino
1449 2038 1484 2068 et
1503 2032 1655 2068 Gamelo

162 2090 312 2128 Norenfi
330 2091 561 2128 servientibus
579 2090 703 2127 nostris
718 2111 726 2119 ·
