1912 2660
116 674 188 706 ⁶250

614 167 931 204 REGISTRUM
957 167 1318 207 MORAVIENSE.
1635 178 1705 210 325

219 267 429 304 remansuris
455 266 492 301 in
518 266 670 301 secunda
695 266 808 301 cauda
829 266 968 313 ponatis
987 285 995 293 ·
1024 266 1161 301 Datum
1178 267 1239 302 sub
1261 266 1373 315 figillo
1393 269 1509 305 nostro
1527 272 1705 307 autentico

218 326 255 361 in
290 326 396 360 domo
434 323 619 371 capitulari
653 322 794 358 ecclefie
822 322 937 358 nostre
966 322 1195 359 moraviensis
1230 324 1312 359 ·xix·
1350 325 1406 361 die
1432 326 1555 362 mensls
1590 329 1674 376 maij
1696 348 1703 356 ·

218 383 329 418 Anno
348 381 497 416 Domini
516 384 674 417 ·co⁰·ccc⁰·
693 379 919 428 nonagesimo
935 399 942 408 ·

217 552 400 600 lnquifitio
419 553 463 588 de
481 553 684 601 capellaniis
703 553 747 588 de
766 553 960 589 Daldeleth
980 558 1015 589 et
1032 553 1133 589 beate
1154 554 1267 590 (Darie
1287 573 1295 581 ·

216 667 400 715 Inquisitio
414 668 509 703 fa&a
527 668 623 716 apud
638 667 817 703 ecclefiam
831 668 1070 715 parochialem
1084 668 1128 703 de
1144 667 1262 715 Elgyn
1277 668 1321 704 de
1336 668 1503 703 mandato
1518 671 1705 705 reverendi

213 725 322 773 patris
343 738 383 760 ac
410 725 546 761 domini
564 726 699 760 domini
719 725 890 761 Willelmi
913 725 1135 761 miseratione
1162 725 1283 760 divina
1311 726 1462 774 episcopi
1481 726 1708 762 moravienfis

214 782 270 818 die
297 783 422 819 martis
448 784 486 817 in
512 782 596 831 festo
623 783 825 818 sanctorum
848 782 1031 820 martirum
1050 781 1193 817 Abdon’
1218 788 1254 817 et
1272 782 1427 818 Sennen’
1444 796 1538 818 anno
1558 783 1707 820 Domini

212 839 391 877 millefimo
403 844 488 876 ccc⁰.
501 840 728 887 nonagesimo
744 845 870 876 octavo
883 859 891 868 ·
906 840 950 875 In
962 853 1032 887 qua
1045 845 1226 888 repertum
1238 839 1305 875 fuit
1318 853 1381 887 per
1393 839 1598 888 subscriptos
1612 841 1707 876 vide-

212 897 294 933 licet
311 897 335 934 J
337 898 514 934 ohannem
530 898 573 933 de
589 898 686 933 Rath
699 917 706 925 ·
721 898 745 934 J
747 898 925 933 ohannem
940 898 984 932 de
999 897 1138 933 Kelour
1152 916 1161 925 ·
1173 897 1197 934 J
1199 897 1376 932 ohannem
1389 897 1502 932 filium
1516 897 1683 933 Willelmi
1696 918 1705 926 ·

213 954 391 990 Thomam
405 955 563 990 Rolland
576 975 583 983 ·
597 955 807 991 michaelem
821 955 1019 1002 Schapman
1034 974 1042 982 ·
1056 954 1382 990 WillelmumVaus
1395 954 1630 990 ·W⁷illelmum
1643 956 1707 991 fili-

211 1025 272 1047 um
287 1012 470 1048 michaelis
482 1032 490 1040 ·
512 1012 732 1047 Richardum
747 1012 858 1047 filium
872 1012 1021 1047 Walteri
1036 1017 1071 1047 et
1084 1011 1285 1047 Henricum
1301 1011 1428 1047 Portar
1442 1032 1450 1040 ·
1465 1025 1596 1060 magno
1608 1013 1706 1061 jura-

211 1074 332 1104 mento
338 1069 478 1117 juratos
494 1089 501 1097 ·
517 1070 613 1116 quod
627 1069 829 1117 capellanus
844 1069 887 1104 de
900 1069 1094 1104 Daldeleth
1107 1069 1275 1104 fundatus
1289 1082 1352 1117 per
1368 1069 1564 1117 Hugonem
1578 1070 1706 1106 Herok

211 1126 390 1172 quondam
402 1126 613 1174 burgensem
632 1127 675 1162 de
691 1127 808 1174 Elgyn
827 1127 872 1162 ad
890 1126 999 1161 altare
1015 1126 1144 1161 Sancte
1158 1126 1283 1162 Crucis
1297 1127 1334 1162 in
1353 1125 1494 1162 ecclefia
1511 1127 1704 1174 parochiali

212 1183 255 1218 de
263 1183 371 1230 Elgin
382 1188 525 1219 tenetur
540 1184 717 1219 celebrare
729 1184 774 1219 ad
789 1184 899 1232 ipsum
914 1183 1024 1219 altare
1033 1202 1041 1211 ·
1054 1188 1090 1219 et
1101 1184 1261 1219 intereffe
1274 1184 1371 1219 horis
1383 1184 1505 1219 diebus
1517 1184 1704 1220 dominicis

211 1246 246 1275 et
264 1240 390 1277 festivis
410 1260 417 1268 ·
447 1241 494 1276 Et
512 1241 608 1288 quod
627 1242 744 1276 dietus
763 1241 964 1289 capellanus
982 1241 1128 1289 recipiet
1146 1241 1330 1276 annuatim
1352 1241 1395 1277 de
1413 1254 1486 1276 una
1502 1242 1591 1276 roda
1608 1247 1702 1277 terre

211 1297 351 1334 Thome
375 1299 418 1333 de
445 1298 583 1333 Dalton
603 1318 610 1326 ·
632 1299 776 1347 jacente
800 1311 843 1333 ex
868 1297 1008 1333 australi
1026 1304 1125 1347 parte
1151 1298 1235 1334 ville
1264 1299 1308 1334 de
1328 1298 1435 1345 Elgin
1459 1299 1551 1334 inter
1570 1304 1701 1334 terram

210 1355 358 1391 matilde
377 1355 504 1403 Dycke
524 1369 567 1391 ex
585 1361 684 1403 parte
703 1355 866 1391 orientali
885 1361 920 1391 et
938 1361 1067 1391 terram
1088 1356 1229 1391 Thome
1247 1355 1311 1390 filii
1329 1355 1522 1403 mackyson
1540 1369 1584 1391 ex
1602 1362 1701 1404 parte

209 1412 421 1448 occidentali
437 1432 444 1440 ·
461 1413 550 1448 duos
568 1413 696 1448 solidos
713 1418 749 1448 et
768 1413 826 1449 sex
845 1413 1008 1448 denarios
1021 1433 1028 1441 ·
1042 1418 1078 1449 et
1096 1413 1139 1449 de
1158 1413 1297 1448 duobus
1315 1412 1435 1448 croftis
1453 1426 1534 1449 cum
1553 1414 1699 1449 dimidio

208 1470 244 1504 in
264 1470 425 1505 manibus
443 1470 626 1506 michaelis
646 1471 823 1518 Shapman
847 1484 944 1506 nunc
968 1470 1193 1506 existentibus
1212 1471 1301 1505 duos
1319 1470 1447 1505 solidos
1465 1475 1500 1505 et
1518 1470 1575 1506 sex
1594 1471 1700 1507 denae

207 1527 279 1561 rios
304 1540 368 1573 per
394 1540 527 1562 annum
548 1547 556 1555 ·
584 1528 667 1563 item
696 1528 739 1563 de
766 1533 971 1563 tenemento
996 1528 1170 1565 Johannis
1196 1527 1341 1562 fullonis
1368 1527 1457 1562 duos
1482 1527 1610 1563 solidos
1636 1541 1700 1576 per

206 1597 340 1619 annum
360 1604 367 1612 ·
388 1590 423 1620 et
441 1585 484 1620 de
502 1591 656 1632 quatuor
673 1585 793 1621 crostis
812 1598 896 1632 quas
913 1590 1011 1620 tenet
1031 1598 1127 1620 nunc
1144 1585 1327 1622 Johannes
1346 1584 1390 1620 de
1410 1584 1528 1620 Rathe
1546 1590 1699 1632 quatuor

205 1640 332 1676 solidos
350 1655 413 1689 per
431 1655 564 1677 annum
585 1662 592 1670 ·
620 1642 706 1678 item
724 1642 768 1677 de
786 1647 992 1677 tenemento
1011 1642 1048 1677 in
1066 1656 1136 1689 quo
1154 1642 1337 1678 ,Iohannes
1357 1641 1464 1689 Bully
1478 1647 1598 1677 manet
1612 1643 1700 1678 duo-

134 1712 150 1728 *
205 1698 318 1734 decim
347 1699 510 1735 denarios
536 1713 599 1747 per
625 1713 759 1735 annum
788 1713 832 1735 ex
857 1704 956 1747 parte
987 1699 1119 1735 boreali
1147 1705 1183 1735 et
1209 1700 1253 1734 de
1284 1712 1355 1734 una
1381 1699 1470 1733 roda
1489 1698 1623 1747 jacenti
1653 1713 1696 1735 ex

203 1761 302 1803 parte
327 1755 461 1791 boreali
487 1756 580 1791 inter
608 1762 738 1792 terram
764 1757 889 1793 Jacobi
916 1756 1042 1792 sutoris
1069 1770 1113 1792 ex
1136 1761 1235 1804 parte
1264 1755 1476 1791 occidentali
1503 1761 1538 1791 et
1564 1761 1696 1792 terram

176 1844 178 1846 .
203 1812 352 1848 Walteri
367 1813 529 1849 Thorald
547 1827 590 1849 ex
609 1820 708 1862 parte
727 1814 890 1849 orientali
909 1814 998 1849 duos
1017 1814 1144 1849 solidos
1163 1833 1171 1841 ·
1189 1814 1272 1849 item
1285 1814 1329 1849 de
1343 1818 1549 1849 tenemento
1564 1813 1696 1850 Johan-

200 1870 254 1905 nis
267 1870 330 1905 filii
342 1870 510 1918 Stephani
523 1871 711 1907 duodecim
727 1872 889 1907 denarios
905 1891 913 1899 ·
930 1876 965 1907 et
979 1871 1164 1906 dimidium
1178 1870 1324 1919 dominij
1339 1871 1382 1906 de
1394 1870 1587 1906 Daldeleth
1599 1872 1693 1918 quod

199 1926 329 1974 spectat
346 1928 391 1963 ad
410 1928 546 1963 dietum
565 1929 743 1964 servitium
764 1948 771 1956 ·
792 1933 828 1964 et
845 1928 933 1963 nihil
951 1928 1100 1964 ulterius
1118 1928 1295 1964 sciverunt
1314 1947 1321 1955 ·

200 1983 292 2019 Item
305 1985 348 2020 de
364 1985 546 2033 capellano
558 1986 706 2021 fundato
722 1999 784 2034 per
799 1986 1020 2021 Richardum
1032 1986 1145 2021 filium
1159 1985 1182 2022 J
1185 1985 1334 2021 ohannis
1348 1985 1528 2032 quondam
1540 1984 1693 2033 burgen-

198 2040 267 2076 sem
294 2042 338 2077 de
358 2042 476 2090 Elgyn
494 2043 539 2078 ad
557 2042 668 2078 altare
686 2043 787 2079 beate
802 2043 915 2080 <Dario
939 2043 977 2078 in
996 2041 1137 2079 ecclefia
1154 2043 1316 2091 predicta
1335 2062 1343 2070 ·
1363 2043 1487 2078 dicunt
1504 2042 1599 2089 quod
1617 2042 1693 2089 qui-

197 2110 336 2145 cunque
348 2099 454 2135 fuerit
469 2099 516 2134 ibi
528 2100 731 2148 capellanus
744 2105 888 2136 tenetur
901 2100 1059 2147 quolibet
1074 2100 1130 2136 die
1142 2100 1305 2147 quotiens
1316 2099 1458 2135 honeste
1472 2100 1603 2145 poterit
1616 2099 1692 2134 mis-

194 2153 263 2190 sam
283 2168 348 2204 pro
366 2157 549 2193 animabus
572 2158 658 2193 dicti
689 2158 861 2194 Richardi
878 2164 914 2193 et
931 2158 1070 2194 Elizote
1087 2158 1207 2206 sponse
1225 2158 1283 2193 sue
1301 2162 1336 2193 et
1354 2157 1514 2193 omnium
1531 2156 1687 2192 fidelium
