2060 2660
252 1845 321 1883 157

354 177 423 209 180
746 174 1061 211 REGISTRUM
1091 174 1455 211 MORAVIENSE.

351 273 567 319 procedendi
599 274 684 309 mihi
717 274 928 310 reservatam
959 288 1000 310 ac
1031 272 1055 308 fi
1086 273 1284 322 hujusmodi
1317 272 1510 321 appellatio
1542 271 1746 321 interpofita
1780 288 1861 310 non·

350 329 465 366 fuifl'et
487 350 495 358 ·
524 330 618 367 Cum
637 332 747 380 igitur
766 332 957 381 appellatio
975 345 1050 367 non
1068 330 1109 366 fit
1127 331 1321 378 iniquitatis
1339 329 1524 365 vinculum
1543 329 1593 366 set
1610 331 1733 379 pocius
1753 332 1855 368 inno-

351 388 463 424 centis
485 394 521 424 et
544 390 787 437 oppressorum
814 388 1003 438 presidium
1033 402 1098 424 nec
1123 402 1144 423 a
1162 388 1246 435 jure
1274 400 1340 423 nec
1366 400 1388 422 a
1409 386 1533 435 judice
1559 388 1855 436 appellationibus

350 446 486 482 frivolis
502 446 542 483 fit
560 448 793 483 deferendum
816 467 823 476 ·
844 447 1046 496 hujusmodi
1063 445 1293 494 appellationi
1318 444 1447 480 frivole
1475 445 1646 483 malitiose
1670 453 1706 483 et
1729 448 1855 484 fietitie

350 517 419 552 que
445 505 697 541 nichilominus
723 512 764 541 ut
790 506 869 541 luce
893 504 1022 540 clarius
1048 502 1097 539 est
1123 502 1238 550 elapso
1260 502 1403 550 penitus
1421 515 1443 538 a
1453 502 1538 551 jure
1556 502 1685 540 statuto
1702 506 1855 554 appella-

350 562 458 598 tionis
485 564 639 599 termino
667 564 738 598 vim
766 563 917 598 formam
945 561 1002 596 vel
1030 560 1197 596 effeetum
1223 560 1472 608 appellationis
1498 574 1573 596 non
1601 562 1763 599 continet
1789 577 1854 599 nec

350 621 535 657 continere
553 620 668 669 potest
686 640 694 648 ·
714 634 780 656 nec
800 619 997 655 rationibus
1015 617 1059 653 fic
1078 618 1114 652 in
1134 618 1258 653 eadem
1273 617 1411 654 insertis
1428 618 1523 654 fietis
1540 618 1724 655 maliciofis
1738 621 1857 659 minus

350 679 443 715 veris
461 684 496 714 et
514 678 752 714 inefficacibus
767 691 839 713 non
856 676 968 712 detuli
982 689 1049 711 nec
1064 675 1202 711 deferre
1218 675 1317 711 volui
1336 688 1403 711 nec
1421 676 1655 712 deferendum
1676 678 1751 714 fore
1769 678 1854 714 duxi

350 749 430 771 cum
458 736 589 772 delatio
615 736 815 783 hujusmodi
841 733 865 769 fi
891 732 935 769 fio
961 734 1064 769 fieret
1091 733 1310 769 redundaret
1332 734 1568 782 proculdubio
1596 735 1631 770 in
1660 735 1855 784 dampnum

350 800 386 829 et
403 791 637 842 prejudicium
659 807 732 829 non
752 793 931 829 modicum
951 791 1108 840 plurium
1128 789 1352 827 ecclesiarum
1371 805 1457 828 cure
1470 793 1670 829 animarum
1688 807 1730 829 ac
1748 795 1854 830 etiam

350 851 579 899 personarum
600 871 608 879 ·
628 852 723 899 quod
743 864 817 886 non
836 850 884 886 est
902 849 1130 885 tolerandum
1151 862 1232 884 cum
1251 862 1326 885 non
1343 848 1384 885 fit
1401 850 1662 899 indulgendum
1683 852 1826 888 malitiis
1845 873 1852 880 ·

350 915 422 944 tam
439 909 574 957 justitia
595 922 698 957 quam
718 909 811 957 juris
839 908 965 944 ordine
990 907 1158 943 suadente
1178 926 1186 935 ·
1206 907 1328 943 habito
1346 908 1453 943 etiam
1471 908 1575 957 super
1592 909 1660 945 hoc
1677 909 1854 957 frequenti

350 973 385 1002 et
403 967 564 1014 diligenti
583 967 779 1015 peritorum
799 965 942 1002 confilio
962 985 970 993 ·
990 978 1112 1013 ymmo
1130 965 1239 1011 ipsam
1253 971 1289 1001 et
1306 965 1394 1014 ipsas
1409 971 1577 1013 tanquam
1587 966 1662 1015 juri
1678 973 1714 1003 et
1725 968 1856 1004 rationi

349 1025 544 1060 contrarias
562 1025 731 1060 informes
749 1024 892 1059 inutiles
911 1023 1111 1059 inefficaces
1130 1023 1246 1071 repuli
1265 1029 1300 1059 et
1319 1024 1474 1059 recusavi
1494 1024 1629 1073 repello
1648 1030 1685 1061 et
1703 1026 1825 1061 recuso
1846 1047 1853 1053 ·

350 1082 572 1130 repellendas
591 1088 626 1118 et
646 1082 855 1118 recusandas
873 1081 950 1117 fore
969 1080 1056 1117 duxi
1075 1087 1111 1117 et
1129 1081 1271 1117 decrevi
1300 1101 1308 1109 ·
1336 1081 1475 1118 causam
1496 1082 1588 1118 hanc
1610 1088 1645 1118 et
1669 1084 1853 1131 negotium

350 1140 554 1175 au&0ritati
571 1146 606 1175 et
614 1139 856 1187 jurisdifitioni
870 1152 949 1175 mee
964 1139 1145 1175 ordinarie
1162 1138 1250 1175 ficut
1267 1140 1366 1188 prius
1383 1140 1421 1175 in
1440 1140 1606 1176 omnibus
1619 1141 1832 1178 reservando
1846 1163 1853 1169 ·

349 1198 565 1233 sacrosan&e
597 1198 684 1233 sedis
712 1197 901 1246 apostolice
933 1198 1136 1233 reverentia
1167 1197 1303 1246 semper
1326 1197 1420 1233 salva
1439 1218 1447 1226 ·
1472 1198 1602 1246 hasque
1621 1198 1741 1235 literas
1760 1213 1855 1236 meas

349 1268 412 1303 pro
437 1255 600 1303 apostolis
619 1256 836 1291 refutatoriis
854 1261 890 1291 et
910 1255 990 1291 loco
1009 1254 1250 1304 apostolorum
1269 1256 1564 1292 refutatoriorum
1586 1255 1610 1292 fi
1635 1255 1679 1292 fic
1707 1257 1774 1293 dici
1797 1258 1854 1293 de-

349 1313 454 1348 beant
482 1313 542 1348 sub
565 1312 677 1361 figillo
701 1327 781 1349 meo
806 1314 921 1349 eidem
943 1313 1077 1349 Abbati
1096 1314 1154 1349 vel
1176 1314 1237 1350 suo
1257 1315 1482 1362 procuratori
1500 1314 1594 1350 tradi
1611 1314 1678 1351 feci
1697 1322 1733 1351 et
1750 1316 1854 1351 trado

348 1377 508 1419 patentes
527 1371 623 1407 ἀίἇὶο
642 1371 873 1420 appellationi
890 1371 1019 1407 frivole
1038 1385 1195 1407 annexas
1215 1392 1223 1400 ·
1242 1372 1421 1421 ipsamque
1439 1385 1480 1408 ac
1499 1372 1586 1419 ipsas
1606 1372 1725 1408 literas
1742 1373 1854 1409 vestre

348 1429 523 1464 san&itati
551 1429 751 1465 transmitto
775 1430 1028 1476 presentandas
1053 1449 1061 1457 ·
1092 1430 1136 1465 In
1163 1430 1264 1478 cujus
1291 1430 1342 1466 rei
1369 1429 1610 1466 testimonium
1635 1431 1855 1477 presentibus

348 1486 510 1535 apostolis
524 1487 741 1523 refutatoriis
755 1493 795 1523 ut
815 1488 1035 1536 premittitur
1052 1487 1204 1536 sigillum
1222 1501 1342 1524 meum
1361 1501 1435 1524 una
1453 1501 1534 1524 cum
1554 1487 1806 1536 subscriptione
1820 1497 1854 1525 et

350 1543 446 1592 ligno
468 1545 596 1580 notarii
615 1545 825 1592 infrascripti
844 1546 892 1582 est
910 1546 1102 1595 appensum
1123 1566 1130 1575 ·

351 1721 410 1756 De
428 1721 540 1756 bladis
559 1727 735 1757 terrarum
757 1722 801 1757 de
820 1722 988 1759 Cathboll
1008 1723 1053 1759 ad
1071 1723 1227 1771 plegium
1247 1723 1337 1758 datis
1356 1742 1364 1749 ·

353 1836 396 1871 In
418 1837 488 1871 Dei
516 1837 661 1872 nomine
685 1850 789 1873 amen
809 1857 817 1865 ·
847 1838 914 1874 Per
942 1839 1010 1875 hoc
1036 1839 1178 1887 presens
1204 1838 1386 1887 publicum
1414 1836 1688 1874 instrumentum
1715 1838 1855 1873 cunetis

350 1895 483 1942 liqueat
502 1895 686 1930 evidenter
704 1895 800 1942 quod
819 1908 914 1931 anno
938 1896 1089 1932 Domini
1112 1895 1293 1934 millesimo
1312 1899 1409 1932 ·ccc⁰·
1428 1893 1681 1944 septuagesimo
1699 1895 1825 1943 quinto
1845 1915 1852 1922 ·

349 1953 548 1988 indictione
567 1953 651 1988 ·xiii·
670 1951 836 2000 vigesima
862 1954 975 2002 prima
1000 1955 1056 1991 die
1084 1953 1209 1990 mensis
1228 1953 1400 1990 Getobris
1423 1974 1431 1982 ·
1460 1954 1549 1989 hora
1574 1966 1703 2001 magne
1729 1953 1825 1988 miffe
1845 1973 1853 1980 ·

350 2010 578 2059 pontificatus
596 2010 732 2045 domini
752 2010 922 2058 Gregorii
943 2012 1038 2061 Pape
1058 2013 1116 2047 ·xi·
1136 2025 1231 2048 anno
1250 2012 1377 2059 quinto
1398 2031 1405 2039 ·
1431 2012 1467 2047 in
1486 2012 1556 2047 mei
1575 2010 1705 2047 notarii
1723 2010 1854 2058 publici

350 2074 386 2104 et
413 2067 551 2104 testium
580 2068 852 2116 subscriptorum
880 2070 1054 2117 presentia
1080 2070 1175 2118 apud
1199 2070 1321 2106 villam
1347 2070 1391 2106 de
1415 2069 1500 2118 Nyg
1520 2067 1693 2104 Roffenfis
1711 2067 1855 2104 diocesis

351 2126 479 2162 nobilis
497 2126 551 2161 vir
572 2125 773 2161 willelmus
795 2127 839 2161 dc
862 2126 955 2175 Clyn
982 2141 1109 2175 gerens
1137 2128 1169 2163 se
1196 2141 1262 2176 pro
1289 2133 1435 2164 tenente
1454 2127 1536 2162 ville
1555 2127 1599 2162 de
1618 2125 1786 2162 Cathboll
1810 2126 1855 2161 ad

351 2184 551 2232 episcopum
581 2190 617 2219 ct
643 2182 823 2220 ecclesiam
842 2185 1101 2221 moraviensem
1126 2186 1337 2234 pertinentis
1359 2199 1380 2221 a
1403 2184 1665 2232 circumspectis
1684 2183 1767 2218 viris
1785 2196 1856 2218 ma-

351 2241 458 2289 gistro
478 2241 660 2277 Willelmo
679 2242 723 2278 de
743 2241 956 2278 Chessiolme
981 2243 1198 2278 thesaurario
1223 2242 1364 2279 ecclefie
1388 2240 1619 2280 moraviensis
1637 2247 1673 2277 et
1690 2241 1856 2278 Johanne

354 2300 398 2336 de
418 2299 551 2336 Forbes
570 2299 717 2336 domino
736 2299 890 2349 ejusdem
919 2306 1086 2348 tanquam
1114 2314 1135 2336 a
1158 2300 1450 2350 procuratoribus
1478 2305 1623 2349 propter
1649 2298 1717 2335 hoc
1743 2299 1858 2347 perso-
