1998 2820
0 514 9 634 ..κωκυ-η.
0 488 11 508 ,ρ
3 465 6 468 ,

971 189 1011 212 XI

242 279 311 308 l51.
336 276 499 306 statutum
514 274 647 317 capituli
663 275 701 306 de
717 274 849 305 decimis
865 273 1023 306 solvendis
1045 286 1065 306 a
1087 275 1284 308 cariantibus
1304 279 1456 309 meremia
1475 279 1526 310 vel
1547 285 1636 322 petas
1660 292 1733 312 cum

239 327 340 359 bobus
355 331 388 357 et
403 325 562 369 plaustris.
595 329 688 358 1369.
710 328 744 366 J:
760 329 813 358 81.

242 381 313 409 152.
337 378 503 409 Statutum
519 378 558 408 de
574 378 707 409 decimis
723 377 991 408 molendinorum.
1026 379 1119 409 1369.
1136 379 1171 417 fi
1187 380 1239 410 81.
1279 414 1291 424 ·

241 432 311 461 153.
335 429 454 460 Petitio
469 428 617 471 Episcopi
637 434 750 460 contra
770 428 945 471 processum
964 433 997 459 et
1017 429 1182 460 decretum
1200 429 1239 461 de
1256 429 1400 461 multura
1415 436 1575 462 terrarum
1592 432 1630 463 de
1648 433 1735 469 Qua-

238 481 388 512 relwode.
423 483 515 512 1369.
536 482 569 521 s
586 483 638 512 81.

241 534 312 563 154.
334 532 519 563 Alexander
536 531 708 563 Senescalli
723 530 885 573 promittit
900 533 929 562 se
945 535 1159 573 protectorem
1174 537 1206 563 et
1221 531 1417 564 defensorem
1434 532 1603 564 hominum
1625 539 1657 565 et
1675 540 1738 566 ter-

238 594 346 614 rarum
362 583 510 626 Episcopi
526 583 674 614 futurum
690 581 760 613 effe.
793 585 886 614 1370.
907 584 940 623 s.
956 586 1008 613 95.

241 637 311 665 155.
336 635 520 677 Appellatio
544 635 585 665 ad
609 634 731 676 Papam
756 645 795 664 ex
820 639 910 675 parte
934 634 1071 665 Abbatis
1095 634 1134 665 de
1158 633 1393 672 Aberbrothoc‚
1420 640 1533 666 contra
1561 637 1736 677 processum

238 697 345 717 coram
361 686 517 728 Episcopo
533 686 572 716 de
588 685 720 716 decimis
736 685 865 716 ecclesie
881 685 920 716 de
935 685 1105 727 Inuernys.
1139 688 1231 717 1371.
1254 687 1288 726 f
1304 689 1356 718 84.

240 739 311 767 156.
335 737 508 779 Responsio
524 737 671 779 Episcopi
687 737 728 767 ad
743 736 866 778 Papam
883 736 1009 778 scripta.
1044 739 1136 768 1371.
1157 738 1190 777 f
1206 740 1257 768 85.

240 790 311 820 157.
335 789 386 819 1)6
407 788 510 820 bladis
530 800 550 819 a
565 788 710 819 Tenente
726 788 765 818 de
782 787 936 819 Cathboll
955 788 997 819 ad
1019 788 1162 830 plegium
1186 788 1270 819 datis
1293 799 1351 830 pro
1374 788 1468 819 firma
1491 788 1609 820 debita.
1645 792 1735 821 1375.

226 841 261 878 f
279 842 350 871 113.

240 894 310 923 158.
334 891 508 933 Episcopus
523 890 670 922 concedit
681 890 702 922 J
705 890 825 922 ohanni
837 890 876 921 (16
889 890 1007 922 Forbes
1020 890 1150 922 domiuo
1164 890 1303 933 ejusdem
1317 896 1349 922 et
1359 891 1463 922 tribus
1475 891 1657 930 heredibus,
1675 898 1738 924 ter—

236 954 307 974 ram
322 943 361 973 de
377 942 541 984 Fynroffy.
576 945 667 974 1378.
688 944 722 982 f
737 945 790 973 34.

240 996 310 1027 159.
334 994 521 1025 Alexandro
537 994 666 1024 domino
682 994 721 1024 de
737 993 911 1025 Badenach
926 993 1011 1034 apud
1023 993 1140 1025 stantes
1151 994 1273 1036 lapides
1286 994 1324 1025 de
1334 993 1425 1025 Ester
1435 995 1599 1037 Kyngucy
1611 995 1736 1027 sedente

237 1050 273 1076 ut
297 1046 427 1076 domino
449 1045 534 1076 inter
556 1045 702 1076 vass'allos
723 1047 793 1076 suos
818 1051 850 1076 et
875 1045 1017 1077 subditos
1044 1046 1085 1076 ad
1107 1045 1184 1087 jura
1206 1045 1589 1088 reddenda—Episcopus
1614 1046 1737 1077 curiam

237 1102 268 1127 et
279 1096 537 1138 jurisdictionem
553 1096 631 1127 dicti
647 1096 782 1127 Domini
799 1097 837 1128 de
854 1097 948 1128 terris
964 1097 1026 1128 suis
1042 1097 1081 1127 (16
1094 1097 1268 1128 Badenach
1284 1097 1456 1135 disclamat,
1479 1098 1532 1128 cui
1548 1097 1653 1128 dictus
1669 1098 1737 1129 Do-

236 1148 344 1179 minus
360 1148 490 1179 demum
506 1148 642 1178 assentit.
677 1150 769 1179 1380.
791 1150 823 1189 f
841 1151 893 1179 51.

239 1201 309 1230 160.
333 1199 508 1241 Episcopus
525 1199 580 1229 dat
596 1199 726 1230 Andree
742 1199 810 1230 filio
825 1199 962 1230 Roberti
985 1199 1064 1230 duas
1085 1199 1258 1241 perticatas
1282 1204 1367 1230 terre
1388 1200 1422 1230 iu
1437 1199 1546 1241 Elgin.
1586 1202 1735 1231 1362-97.

225 1251 259 1290 f.
278 1253 348 1281 110.

239 1304 310 1332 161.
334 1301 521 1332 Alexander
540 1301 702 1332 Dominus
726 1301 765 1332 de
786 1301 959 1332 Badenach
979 1301 1103 1343 quietas
1124 1301 1242 1332 clamat
1263 1307 1365 1332 terras
1385 1301 1533 1343 Episcopi
1551 1302 1589 1333 de
1608 1302 1736 1344 Logan-

234 1353 355 1394 kenny,
374 1352 560 1393 Ardynche,
578 1357 610 1383 et
626 1357 727 1383 terras
742 1351 938 1394 capellarum
954 1352 993 1382 de
1010 1352 1098 1382 Rath
1112 1357 1145 1383 et
1161 1352 1375 1383 Dwnachtan.
1411 1355 1503 1384 1381.
1523 1353 1558 1395 f
1573 1356 1625 1385 88.

238 1406 308 1434 162.
332 1404 508 1445 Episcopus
531 1403 572 1434 ad
596 1403 724 1434 firmam
749 1403 896 1434 concedit
917 1403 1103 1434 Alexandro
1126 1403 1266 1434 Domino
1290 1404 1329 1434 (16
1349 1403 1523 1434 Badenach
1550 1410 1582 1435 et
1608 1404 1733 1435 duobus

233 1455 416 1492 heredibus,
434 1460 551 1486 terram
567 1454 606 1485 de
622 1455 849 1485 Ratmorchus.
883 1457 975 1485 1383.
996 1455 1029 1494 f
1044 1457 1096 1484 90.

237 1509 306 1538 163.
331 1506 520 1537 Protestatio
536 1506 684 1547 Episcopi
699 1511 812 1537 contra
828 1505 989 1537 Comitem
1005 1505 1150 1536 Moravie
1171 1511 1203 1536 et
1223 1506 1403 1547 Burgenses
1419 1506 1458 1537 de
1474 1506 1593 1549 Elgyn,
1615 1507 1654 1537 de
1675 1506 1733 1537 usu

234 1563 393 1588 terrarum
409 1563 441 1588 et
457 1562 568 1599 portus
584 1557 623 1588 (16
640 1557 744 1599 Spyni
759 1557 938 1598 Kynnedor
954 1562 986 1587 et
1001 1556 1112 1588 insula.
1147 1559 1296 1588 1369-94.
1313 1558 1347 1597 f
1362 1560 1414 1589 93.

236 1611 307 1640 164.
331 1608 506 1651 Episcopus
529 1608 669 1650 appellat
693 1613 806 1639 contra
824 1608 985 1650 judicium
1004 1608 1200 1639 vicecomitis
1224 1608 1264 1639 de
1286 1608 1443 1650 Invernys
1465 1609 1504 1640 de
1526 1608 1610 1640 secta
1632 1609 1729 1641 curie.

236 1663 327 1691 1383.
348 1664 381 1700 j:
397 1663 449 1691 93.
483 1660 523 1700 (υ.
540 1661 583 1689 N.
603 1659 691 1701 179.)

235 1713 305 1742 165.
330 1710 594 1742 procuratorium
610 1710 650 1741 ad
666 1711 909 1752 presentandam
924 1710 1180 1752 appellationem.
1214 1712 1306 1742 1383.
1326 1712 1360 1750 f
1376 1713 1428 1742 94.

234 1765 304 1794 166.
329 1762 512 1794 Conventio
524 1773 599 1793 cum
616 1762 758 1803 Hugone
774 1762 878 1793 Fresel
891 1762 1021 1793 domino
1033 1762 1072 1793 de
1088 1762 1214 1793 Loveth
1231 1762 1269 1793 de
1282 1762 1391 1793 annali
1403 1762 1442 1793 de
1452 1762 1657 1805 Kyntallirty
1670 1763 1731 1795 Ess

230 1819 262 1845 et
277 1813 459 1845 Munichok
479 1813 697 1845 satisfaciendo
711 1825 720 1850 ;
744 1813 806 1844 fide
822 1824 948 1855 quoque
964 1813 1039 1844 data
1049 1813 1135 1855 quod
1147 1812 1208 1844 erit
1223 1813 1326 1844 bonus
1341 1813 1462 1845 amicus
1477 1819 1510 1845 et
1524 1813 1626 1845 fidelis
1642 1814 1731 1856 Epis-

229 1876 318 1907 copo.
349 1867 443 1897 1384.
463 1866 496 1905 f
509 1867 560 1897 99.

232 1917 303 1948 167.
328 1917 525 1958 Computum
540 1916 690 1958 Episcopi
708 1921 739 1947 et
761 1916 897 1947 Domini
917 1916 956 1948 de
972 1916 1145 1948 Badenach
1157 1917 1261 1958 ⁴super
1284 1915 1379 1948 firma
1398 1916 1438 1948 de
1458 1916 1679 1949 Ratmurchus
1698 1923 1729 1949 et

228 1968 337 1999 annali
353 1969 392 1999 de
408 1967 609 2000 Culnecavil.
643 1970 734 1999 1386.
756 1969 789 2008 f
804 1971 856 1998 99.

231 2020 302 2051 168.
326 2020 501 2062 Episcopus
517 2019 664 2051 concedit
685 2019 719 2050 in
741 2019 954 2050 feodifirmam
971 2018 1113 2050 Domino
1127 2018 1166 2050 de
1181 2018 1355 2051 Badenach
1370 2024 1472 2051 terras
1489 2019 1528 2051 de
1543 2019 1727 2062 Abireachy

228 2076 259 2102 et
275 2072 492 2113 Achmunedy
507 2072 679 2112 resignatas
695 2082 714 2102 a
729 2070 874 2102 Roberto
888 2071 927 2102 de
944 2070 1127 2102 Chelhelme
1143 2071 1255 2102 milite.
1290 2073 1385 2103 1386.
1403 2073 1437 2112 f
1452 2074 1504 2102 98.

230 2125 301 2154 169.
324 2122 518 2155 Emendatio
533 2122 572 2153 de
587 2122 726 2164 querelis
741 2122 826 2154 inter
841 2122 1035 2165 Episcopum
1050 2127 1082 2153 et
1098 2122 1261 2154 Comitem
1273 2123 1428 2154 Moravie.
1462 2125 1555 2156 1389.
1575 2125 1610 2164 fi
1627 2125 1697 2155 103.

229 2176 299 2205 170.
324 2174 464 2205 Thomas
481 2174 567 2205 filius
582 2173 721 2205 Comitis
737 2174 948 2205 Moraviensls
963 2173 1093 2205 devenit
1112 2175 1214 2205 custos
1235 2179 1267 2205 et
1285 2174 1431 2206 defensor
1451 2179 1611 2206 terrarum
1626 2174 1723 2206 omni.

226 2236 344 2267 umque
359 2224 576 2269 posseffionum
592 2224 750 2267 Episcopi,
768 2230 881 2257 contra
892 2225 1123 2263 malefactores,
1139 2225 1226 2257 viros
1236 2225 1450 2258 Kethranicos
1466 2232 1498 2258 et
1512 2226 1601 2258 alios.
1627 2228 1723 2257 1389-

221 2277 253 2316 f
272 2278 341 2307 104.
