1998 2820
407 1090 926 1142 REGISTRUM
976 1089 1562 1139 MORAVIENSE.

237 1411 347 1447 Carta
367 1411 478 1458 Regis
496 1410 666 1447 Willelmi
685 1411 729 1447 de
748 1410 892 1447 decimis
910 1409 1134 1447 ecclefiarum
1146 1428 1154 1438 ·

238 1525 307 1560 ·W·
345 1525 417 1561 Dei
451 1526 566 1573 gratia
605 1526 686 1562 Rex
736 1527 942 1562 Scottorum
976 1525 1245 1561 vicecomitibus
1279 1524 1347 1560 suis
1390 1530 1426 1561 et
1463 1523 1624 1562 ministris
1664 1523 1731 1559 suis

238 1583 405 1619 Moravie
436 1583 628 1631 ceterisque
658 1584 777 1632 probis
807 1584 1011 1619 hominibus
1041 1583 1157 1619 tocius
1187 1582 1349 1619 moravie
1377 1582 1524 1618 salutem
1556 1601 1565 1610 ο
1597 1581 1732 1618 mando

238 1646 273 1676 et
299 1641 449 1676 firmiter
469 1641 626 1689 precipio
645 1642 812 1689 quatinus
834 1641 1040 1690 persolvatis
1058 1641 1141 1677 Deo
1163 1645 1199 1676 et
1223 1639 1374 1689 ecclefijs
1395 1645 1431 1675 et
1451 1639 1607 1688 personis
1625 1639 1734 1675 eccle-

237 1697 363 1733 siarum
390 1698 584 1734 vestrarum
609 1700 725 1734 rectas
754 1700 907 1735 decimas
935 1698 1064 1735 vestras
1092 1698 1137 1734 de
1162 1697 1289 1746 quibus
1314 1697 1433 1733 sancta
1458 1695 1600 1733 ecclefia
1625 1697 1735 1745 exigit

237 1755 390 1791 decimas
408 1755 485 1791 dari
504 1775 512 1784 ·
532 1762 567 1792 et
588 1756 673 1792 alias
696 1757 930 1793 rectitudines
954 1755 1195 1793 ecclefiasticas
1221 1775 1230 1783 ·
1258 1755 1307 1791 Et
1329 1755 1501 1804 prohibeo
1519 1755 1669 1790 firmiter
1687 1768 1732 1790 ne

236 1813 314 1861 quis
338 1813 492 1848 decimas
515 1813 591 1849 suas
609 1814 665 1850 vel
685 1814 769 1850 alias
788 1814 1022 1850 rectitudines
1039 1807 1280 1850 ecclesiasticas
1302 1812 1428 1861 injuste
1452 1813 1610 1849 detineat
1632 1813 1733 1861 super

236 1883 357 1907 meum
374 1870 575 1919 plenarium
592 1872 815 1908 forisfactum
851 1892 860 1901 -
897 1872 933 1908 Si
951 1872 1029 1920 quis
1047 1876 1167 1907 autem
1186 1871 1339 1907 decimas
1352 1871 1429 1907 suas
1446 1876 1483 1907 et
1500 1870 1734 1906 rectitudines

237 1927 478 1964 ecclesiasticas
497 1929 656 1965 detinere
674 1930 921 1978 presumpserit
938 1929 1095 1978 precipio
1112 1934 1155 1965 ut
1171 1929 1369 1965 vicecomes
1386 1929 1424 1964 in
1441 1929 1543 1977 cujus
1563 1928 1733 1976 potestate

236 1985 296 2021 ille
313 1986 481 2022 manserit
498 2000 581 2022 eum
596 1987 778 2035 distringat
796 1987 841 2023 ad
859 1988 1083 2023 reddendum
1097 1987 1214 2023 rectas
1228 1987 1382 2023 decimas
1396 2005 1405 2015 ·
1423 1986 1618 2022 secundum
1636 1987 1732 2034 quod

238 2043 373 2080 decime
392 2044 594 2080 redduntur
611 2045 649 2080 in
668 2045 869 2094 episcopatu
888 2045 1011 2082 Sancti
1030 2044 1180 2081 Andree
1200 2064 1208 2073 ·
1228 2049 1264 2081 et
1281 2044 1353 2080 tale
1369 2044 1593 2080 forisfactum
1618 2045 1732 2093 capiat

237 2101 342 2148 quale
365 2102 504 2150 capitur
525 2102 563 2138 in
586 2103 788 2151 episcopatu
806 2103 929 2139 Sancti
947 2102 1097 2139 Andree
1122 2103 1166 2138 de
1192 2103 1261 2138 illis
1288 2102 1349 2150 qui
1371 2101 1526 2138 decimas
1546 2102 1623 2137 suas
1646 2102 1732 2138 deti-

238 2164 326 2194 nent
362 2179 370 2186 ·
416 2159 579 2196 Testibus
610 2160 829 2209 Engelramo
857 2160 1019 2210 episcopo
1048 2161 1092 2196 de
1121 2160 1254 2197 Glascu
1295 2179 1303 2188 ·
1346 2160 1509 2197 mattheo
1540 2159 1656 2195 electo
1688 2160 1732 2194 de

239 2216 415 2252 Aberdon
453 2236 461 2245 ·
501 2218 659 2253 Ricardo
694 2218 738 2254 de
769 2218 939 2255 (Doreuill
973 2218 1232 2255 constabulario
1274 2237 1282 2246 ·
1326 2217 1487 2253 Waltero
1518 2217 1592 2252 filio
1622 2217 1732 2251 Alani

240 2273 398 2366 gapifero
418 2294 426 2302 ·
451 2274 608 2312 Ricardo
624 2275 757 2312 Cumin
777 2295 785 2304 ·
812 2275 972 2325 Hugone
989 2276 1120 2313 clerico
1137 2289 1219 2313 meo
1238 2295 1246 2305 ·
1267 2275 1425 2312 Ricardo
1443 2275 1573 2310 clerico
1592 2293 1600 2301 ·
1621 2273 1733 2322 Apud

264 2331 407 2367 trivelin
422 2351 430 2360 ·
