2060 2660
334 196 403 227 150
723 190 1038 227 REGISTRUM
1068 189 1430 226 MORAVIENSE.

331 296 426 326 carte
444 289 595 338 sigillum
614 303 805 326 commune
823 290 967 338 capituli
986 288 1216 326 moraviensis
1234 287 1374 323 ecclesie
1393 286 1441 321 est
1458 284 1654 334 appositum
1673 307 1681 315 ·
1719 288 1830 324 Testi-

331 348 395 383 bus
414 348 578 396 magistro
599 348 667 382 -w-
692 349 827 384 decano
860 367 868 376 ·
902 348 959 382 W·
979 348 1023 382 de
1042 346 1193 393 Creswyl
1213 349 1423 393 precentore
1456 363 1464 371 ·
1499 343 1549 378 H·
1569 344 1613 380 de
1632 345 1741 381 Banff
1754 347 1830 382 the-

331 406 486 441 saurario
505 426 514 433 ·
538 406 704 443 Johanne
729 406 773 441 de
793 405 975 454 Spaldyng
993 424 1001 432 ·
1033 404 1151 439 Adam
1175 402 1303 437 Herok
1321 421 1329 428 ·
1360 401 1417 435 W·
1437 401 1636 437 subdecano
1656 422 1664 430 ·
1693 403 1830 440 Jacobo

332 464 375 499 de
394 464 607 511 Glenkerny
625 464 804 499 canonicis
822 461 962 498 ecclesie
981 458 1211 497 moravienfis
1230 478 1238 486 ·
1258 464 1293 494 et
1312 458 1434 493 multis
1452 459 1528 494 aliis
1543 478 1551 487 ·
1580 460 1717 496 Datum
1735 462 1831 509 apud

333 521 450 570 Elgyn
470 521 579 557 ·xxiii·
599 521 656 557 die
674 519 798 556 mensis
815 519 929 557 martii
946 538 954 546 ·
969 531 1064 553 anno
1080 517 1230 553 Domini
1250 520 1408 553 ·‹n⁰·ccc⁰·
1428 529 1526 552 nono
1541 536 1550 545 ο
1570 531 1652 553 cum
1666 518 1832 567 subscrip-

332 579 430 615 tione
448 585 490 615 ut
507 579 609 627 supra
628 598 636 606 ·

333 750 526 787 Ordinatio
546 747 782 786 controversie
802 749 894 784 inter
914 748 1167 783 Precentorem
1186 751 1222 781 et
1242 746 1496 782 Succentorem
1511 766 1519 775 ·

238 870 306 908 137
336 867 379 902 In
402 866 547 901 nomine
568 865 638 900 Dei
660 877 762 899 amen
783 882 791 891 ·
820 863 913 898 Cum
933 866 1031 897 mota
1048 861 1162 896 fuiffet
1180 860 1421 897 controverfia
1439 861 1533 897 inter
1552 862 1719 899 discretos
1736 864 1832 899 viros

333 923 536 971 magistrum
570 923 753 969 Rogerum
788 920 831 955 de
866 919 1031 954 Inuernis
1065 924 1315 967 precentorem
1351 917 1492 955 ecclesie
1523 920 1753 956 moraviensis
1788 935 1833 957 ex

333 987 432 1029 parte
457 993 530 1015 una
556 985 591 1014 et
613 979 797 1013 dominum
816 977 1013 1013 martinum
1033 975 1188 1024 ejusdem
1208 975 1349 1012 ecclesie
1368 976 1611 1013 succentorem
1631 991 1675 1013 ex
1692 979 1804 1014 altera
1823 999 1831 1007 ·

333 1039 434 1086 super
466 1035 607 1072 diverfis
631 1034 890 1071 extensionibus
918 1054 926 1062 ·
959 1032 1206 1069 controversiis
1233 1039 1269 1070 et
1295 1034 1433 1082 injuriis
1460 1035 1547 1070 ortis
1572 1035 1667 1071 inter
1693 1036 1832 1072 eosdem

332 1097 471 1131 ratione
489 1093 746 1142 jurisdiffionis
765 1092 1046 1128 extraordinarie
1064 1105 1170 1139 quam
1190 1092 1307 1127 dietus
1327 1092 1523 1128 Precentor
1541 1092 1574 1128 se
1593 1093 1722 1129 habere
1741 1094 1833 1130 dice-

333 1153 392 1188 bat
413 1153 455 1188 ab
478 1152 623 1198 antiquo
646 1152 682 1186 in
704 1149 880 1186 ecclesiam
901 1156 936 1185 et
954 1150 1189 1198 parochianos
1208 1150 1252 1186 de
1274 1150 1416 1185 Rathed
1436 1169 1444 1178 ·
1473 1156 1508 1185 et
1526 1150 1629 1198 super
1646 1151 1718 1199 ipsa
1731 1151 1834 1200 juris-

334 1211 491 1246 dififione
511 1229 518 1237 ·
546 1223 585 1244 ac
609 1209 711 1256 super
734 1207 940 1255 quibusdam
966 1208 1112 1243 decimis
1136 1206 1205 1243 fitis
1229 1208 1322 1243 infra
1348 1208 1551 1256 parochiam
1572 1208 1616 1244 de
1636 1209 1779 1245 Rathed
1798 1215 1834 1246 et

333 1269 376 1303 de
392 1268 505 1302 Alues
524 1280 610 1313 quas
626 1266 768 1313 quidem
785 1266 938 1301 decimas
953 1266 1071 1301 dffitus
1086 1266 1282 1301 Precentor
1300 1266 1345 1301 ad
1363 1266 1396 1301 se
1415 1266 1594 1314 pertinere
1613 1267 1751 1303 dicebat
1771 1287 1778 1295 -
1799 1274 1834 1304 et

333 1326 434 1373 super
453 1323 675 1360 ecclefiarum
693 1324 936 1372 predictarum
956 1324 1127 1360 limitibus
1142 1329 1177 1360 et
1191 1324 1416 1372 pertinentiis
1435 1325 1630 1360 earundem
1650 1344 1658 1352 ·
1677 1338 1718 1360 ac
1732 1325 1834 1373 super

334 1382 409 1431 ipsis
428 1382 717 1418 contentionibus
733 1401 740 1409 ·
760 1381 1007 1417 controversiis
1022 1402 1031 1409 ·
1044 1382 1294 1430 jurisdifitione
1314 1402 1322 1410 ·
1341 1382 1512 1417 limitibus
1530 1387 1565 1418 et
1583 1381 1737 1430 ipsorum
1757 1396 1833 1431 per-

332 1441 490 1476 tinentiis
515 1460 523 1468 ·
551 1441 594 1475 ab
618 1446 768 1487 utraque
794 1445 894 1488 parte
921 1440 982 1475 sub
1009 1445 1107 1475 certa
1132 1453 1225 1488 pena
1251 1440 1536 1488 compromissum
1565 1439 1679 1475 fuisset
1705 1440 1743 1475 in
1769 1454 1834 1476 nos

333 1498 533 1534 ,Iohannem
562 1496 785 1546 permissione
810 1498 931 1533 divina
955 1498 1156 1547 episcopum
1181 1498 1440 1535 moraviensem
1466 1503 1635 1545 tanquam
1660 1498 1834 1534 arbitrum

335 1556 671 1603 cornpromiffarium
692 1561 728 1591 et
745 1556 993 1592 arbitratorem
1014 1555 1083 1592 five
1101 1556 1139 1591 in
1155 1556 1291 1591 bonum
1310 1556 1427 1591 virum
1447 1561 1483 1591 et
1501 1555 1720 1591 amicabilem
1740 1569 1835 1592 com-

335 1612 521 1661 positorem
548 1633 556 1640 ·
584 1627 701 1648 coram
721 1614 822 1648 nobis
842 1614 878 1649 in
897 1614 1145 1662 compromisso
1163 1614 1327 1662 predicto
1346 1613 1622 1662 procedentibus
1640 1614 1745 1649 certis
1763 1614 1834 1649 die-

335 1670 400 1705 bus
419 1676 454 1705 et
473 1670 557 1705 loeis
576 1671 620 1706 ad
639 1671 706 1706 hoc
726 1671 920 1719 specialiter
937 1673 1080 1720 utrique
1098 1672 1188 1720 parti
1209 1672 1387 1720 deputatis
1405 1684 1469 1720 per
1487 1684 1552 1706 nos
1577 1690 1585 1699 ·
1614 1671 1732 1706 dietus
1752 1671 1834 1707 Pre-

336 1734 460 1763 centor
486 1728 653 1775 quosdam
678 1729 846 1763 articulos
869 1730 904 1764 in
928 1730 1062 1778 scriptis
1081 1730 1227 1766 tradidit
1248 1730 1341 1765 inter
1360 1735 1478 1765 cetera
1495 1729 1719 1764 continentes
1737 1729 1834 1776 quod

336 1785 405 1833 ipse
430 1785 580 1820 habebat
598 1785 883 1833 jurisdietionem
909 1788 1126 1823 ordinariam
1150 1789 1186 1822 in
1213 1786 1354 1823 ecclefia
1379 1792 1414 1823 et
1438 1787 1606 1835 parochia
1627 1787 1670 1822 de
1691 1787 1833 1822 Rathed

336 1843 373 1877 in
398 1842 498 1890 cujus
522 1841 725 1890 poss'essione
746 1844 1003 1891 jurisdictionis
1025 1846 1094 1894 ipse
1113 1851 1149 1881 et
1167 1845 1424 1894 predecessores
1442 1845 1492 1880 sui
1510 1850 1738 1893 precentores
1757 1846 1834 1881 (Ὀο-

338 1900 511 1935 ravienses
529 1900 669 1935 fuerant
687 1914 708 1936 a
725 1908 885 1949 tempore
904 1916 924 1937 a
941 1917 1012 1950 quo
1030 1904 1203 1939 memoria
1220 1916 1294 1939 non
1313 1902 1435 1939 existat
1459 1922 1467 1930 ·
1493 1902 1543 1938 set
1560 1902 1597 1937 in
1616 1900 1719 1950 ipfius
1731 1902 1834 1950 juris-

338 1957 505 1993 dictionis
525 1958 693 1993 exercitio
713 1972 775 2006 per
794 1960 929 1995 dictum
950 1962 1202 1997 Succentorem
1221 1961 1338 1997 fuerat
1355 1960 1546 2009 impeditus
1563 1959 1689 2007 injuste
1711 1979 1719 1987 ·
1747 1960 1833 1995 item

338 2015 433 2062 quod
453 2015 588 2050 decime
607 2016 780 2063 prediales
799 2018 842 2052 de
862 2018 984 2066 Burgy
1003 2019 1262 2055 monachorum
1282 2019 1326 2054 de
1342 2018 1482 2066 Kynlos
1500 2018 1545 2053 ad
1563 2017 1673 2065 ipsum
1694 2017 1738 2052 de
1750 2017 1833 2065 jure

338 2073 517 2120 pertinere
550 2072 725 2109 debebant
755 2075 892 2110 ratione
924 2076 1067 2123 antique
1096 2077 1347 2112 reservacionis
1377 2081 1414 2111 et
1442 2074 1685 2124 percepcionis
1714 2087 1833 2110 annue

339 2129 514 2178 pensionis
531 2143 636 2177 quam
656 2132 788 2179 recepit
806 2138 842 2167 et
859 2133 984 2181 recipit
1001 2147 1022 2168 a
1039 2135 1208 2181 predictis
1225 2134 1408 2170 monachis
1424 2133 1468 2169 de
1485 2132 1624 2181 Kynlos
1642 2137 1678 2167 et
1695 2131 1833 2167 ratione

339 2187 557 2223 decimarum
575 2188 787 2236 predialium
806 2190 850 2225 de
870 2190 1017 2238 Burgyn
1035 2192 1276 2238 prediGtarnm
1296 2211 1304 2220 ·
1330 2192 1415 2227 item
1433 2190 1529 2238 quod
1548 2189 1731 2238 predictus
1749 2190 1834 2224 Suc-

338 2250 463 2280 centor
481 2245 635 2280 decimas
656 2246 830 2294 prediales
853 2248 1050 2283 antediehis
1075 2250 1118 2284 de
1143 2250 1292 2298 Burgyn
1319 2255 1355 2285 et
1377 2248 1542 2297 quasdam
1569 2247 1653 2282 alias
1680 2247 1834 2282 decimas

339 2301 415 2337 litas
437 2302 529 2338 infra
550 2302 638 2338 fines
662 2309 698 2339 et
721 2304 850 2340 limites
868 2305 1033 2353 parochie
1052 2306 1110 2342 sue
1129 2307 1173 2343 de
1193 2307 1342 2356 Always
1361 2310 1596 2354 occupaverat
1622 2310 1658 2340 et
1684 2310 1834 2352 occupat
