2066 2780
242 2042 288 2071 48

348 165 395 196 44
746 157 1058 195 REGISTRUM
1089 155 1449 193 MORAVIENSE.

350 256 525 294 desideriis
551 257 700 305 dignum
728 257 775 294 est
802 258 903 293 nobis
928 257 1067 292 facilem
1094 254 1240 303 prebere
1267 253 1471 289 consensum
1490 256 1525 286 et
1543 256 1628 286 vota
1645 264 1714 299 que
1732 265 1753 287 a
1769 257 1839 288 tra-

349 316 434 351 mite
464 315 611 350 rationis
640 327 714 350 non
745 315 945 350 discordant
971 313 1100 349 effectu
1126 312 1358 360 prosequente
1385 308 1564 356 complere
1598 328 1606 336 ·
1639 309 1840 358 Eapropter

348 372 470 408 dileffi
500 372 563 407 filii
593 372 630 407 in
662 372 823 408 Domino
851 371 971 407 vestris
992 370 1094 418 justis
1115 367 1406 417 postulationibus
1433 370 1576 413 gratum
1599 366 1842 414 impertientes

348 429 515 465 assensum
535 449 544 458 ·
563 429 727 478 personas
745 429 873 466 vestras
891 434 926 464 et
943 426 1120 463 ecclesiam
1140 426 1176 460 in
1195 438 1264 472 qua
1282 423 1358 459 estis
1377 423 1500 458 divino
1519 423 1684 471 obsequio
1709 426 1840 461 manci-

347 487 418 535 pati
446 507 454 515 ·
482 500 562 523 cum
587 487 750 523 omnibus
774 486 875 521 bonis
898 498 965 532 que
992 485 1029 519 in
1051 482 1225 532 presentia
1245 480 1504 516 rationabiliter
1521 479 1700 529 possidetis
1717 488 1779 518 aut
1801 484 1838 518 in

346 544 505 580 futurum
519 544 619 593 justis
639 544 753 579 modis
774 543 948 591 prestante
967 541 1128 577 Domino
1155 539 1316 587 poteritis
1342 538 1485 586 adipisci
1512 557 1520 566 ·
1549 539 1610 574 sub
1627 539 1721 576 beati
1740 540 1837 577 Petri

346 607 381 636 et
406 601 523 637 nostra
548 601 772 649 protectione
799 600 1007 648 suscepimus
1038 617 1046 626 ·
1071 597 1265 645 specialiter
1290 601 1411 631 autem
1434 595 1613 632 ecclesiam
1635 597 1680 633 de
1702 597 1801 634 Eren
1828 619 1836 626 ·

344 657 521 694 ecclesiam
540 659 584 694 de
603 658 840 694 Lamanbride
860 677 867 685 ·
884 655 1060 692 ecclesiam
1080 655 1124 690 de
1143 654 1282 701 Aluays
1301 673 1309 681 ·
1329 652 1509 689 ecclesiam
1528 655 1571 689 de
1592 654 1814 692 Rathesorde
1827 676 1835 684 ·

343 715 520 752 ecclesiam
550 716 594 752 de
620 716 794 764 Kynedor
821 735 828 743 ·
857 713 1033 750 ecclesiam
1062 713 1106 748 de
1130 711 1246 759 Eskyl'
1276 730 1285 739 ·
1313 710 1491 747 ecclefiam
1520 712 1643 748 Sancti
1668 712 1765 748 Petri
1791 714 1836 749 de

342 773 557 809 Strathouen
585 793 593 801 ·
621 772 797 809 ecclesiam
817 773 860 807 de
879 771 1043 807 Urchard
1060 770 1155 805 ultra
1175 769 1353 817 Inuernys
1377 788 1386 797 ·
1412 768 1590 805 ecclesiam
1609 770 1653 806 de
1672 770 1806 820 Forays
1825 791 1833 799 ·

339 830 517 866 ecclesiam
537 831 580 866 de
599 830 917 879 Logynfythenach
933 848 941 856 ·
957 826 1134 864 ecclesiam
1154 827 1198 862 de
1218 827 1329 875 Spyni
1344 846 1352 854 ·
1368 826 1545 863 ecclesiam
1561 828 1604 863 de
1621 827 1804 865 Rothwan
1824 849 1831 856 ·

338 893 374 923 et
387 887 564 924 ecclesiam
579 888 622 924 de
635 888 782 936 anpol
798 907 806 915 ·
818 900 897 922 cum
911 886 1074 921 omnibus
1086 884 1311 934 pertinentiis
1322 885 1516 921 earundem
1533 905 1541 913 ·
1557 885 1689 920 Terras
1702 886 1832 923 scilicet

338 945 368 981 F
368 946 547 982 otherueis
569 965 577 973 ·
605 946 762 993 Lunnyn
781 964 789 972 ·
810 944 982 992 Duldauy
1001 963 1009 971 ·
1029 948 1065 979 et
1083 943 1204 979 omnia
1221 942 1290 978 alia
1306 942 1401 978 bona
1418 942 1532 978 vestra
1548 941 1634 978 ficut
1653 956 1694 978 ea
1711 945 1831 980 omnia

328 1002 420 1050 juste
439 1008 474 1038 et
492 1004 634 1051 pacifice
652 1001 829 1051 pollidetis
854 1021 861 1029 ·
880 1002 980 1037 vobis
998 1007 1033 1037 et
1047 1014 1111 1049 per
1128 1014 1192 1037 vos
1211 999 1352 1036 ecclesie
1370 1000 1482 1036 vestre
1500 1001 1716 1037 auctoritate
1734 1002 1830 1050 apos-

333 1059 440 1096 tolica
464 1061 713 1097 confirmamus
733 1066 767 1095 et
785 1060 953 1108 presentis
972 1059 1088 1107 scripti
1106 1059 1306 1107 patrocinio
1331 1058 1593 1094 communimus
1621 1079 1628 1086 -
1658 1059 1720 1094 Ad
1741 1060 1830 1108 peti-

332 1118 466 1153 tionem
483 1118 631 1153 vestram
653 1118 903 1153 nichilominus
929 1117 1167 1152 concedentes
1192 1121 1234 1151 ut
1261 1116 1469 1151 o&onarius
1492 1129 1663 1152 numerus
1685 1118 1828 1153 canoni-

331 1187 454 1210 corum
469 1180 504 1210 et
517 1175 776 1223 prebendarum
791 1187 855 1222 per
867 1173 1106 1209 venerabilem
1119 1173 1267 1209 fratrem
1281 1173 1440 1209 nostrum
1453 1174 1611 1209 Bricium
1626 1174 1826 1223 episcopum

329 1231 480 1267 vestrum
508 1232 551 1267 de
577 1232 709 1267 assensu
732 1231 846 1267 vestro
871 1232 907 1266 in
933 1230 1075 1267 eeclesia
1096 1230 1210 1267 vestra
1232 1231 1384 1279 provida
1405 1231 1660 1267 deliberatione
1678 1231 1826 1269 statutus

329 1289 455 1324 ibidem
478 1289 626 1324 firmiter
648 1289 852 1325 observetur
877 1309 884 1316 ·
913 1287 976 1324 nisi
1000 1289 1226 1325 excreverint
1246 1289 1336 1325 adeo
1358 1288 1463 1338 ipsius
1481 1288 1623 1326 ecclesie
1641 1290 1825 1327 facultates

326 1347 420 1394 quod
440 1346 598 1394 pluribus
616 1346 772 1382 sufficere
790 1346 933 1382 valeant
951 1352 1197 1395 competenter
1216 1366 1223 1374 ·
1242 1347 1345 1383 Nulli
1364 1360 1450 1395 ergo
1470 1348 1618 1383 omnino
1636 1348 1823 1384 hominum

327 1405 427 1440 liceat
450 1404 538 1440 hanc
562 1404 727 1453 paginam
753 1404 869 1441 nostre
892 1405 1128 1453 protectionis
1152 1405 1434 1441 confirmationis
1457 1411 1493 1441 et
1516 1404 1745 1441 conceffionis
1771 1407 1822 1442 in-

325 1462 478 1509 fringere
502 1462 558 1497 vel
583 1462 614 1498 ei
643 1462 727 1498 ausu
755 1463 945 1499 temerario
975 1463 1154 1499 contraire
1182 1490 1190 1499 .
1219 1463 1255 1499 Si
1278 1464 1357 1511 quis
1377 1469 1497 1499 autem
1519 1464 1586 1499 hoc
1608 1469 1821 1512 attemptare

326 1519 569 1567 presumpserit
593 1520 873 1568 indignationem
900 1521 1156 1570 omnipotentis
1181 1522 1253 1557 Dei
1276 1527 1311 1557 et
1336 1521 1521 1557 beatorum
1546 1521 1642 1557 Petri
1664 1526 1700 1557 et
1719 1522 1820 1557 Pauli

325 1576 560 1624 apostolorum
587 1577 662 1625 ejus
686 1578 719 1614 se
742 1579 883 1614 noverit
908 1579 1131 1615 incursurum
1156 1599 1164 1607 ·
1191 1579 1330 1615 Datum
1355 1579 1521 1616 Lateran’
1550 1580 1608 1615 ·xi·
1639 1579 1819 1615 Kalendas

326 1632 483 1669 Januarii
503 1635 726 1682 pontificatus
744 1635 850 1672 nostri
869 1650 963 1672 anno
983 1637 1078 1673 ·xvii·

323 1806 431 1841 Carta
466 1806 716 1842 Lincolniensis
746 1807 886 1844 ecclesie
918 1809 960 1844 dc
991 1810 1305 1845 consuetudinibus
1335 1815 1371 1845 et
1405 1809 1625 1845 libertatibus
1660 1809 1813 1858 ejusdem

322 1862 460 1898 ecclesie
480 1883 487 1891 ·
508 1870 542 1899 et
564 1870 716 1911 quatuor
735 1865 801 1900 alie
820 1866 921 1902 litere
940 1867 1092 1914 ejusdcm
1113 1866 1253 1903 ecclesie
1273 1866 1529 1903 Lincolniensis
1549 1887 1556 1895 ·
1577 1873 1612 1903 et
1630 1867 1699 1902 due
1718 1867 1813 1903 bulle

322 1920 519 1956 Alexandri
541 1921 634 1969 Pape
653 1922 785 1958 directe
805 1924 938 1959 decano
958 1931 992 1960 et
1011 1925 1165 1973 capitulo
1185 1923 1425 1961 Lincolnienfi
1444 1945 1451 1952 ·

322 2035 485 2082 llogerus
504 2036 658 2071 decanus
676 2043 711 2072 et
730 2038 923 2086 capitulum
943 2039 1196 2076 Lincolniensis
1215 2039 1356 2076 ecclesie
1375 2040 1514 2076 dilectis
1533 2040 1569 2074 in
1588 2039 1726 2075 Christo
1744 2040 1811 2074 fra-

319 2092 430 2127 tribus
456 2093 610 2141 capitulo
637 2094 865 2130 moraviensis
892 2096 1031 2132 ecclesie
1061 2103 1219 2133 eternam
1244 2099 1282 2133 in
1305 2098 1467 2134 Domino
1493 2097 1639 2132 salutem
1670 2117 1677 2124 ·
1702 2097 1810 2132 Veni-

318 2156 416 2185 entes
434 2150 478 2185 ad
497 2164 562 2185 nos
581 2151 799 2199 Freskynum
823 2153 995 2189 decanum
1018 2161 1053 2190 et
1073 2155 1256 2191 Andream
1271 2156 1522 2192 cancellarium
1541 2152 1680 2190 ecclesie
1699 2154 1809 2189 vestre

317 2220 397 2242 cum
417 2207 526 2243 literis
545 2207 664 2244 vestris
678 2210 879 2257 patentibus
897 2225 938 2247 ea
955 2225 1024 2259 qua
1042 2212 1160 2248 decuit
1178 2213 1397 2261 benignitate
1415 2212 1625 2260 suscepimus
1640 2231 1647 2239 ·
1668 2225 1711 2247 cx
1725 2225 1809 2258 quo-

319 2278 394 2300 rum
414 2265 599 2302 assertione
624 2272 659 2301 et
684 2272 807 2304 tenore
834 2268 1016 2305 literarum
1036 2270 1228 2307 vestrarum
1247 2285 1313 2308 nec
1334 2283 1408 2307 non
1425 2275 1462 2307 et
1479 2269 1696 2317 inspectione
1715 2275 1810 2304 carte
