1998 2820
1006 189 1031 213 X

273 282 340 311 128.
363 279 563 321 Augustinus
587 278 734 309 dominus
758 278 797 309 de
820 276 999 308 Inveralian
1024 274 1170 306 concedit
1194 278 1314 304 terram
1337 272 1377 303 de
1401 270 1638 314 Fanymartach
1661 271 1758 314 juxta

267 329 418 372 Fynlarg.
453 333 601 361 1253-98.
622 331 656 370 Γ
671 333 724 361 45.

271 384 339 412 1:29.
364 381 516 412 Venditio
531 387 615 412 terre
631 381 664 411 in
682 378 886 411 Sutbberuic.
921 380 1072 409 1253-98.
1091 377 1126 416 Γ
1142 378 1194 407 46.

270 435 340 464 130.
364 432 417 464 W.
433 433 472 463 de
488 432 625 463 Fedreth
645 437 677 463 et
693 430 832 462 Cristina
852 429 891 460 de
910 428 1056 460 Moravia
1079 427 1157 458 dant
1180 430 1388 469 patronatum
1412 425 1542 458 ecclesie
1566 425 1605 457 de
1625 425 1756 456 Duffus.

270 486 362 514 1294.
408 486 415 514 Σ
431 487 484 514 34.

270 536 337 565 181.
361 487 461 565 Εἴπω
476 540 507 565 et
521 533 629 575 quieta
643 531 791 564 clamatio
806 530 920 562 eisdem
935 529 1010 560 data
1025 530 1064 560 de
1079 529 1181 570 Logy,
1200 527 1424 570 Hermitdykis
1445 533 1477 559 et
1497 530 1558 560 situ
1581 528 1758 560 molendini

266 585 304 615 de
322 585 558 626 Uelityrspyny,
575 590 606 614 et
621 595 678 625 pro
694 581 843 613 effusione
859 580 1020 622 sanguinis
1035 580 1068 611 in
1085 580 1216 611 ecclesia
1230 580 1269 610 de
1285 579 1417 611 Duffus.
1450 582 1544 612 1294.
1565 582 1599 621 Γ
1613 583 1669 613 33.

268 638 338 666 1:32.
361 636 380 666 J
385 635 525 666 ohannes
541 635 579 665 de
596 634 751 676 Spalding
771 633 826 663 dat
841 631 1060 674 prebendariis
1075 631 1194 662 futuris
1215 631 1255 662 de
1270 631 1400 669 Duffus,
1422 633 1569 663 mansum
1587 632 1622 663 in
1638 631 1757 674 Elgyn.

268 688 414 717 1253-98.
436 688 469 725 f.
484 688 536 716 43.

268 739 326 767 133
361 737 489 767 Vicaria
503 737 542 767 de
558 735 655 777 Elgin
671 735 801 766 additur
815 733 976 776 prebende
991 738 1122 764 eentum
1137 732 1318 771 solidorum,
1340 732 1432 765 salvis
1448 734 1604 777 Episcopo
1625 735 1655 766 le
1675 735 1759 766 vica-

264 788 415 818 rissialchc
432 794 463 818 et
479 787 611 818 decimis
627 786 757 828 piscarie
773 791 885 828 portus
900 785 939 816 de
957 785 1050 827 Spee.
1084 787 1277 817 1299-1325.
1300 787 1333 826 Γ
1348 788 1401 817 48.

269 841 337 869 134.
362 839 461 870 Carta
478 838 632 869 Willelmi
645 838 684 869 de
698 837 906 879 Inuerlochty
919 837 957 868 de
969 841 1108 878 quatuor
1120 837 1244 868 bovatis
1260 836 1299 868 de
1316 837 1533 880 Inuerloelity.
1564 840 1756 870 1299-13‘25.

254 893 286 930 f
307 893 373 922 los.

269 945 338 973 1:35.
363 942 533 983 Episcopus
556 941 702 972 concedit
726 940 890 971 Willelmo
913 939 979 971 filio
999 940 1072 970 Ade
1091 939 1152 970 filii
1173 939 1330 982 Stephani
1354 940 1517 972 dimidiam
1542 941 1695 973 davacam
1720 942 1758 973 de

266 993 469 1024 Medilhalch.
504 995 594 1023 1309.
615 994 648 1032 Γ
668 995 738 1023 111.

269 1047 338 1075 1:36.
363 1044 536 1086 Episcopus
551 1044 652 1074 eidem
670 1043 724 1074 dat
740 1048 858 1074 terram
875 1042 914 1074 (18
926 1042 1125 1085 Wtyrspyny
1135 1042 1168 1073 in
1181 1043 1373 1074 escambium
1385 1054 1444 1086 pro
1457 1043 1632 1085 Quytford,
1647 1044 1760 1076 Inuer-

266 1096 352 1136 lutby
370 1102 401 1126 ct
419 1095 568 1126 Miltoun.
603 1097 694 1125 1:309.
715 1096 748 1134 Γ
768 1097 837 1125 lll.

270 1150 337 1178 137.
363 1147 533 1178 Ordinatio
548 1147 581 1176 in
598 1148 813 1177 controuersia
828 1146 911 1176 inter
928 1146 1158 1176 Precentorem
1179 1151 1211 1177 et
1232 1145 1463 1177 Succentorem
1486 1147 1525 1178 de
1548 1146 1705 1178 limitibus
1729 1154 1759 1178 et

265 1198 395 1228 decimis
410 1199 448 1228 de
465 1198 641 1228 Ratheford
659 1204 690 1228 et
706 1197 818 1228 Alues.
852 1200 943 1228 1328.
963 1197 999 1238 Γ
1015 1200 1067 1228 47.

270 1252 337 1281 138.
361 1250 534 1291 Episcopus
550 1249 583 1279 in
601 1248 813 1280 feodifirmam
829 1249 975 1280 concedit
988 1248 1132 1279 Roberto
1144 1248 1183 1279 (18
1196 1248 1357 1291 Lawadyr
1372 1249 1467 1280 militi
1482 1249 1646 1281 dimidiam
1662 1250 1760 1281 daua-

265 1302 356 1331 chum
373 1301 411 1331 de
428 1301 654 1341 Aberbreacliy
670 1306 702 1331 et
718 1306 837 1331 terram
854 1300 892 1331 de
909 1300 1126 1331 Auchmunie.
1161 1302 1253 1331 1:334.
1274 1302 1308 1341 Γ
1324 1303 1377 1333 98.

271 1355 336 1382 1:39.
362 1352 551 1392 Recoguitio
563 1352 647 1393 juris
664 1351 811 1394 Episcopi
827 1352 866 1383 de
882 1351 1062 1383 visitatione
1083 1357 1115 1383 et
1136 1351 1334 1383 correctione
1350 1352 1466 1384 domus
1481 1353 1522 1384 de
1537 1352 1713 1395 Pluscardy
1729 1360 1759 1384 et

264 1403 459 1434 institutione
476 1403 618 1445 priorum
634 1409 666 1433 et
682 1403 831 1435 fratrum.
866 1406 959 1435 1345.
979 1405 1013 1443 Γ
1031 1405 1102 1434 110.

269 1458 336 1485 140.
360 1455 495 1485 Mandat
512 1455 581 1485 Rex
597 1455 682 1496 quod
695 1454 870 1496 Episcopus
882 1455 1034 1496 procedat
1049 1466 1107 1497 per
1122 1457 1288 1487 censuram
1305 1454 1546 1487 ecclesiasticam
1563 1462 1675 1488 contra
1690 1457 1761 1488 sub-

266 1506 426 1536 trahentes
442 1506 579 1536 deciinas
595 1511 627 1536 et
644 1505 755 1537 salaria
771 1506 1019 1548 capellanorum.
1054 1509 1145 1539 1358.
1166 1508 1199 1547 Γ
1215 1510 1266 1538 75.

271 1559 338 1587 141.
362 1557 461 1587 Curta
478 1557 575 1597 Regis
591 1557 629 1587 de
646 1557 770 1588 eisdem.
800 1569 826 1588 c.
845 1560 937 1589 1:358.
958 1559 991 1599 Γ
1008 1560 1060 1589 83.

272 1611 339 1638 142.
365 1608 555 1650 Preceptum
579 1608 678 1649 Regis
703 1608 742 1639 de
766 1608 897 1640 decimis
924 1610 1070 1641 exituum
1096 1609 1260 1641 curiarum
1287 1609 1444 1653 Episcopo
1466 1611 1634 1642 solvendis.
1668 1614 1760 1643 1367.

256 1661 288 1698 fi
306 1662 355 1689 75.

273 1713 341 1741 143.
366 1710 539 1740 Decretum
556 1710 594 1740 de
610 1710 728 1741 nativis
744 1710 891 1753 Episcopi
906 1713 1141 1754 recuperandis.
1176 1715 1268 1744 1364.
1288 1714 1322 1753 Γ
1337 1716 1389 1744 64.

273 1764 341 1791 144.
366 1761 592 1801 Aequictantia
608 1761 682 1791 data
698 1761 852 1804 Episcopo
868 1763 906 1793 de
922 1764 1058 1805 pecunia
1073 1765 1206 1796 Camere
1221 1764 1336 1807 Papali
1350 1764 1460 1796 soluta.
1496 1767 1588 1796 1364.
1608 1766 1642 1806 Γ
1661 1768 1731 1797 111.

274 1815 341 1842 145.
366 1811 535 1842 Attcstutio
551 1812 732 1843 Cardinalis
750 1813 868 1845 Sancte
884 1815 988 1846 Marie
1004 1821 1093 1847 trans
1110 1816 1253 1847 Tiberim
1269 1816 1309 1847 de
1327 1816 1448 1848 eadem.
1482 1818 1574 1848 1364.
1594 1818 1628 1858 Γ
1646 1819 1716 1848 112.

274 1866 342 1893 146.
366 1862 514 1894 Remissio
531 1863 629 1904 Regis
651 1863 792 1895 concessa
811 1866 997 1906 quibusdam
1022 1867 1206 1900 hominibus
1222 1866 1371 1910 Episcopi
1394 1878 1450 1910 pro
1467 1869 1761 1910 transgreffionibus

269 1914 518 1955 quibuscunque.
555 1917 646 1946 1:363.
666 1916 698 1955 Γ
714 1919 766 1946 74.

273 1968 343 1996 147.
368 1965 577 2006 privilegium
594 1966 734 2007 Regium
751 1967 905 2010 Episcopo
920 1970 1097 2001 concessum
1113 1971 1199 2012 quod
1214 1971 1360 2003 homines
1377 1973 1449 2003 suos
1469 1971 1509 2002 de
1525 1971 1708 2015 Strathspee
1729 1978 1761 2003 et

271 2017 463 2058 Baydenach
480 2028 534 2058 per
550 2019 640 2048 suum
657 2018 810 2049 ballivum
822 2019 960 2060 judicari
977 2021 1072 2053 saciat
1088 2027 1119 2053 et
1135 2023 1253 2064 puniri.
1287 2025 1380 2055 1364.
1397 2024 1431 2063 Γ
1445 2025 1497 2054 74.

274 2070 342 2098 148.
367 2068 558 2110 Preceptum
575 2069 714 2110 Regium
731 2070 769 2100 de
787 2071 906 2102 eodem.
941 2075 1031 2103 1366.
1051 2075 1084 2114 Γ
1100 2077 1153 2105 75.

275 2121 343 2150 149.
367 2119 594 2160 Aequietautia
609 2121 648 2151 de
664 2121 765 2152 soluta
780 2122 903 2153 decima
918 2122 1029 2154 finium
1045 2125 1169 2157 itineris
1186 2126 1381 2158 Camerarie.
1416 2129 1508 2159 1368.
1528 2128 1562 2168 Γ
1577 2130 1629 2159 80.

274 2173 343 2201 150.
367 2171 463 2201 Carta
479 2171 581 2212 Regia
595 2172 633 2202 dc
650 2172 849 2205 immunitate
866 2179 1025 2206 terrarum
1042 2177 1171 2209 ecclesie
1193 2189 1212 2209 a
1232 2178 1367 2210 servitiis
1387 2183 1421 2209 et
1441 2178 1593 2210 oneribus
1613 2179 1760 2221 publicis,

274 2224 365 2253 1369.
385 2223 418 2262 f
434 2223 484 2252 80.
