2066 2780
111 818 157 851 23

578 145 683 181 REG
691 145 896 183 ISTRUM
924 146 1288 185 MORAVIENSE.
1639 158 1654 189 1
1661 159 1683 196 7

189 245 375 294 legationis
392 256 462 291 qua
478 243 683 292 fungimur·
699 244 951 280 confirmamus
977 250 1013 280 et
1038 245 1207 293 presentis
1230 246 1347 293 scripti
1370 249 1567 294 patrocinio
1588 263 1682 286 com-

189 303 368 339 munimus
394 320 403 329 ·
431 301 533 337 Nulli
552 315 638 349 ergo
657 302 804 337 omnino
821 302 1008 338 hominum
1031 302 1136 338 liceat
1159 303 1251 338 hanc
1274 303 1440 350 paginam
1460 305 1575 342 nostre
1600 320 1682 343 con-

187 360 398 395 firmationis
418 359 613 407 infringere
635 359 694 395 vel
720 360 752 395 ei
778 359 863 395 ausu
888 360 1078 395 temerario
1098 360 1276 395 contraire
1303 379 1312 388 ·
1341 360 1456 407 Siquis
1474 368 1592 398 autem
1615 365 1683 400 hoc

187 422 397 465 attemptare
408 417 655 465 presumpserit
673 417 956 465 indignationem
974 417 1230 465 omnipotentis
1242 417 1315 453 Dei
1333 422 1368 453 et
1385 418 1571 454 beatorum
1587 420 1684 456 Petri

187 479 223 511 et
246 474 348 510 Pauli
373 473 614 523 apostolorum
640 475 716 523 ejus
741 475 775 510 se
800 475 943 512 noverit
968 474 1194 511 incursurum
1212 494 1221 503 ·
1240 475 1380 511 Datum
1403 476 1499 524 apud
1519 476 1657 513 Kelcho
1674 497 1682 505 ·

187 545 256 568 ·xv·
278 532 371 568 Kal·
391 532 490 581 maij.

186 704 245 740 De
263 703 405 740 ecclefia
422 705 466 740 de
485 704 667 740 Artendol
682 724 691 733 ·

186 818 365 855 Univerfis
391 820 511 856 sancte
543 820 663 857 matris
691 818 832 855 ecclefie
860 819 942 867 filijs
969 819 1090 855 literas
1119 818 1198 854 istas
1225 818 1350 855 visuris
1377 819 1435 855 vel
1466 819 1639 855 audituris
1673 840 1680 848 ·

184 876 385 913 Willelmus
402 878 495 913 filius
514 877 686 913 Willelmi
705 876 888 925 Frelkyny
905 877 1052 913 salutem
1071 896 1079 905 ·
1099 877 1254 913 Noverit
1270 875 1477 912 univerfitas
1494 876 1607 913 vestra
1624 890 1681 913 me

184 935 312 971 dediffe
341 955 350 963 ·
379 934 575 971 conceffiffe
604 955 612 963 ·
643 940 678 971 et
696 935 762 970 hac
780 940 878 970 carta
895 948 974 970 mea
992 935 1212 971 confirmasse
1231 934 1314 971 Deo
1333 939 1369 970 et
1387 933 1530 971 ecclesie
1549 935 1679 970 San6h÷

185 991 372 1028 Trinitatis
390 993 433 1029 de
449 993 558 1041 Spyni
570 998 606 1029 et
621 993 773 1040 collegio
787 992 1043 1028 canonicorum
1058 993 1188 1028 ibidem
1203 993 1287 1028 Deo
1305 992 1532 1028 servientium
1547 1012 1554 1020 ·
1570 993 1680 1028 eccle-

182 1048 264 1084 fiam
283 1050 327 1085 de
347 1049 526 1086 Artendol
543 1070 551 1078 ·
574 1064 656 1086 cum
675 1050 840 1086 omnibus
857 1050 903 1085 ad
921 1051 1071 1086 eandem
1090 1049 1268 1086 ecclefiam
1281 1049 1373 1098 juste
1390 1050 1651 1098 pertinentibus
1669 1068 1677 1077 ·

181 1108 337 1155 exceptis
364 1108 507 1143 decimis
532 1107 628 1143 bladi
651 1108 694 1143 de
721 1108 857 1143 duabus
876 1108 1041 1143 dauachis
1059 1121 1127 1155 que
1145 1108 1226 1143 sunt
1237 1107 1344 1156 juxta
1361 1107 1540 1143 castellum
1558 1120 1679 1143 meum

181 1164 225 1199 de
245 1165 422 1200 Bucharm
442 1184 450 1192 ·
470 1165 599 1200 scilicet
617 1165 794 1200 Bucharm
815 1171 850 1201 et
869 1164 1184 1200 Adthelnachorth
1203 1184 1211 1192 ·
1230 1178 1382 1212 quarum
1400 1178 1524 1200 omnes
1541 1165 1677 1200 decime

181 1221 225 1257 (16
239 1222 345 1257 blado
360 1241 368 1249 ·
383 1222 597 1257 auctoritate
612 1222 748 1257 domini
760 1222 814 1257 ·B·
829 1220 1062 1256 Moravienfis
1076 1221 1228 1269 episcopi
1243 1241 1251 1249 ·
1267 1220 1434 1268 aflignate
1448 1222 1528 1256 sunt
1542 1222 1676 1269 capelle

181 1292 259 1314 mee
291 1279 334 1314 (16
363 1278 502 1315 castello
534 1292 614 1314 meo
646 1279 690 1314 de
721 1278 901 1313 Bucharm
928 1278 974 1313 ad
1004 1277 1291 1313 sustentationem
1321 1278 1494 1326 capellani
1522 1278 1676 1327 ejusdem

180 1336 313 1384 capelle
341 1355 349 1364 ·
378 1336 500 1378 Quare
518 1336 601 1370 volo
620 1340 656 1370 et
674 1335 832 1370 concedo
850 1340 891 1370 ut
908 1334 1045 1382 prefata
1067 1333 1210 1370 ecclefia
1232 1339 1268 1370 et
1291 1335 1545 1370 canonicorum
1570 1335 1676 1372 colle-

179 1393 278 1441 gium
296 1393 427 1428 ibidem
447 1393 529 1428 Deo
550 1393 703 1428 serviens
726 1392 854 1428 habeat
879 1392 1076 1440 predi6tam
1103 1390 1283 1427 ecclesiam
1309 1405 1391 1427 cum
1415 1393 1580 1428 omnibus
1597 1406 1675 1441 per-

179 1451 336 1486 tinentiis
367 1450 435 1485 suis
463 1455 499 1485 et
527 1449 803 1485 rectitudinibus
828 1449 896 1484 suis
925 1468 933 1476 ·
963 1448 1118 1496 exceptis
1145 1449 1290 1484 decimis
1315 1449 1411 1484 bladi
1435 1449 1479 1485 de
1504 1450 1674 1497 predictis

179 1507 315 1543 duabus
329 1507 495 1543 dauachis
507 1527 515 1535 ·
528 1507 565 1542 in
579 1512 787 1555 perpetuam
802 1511 837 1542 et
850 1519 976 1554 puram
991 1504 1215 1541 elemofinam
1229 1525 1238 1533 ·
1253 1506 1292 1541 in
1305 1506 1450 1542 decimis
1464 1525 1473 1534 ·
1488 1506 1674 1542 oblationi-

181 1565 246 1600 bus
271 1584 279 1593 ·
308 1570 343 1600 et
369 1565 643 1600 obventionibus
661 1564 875 1599 omnimodis
894 1564 938 1599 de
954 1563 1045 1599 vivis
1062 1568 1098 1599 et
1115 1563 1266 1599 mortuis
1282 1568 1356 1598 tam
1375 1564 1418 1599 de
1436 1563 1575 1599 castello
1593 1577 1674 1600 meo

178 1635 284 1669 quam
311 1622 355 1657 de
381 1622 512 1670 meipso
539 1627 575 1657 et
600 1622 732 1657 familia
752 1635 831 1657 mea
848 1622 886 1656 in
904 1621 1068 1656 omnibus
1085 1621 1130 1656 ad
1147 1621 1440 1656 communitatem
1457 1621 1673 1657 vicariorum

177 1679 216 1714 in
239 1679 363 1714 eadem
390 1678 531 1715 ecclefia
558 1679 626 1714 deo
650 1679 878 1714 servientium
902 1698 911 1707 ·
938 1678 1100 1714 Testibus
1126 1678 1288 1714 Domino
1315 1678 1435 1714 Bricio
1459 1678 1671 1716 (Doravienfi

107 1757 110 1759 ·
178 1736 339 1785 episcopo
371 1756 379 1765 ·
413 1736 573 1784 Hugone
604 1736 713 1772 fratre
744 1749 826 1772 meo
855 1755 864 1764 ·
896 1735 1142 1772 Arkembaldo
1174 1736 1218 1771 de
1249 1735 1424 1784 Dufeglas
1451 1755 1459 1764 ·
1488 1736 1668 1785 Freskyno

102 2197 148 2230 24

178 1793 313 1829 decano
333 1792 562 1831 moraviensis
580 1792 720 1829 ecclefie
739 1813 748 1821 ·
768 1793 918 1830 Andrea
936 1794 980 1829 de
998 1793 1161 1830 moravia
1186 1812 1195 1821 ·
1221 1792 1433 1829 Alexandro
1451 1813 1460 1822 ·
1482 1794 1644 1830 Henrico
1659 1813 1667 1822 ·

180 1850 339 1899 Hugone
363 1870 372 1879 ·
399 1851 561 1899 magistro
590 1851 751 1887 Henrico
780 1870 789 1879 ·
816 1851 994 1887 canonicis
1020 1851 1064 1886 de
1091 1850 1212 1899 Spyny
1242 1870 1250 1879 ·
1279 1850 1422 1886 Thoma
1447 1852 1630 1900 capellano
1658 1871 1666 1879 ·

180 1908 339 1944 Roberto
358 1908 487 1944 clerico
506 1928 515 1936 ·
535 1909 709 1945 michaele
727 1909 897 1957 pincerna
922 1927 931 1937 ·
960 1908 1139 1957 Stephano
1157 1909 1202 1944 de
1220 1908 1407 1944 Edenham
1434 1936 1442 1945 .

178 2080 236 2116 De
254 2078 404 2116 ecclefiis
422 2080 466 2116 de
485 2080 594 2128 Elgin
612 2085 648 2116 et
666 2080 709 2116 de
727 2080 824 2116 Dich
842 2099 851 2108 ·

177 2193 362 2230 Honorius
389 2194 570 2242 episcopus
593 2194 712 2230 servus
735 2195 915 2231 servorum
934 2194 1007 2230 Dei
1023 2195 1217 2231 venerabili
1237 2195 1338 2231 fratri
1356 2195 1530 2244 Episcopo
1548 2196 1664 2231 (Dora-

176 2250 283 2286 vienfi
300 2252 444 2288 salutem
464 2257 500 2287 et
517 2251 742 2300 apostolicam
760 2252 1046 2288 benedictionem
1060 2272 1068 2281 ·
1083 2253 1181 2289 Solet
1198 2266 1356 2289 annuere
1370 2253 1466 2288 sedes
1479 2250 1665 2299 apostolica

916 2321 937 2344 e
