1912 2660
143 401 201 430 470

142 826 195 853 471

141 1152 198 1179 472

142 1483 199 1511 473

142 1906 199 1934 474

620 114 934 150 REGISTRUM
963 113 1321 151 MORAVIENSE.
1635 120 1707 156 429

226 215 288 243 ibus
301 214 405 242 Jacobo
420 213 504 240 Innes
518 211 552 240 de
566 210 694 249 Dranye,
708 210 829 240 Patricio
843 211 989 249 Kynnanl,
1005 212 1120 240 Andrea
1130 211 1284 240 Monereiff
1293 211 1408 240 seniore.
1436 213 1509 241 Acta
1522 212 1552 240 in
1565 212 1627 241 loco
1637 213 1711 250 capi-

226 262 310 291 tulari
322 261 423 289 ultimo
438 258 537 287 Martii
553 259 638 287 1550.

225 402 444 430 Iusti-amentum
457 399 491 427 de
506 399 648 432 fidelitate,
668 398 827 427 reverentia
839 403 868 426 et
881 398 1047 432 obedientia,
1069 408 1085 426 a
1103 398 1219 426 Decano
1232 406 1283 436 pro
1303 398 1390 435 seipso
1402 398 1582 435 personalioer
1601 402 1713 427 tantum

223 447 384 477 iblemniter
402 446 516 484 prestita
535 446 579 474 his
601 446 712 474 verbis:
734 446 795 483 Ego
815 445 946 482 magister
966 445 1062 473 Dauid
1082 445 1202 474 Dunbar
1220 445 1341 472 decanus
1362 444 1546 472 Moravienfis
1566 454 1614 473 ero
1633 446 1713 474 vobis

223 495 375 524 reverendo
388 494 461 532 patri
475 493 597 522 Patricio
612 493 784 521 Momvienfi
805 492 931 531 episcopo
949 492 1099 530 vestrisque
1120 491 1315 520 successoribus
1337 491 1559 519 Moravienfibus
1581 492 1714 530 episcopis

224 542 354 570 canonice
365 540 534 569 intrantibus
548 540 637 568 fidelis
651 545 679 569 et
693 540 833 574 obediens,
848 539 884 567 fic
898 549 943 568 me
957 540 1038 568 Deus
1051 539 1164 579 adjuvet
1178 544 1207 568 et
1220 548 1270 577 per
1279 539 1354 567 sacra
1368 538 1425 566 Dei
1439 538 1600 575 evangelia:
1622 539 1716 570 Quam

226 589 376 627 Episcopus
398 593 431 616 ut
452 587 546 616 decuit
567 588 683 625 recepit.
723 587 853 615 Testibus
873 587 979 615 Jacobo
994 587 1079 615 Innes
1099 587 1134 615 de
1153 587 1278 623 Dranye,
1302 586 1416 614 Andrea
1430 585 1584 614 Monereiff
1600 585 1715 620 seniore,

225 637 339 664 Andrea
362 635 516 664 Moncreiff
528 634 652 673 juniore,
675 639 704 663 et
726 634 857 671 magistro
879 634 972 663 David
987 634 1136 668 Trumbill,
1156 634 1287 662 Johanne
1302 633 1425 661 Gibsone
1439 632 1558 662 notario.
1598 634 1673 662 Acta
1685 633 1715 661 in

223 684 284 712 loco
298 683 442 721 capitulari
459 684 495 710 18
508 682 638 711 Januarii
655 682 740 710 1554.

224 825 445 852 Instmmentum
466 824 500 852 de
519 823 676 851 obedientia
697 828 724 851 et
745 822 880 851 fidelitate
900 833 916 850 a
936 822 1067 859 magistro
1082 822 1242 850 Archbaldo
1256 821 1376 849 Dunbar
1395 821 1587 849 archidiacono
1605 821 1719 858 prestita

224 871 370 909 Episcopo,
381 871 464 899 modo
476 876 504 899 et
516 871 608 899 verbis
622 870 765 898 similibus.
796 870 926 897 Testibus
943 869 1086 897 Willelmo
1102 869 1260 903 Moncreiff,
1274 869 1385 896 Thoma
1399 868 1506 905 Ogilvy
1520 868 1549 896 in
1565 868 1717 905 Lethindy,

224 919 339 947 Andrea
353 917 500 946 Moncreif
517 917 634 951 seniore,
658 917 790 954 magistro
810 917 921 945 Joanne
941 917 1070 954 Douglas
1091 916 1194 945 vicario
1213 917 1247 945 de
1265 916 1402 944 Galstoun
1417 915 1534 950 notario,
1558 919 1586 944 et
1605 915 1718 943 domino

226 966 251 993 T
253 966 337 993 homa
353 966 477 993 Wallace
491 970 599 993 rectore
613 965 647 993 de
662 965 812 998 Unt-hank,
828 965 943 993 Andrea
958 964 1062 1001 Strang
1075 964 1194 992 notario.
1234 964 1308 992 Acta
1321 963 1350 991 in
1365 963 1493 991 cubiculo
1508 963 1637 1002 Episcopi
1647 963 1720 991 infra

224 1012 423 1041 monasterium
437 1012 470 1041 de
487 1012 586 1047 Scona,
602 1013 640 1040 22
654 1011 726 1039 Maii
745 1012 828 1039 1556.

223 1153 446 1181 lustramentum
463 1153 545 1191 super
557 1152 715 1181 obedientia
729 1157 758 1180 et
771 1152 904 1181 fidelitate
919 1162 935 1180 a
948 1151 1079 1189 magistro
1095 1152 1259 1180 Alexandro
1273 1152 1393 1180 Dunbar
1412 1152 1583 1186 succentore,
1605 1152 1719 1190 prestita

222 1200 303 1228 simili
316 1201 466 1228 verborum
479 1200 569 1228 forma
580 1211 587 1233 ;
607 1199 806 1238 protestatione
820 1204 915 1228 tamen
929 1199 1001 1228 facta
1011 1199 1084 1237 quod
1094 1199 1250 1227 obedientia
1263 1209 1313 1237 per
1326 1209 1391 1227 eum
1404 1199 1518 1237 prestita
1530 1209 1588 1227 non
1602 1199 1636 1228 fit
1656 1209 1719 1238 pre-

216 1247 355 1285 judicium
379 1247 428 1275 fibi
452 1257 504 1275 nec
527 1247 583 1275 suis
607 1247 803 1275 succeffon‘bus
821 1251 870 1275 aut
894 1247 1016 1285 capitulo
1041 1246 1211 1275 Moravienfi
1233 1251 1262 1275 et
1284 1246 1394 1275 statutis
1417 1246 1547 1284 ejusdem.
1589 1247 1718 1276 Testibus

223 1295 337 1323 Andrea
352 1294 508 1323 Monereiff
512 1294 634 1333 juniore,
652 1294 798 1322 Willelmo
816 1294 975 1328 Moncreiff,
995 1294 1108 1322 domino
1123 1294 1267 1323 Willelmo
1283 1294 1410 1331 Douglas
1430 1294 1540 1322 notario
1560 1298 1589 1323 et
1607 1294 1718 1323 ,Ioanne

223 1342 346 1371 Gibsone
360 1342 480 1371 notario.
522 1344 596 1371 Acta
609 1342 639 1369 in
653 1342 736 1370 horto
750 1341 798 1370 seu
812 1342 943 1370 viridario
958 1341 1087 1380 Episcopi
1101 1342 1134 1370 de
1150 1341 1254 1379 Spyne,
1269 1343 1288 1369 6
1303 1341 1445 1370 Februarii
1462 1342 1546 1369 1556.

227 1483 449 1511 Instrumentum
462 1483 496 1511 de
511 1483 643 1511 fidelitate
658 1488 687 1511 et
701 1482 858 1511 obedientia
872 1493 888 1510 a
904 1483 1035 1520 magistro
1049 1483 1179 1511 Johanne
1196 1482 1283 1511 Lessie
1297 1482 1423 1511 titulario
1436 1482 1470 1510 de
1484 1482 1568 1519 Ryne
1581 1491 1691 1510 necnon
1704 1492 1721 1510 a

225 1530 338 1558 domino
353 1530 464 1558 Thoma
479 1530 648 1559 Sutherland
661 1530 867 1558 usufructuario
888 1535 916 1558 et
938 1530 1082 1568 possessore
1106 1530 1252 1568 prebendae
1275 1530 1308 1558 de
1333 1530 1425 1567 Ryne,
1449 1529 1584 1567 Episcopo
1597 1529 1719 1567 prestita,

227 1577 307 1605 fimili
320 1577 425 1610 forma;
447 1578 522 1606 Acta
545 1578 574 1605 in
598 1578 683 1606 choro
706 1577 825 1606 ecclefiae
848 1577 1013 1606 cathedralis
1031 1582 1158 1615 tempore
1172 1577 1326 1605 vocationis
1340 1576 1511 1613 synodalium
1527 1576 1625 1614 synodi
1640 1576 1720 1614 Epis-

227 1624 297 1663 copi,
312 1627 331 1652 4
347 1624 418 1653 Maii
432 1625 517 1653 1557.

227 1905 384 1942 Episcopus
399 1914 463 1932 cum
477 1904 611 1933 consensu
628 1904 775 1933 Wilhelmi
799 1905 968 1933 Sutherland
989 1905 1095 1933 domini
1116 1906 1150 1933 de
1171 1905 1285 1938 Duffus,
1306 1904 1424 1943 patroni,
1446 1910 1520 1933 creat
1541 1904 1719 1943 capellaniam

225 1952 383 1980 beatiffimae
405 1952 506 1980 Mariae
522 1951 646 1989 Virginis
669 1951 748 1980 castri
770 1952 803 1980 de
826 1952 929 1980 Duffus
950 1953 979 1980 in
999 1953 1168 1990 prebendam
1188 1952 1401 1990 nuncupandam
1422 1952 1589 1989 prebendam
1609 1952 1642 1979 de
1658 1952 1719 1980 Un-

225 2000 315 2028 thank
329 2004 356 2027 et
372 1998 566 2027 canonicatum
582 1998 701 2027 ecclefiae
720 1999 894 2033 cathedralis,
917 2010 980 2027 cum
1001 1999 1096 2027 manso
1107 1999 1194 2037 juxta
1212 1999 1331 2027 castrum
1350 1999 1383 2027 de
1399 1999 1502 2027 Duffus
1517 2009 1580 2027 cum
1595 1999 1677 2027 horto
1691 2003 1719 2027 et

225 2046 330 2079 croftiS,
353 2051 381 2074 et
404 2056 467 2073 cum
490 2046 584 2073 manso
608 2046 746 2074 anteriore
768 2056 854 2084 prope
876 2047 1004 2074 mansum
1026 2047 1141 2075 rectoris
1163 2047 1197 2074 de
1218 2046 1322 2074 Duffus
1344 2046 1469 2074 edificate
1489 2056 1539 2084 per
1557 2046 1716 2083 magistrum

227 2093 422 2122 Alexandrum
438 2093 606 2121 Sutherland
620 2098 757 2121 rectorem
772 2094 805 2121 de
821 2094 925 2121 Duffus
939 2094 1139 2132 officialemque
1154 2094 1362 2122 Moraviensem
1382 2093 1454 2121 infra
1474 2094 1631 2130 collegium,
1654 2102 1718 2120 cum

226 2142 307 2170 horto
328 2141 418 2169 eidem
438 2140 579 2178 adjacente
600 2141 712 2178 lapideis
734 2141 821 2169 muris
844 2141 1020 2179 undiquaque
1041 2141 1220 2170 circumdato.
1262 2142 1401 2170 Solvendo
1421 2141 1615 2179 prebendarius
1637 2150 1717 2167 cano-

226 2189 294 2216 nicis
316 2193 343 2217 et-
364 2188 511 2226 capellanis
534 2188 652 2217 ecclefiae
678 2188 842 2217 cathedralis
867 2190 900 2217 10
920 2188 1019 2217 solidos
1042 2189 1187 2218 annuatim
1210 2199 1260 2227 pro
1282 2189 1394 2217 dimidia
1415 2193 1493 2226 parte
1513 2187 1715 2226 20·s01id0rum
