1912 2660
624 178 939 215 REGISTRUM
967 180 1327 219 MORAVIENSE.
1643 194 1715 229 309

229 277 351 313 menfis
375 276 528 324 Augusti
554 290 649 312 anno
675 277 719 312 ab
745 277 990 313 incarnatione
1018 278 1166 314 Domini
1186 299 1194 308 ·
1213 280 1393 318 millefimo
1413 303 1421 311 ·
1448 284 1682 322 tricentefimo
1706 307 1714 315 ·

227 333 440 383 sexagefimo
458 334 575 382 primo
594 353 602 362 ·

228 506 258 543 F
258 506 405 542 undatio
423 507 528 542 unius
547 507 719 555 capellani
738 527 747 535 ·
766 507 868 556 super
885 513 998 544 terras
1017 509 1061 544 de
1080 508 1307 557 Brythmond
1327 516 1363 547 et
1383 509 1560 561 Kynstary
1580 532 1588 541 ·

127 625 199 662 ‘239
226 621 404 659 Omnibus
426 622 494 658 hoc
517 622 683 671 scriptum
701 623 824 658 visuris
842 623 900 658 vel
918 623 1091 659 audituris
1107 624 1287 660 Robertus
1312 625 1355 661 de
1371 626 1538 662 Lawedir
1552 627 1715 663 dominus

226 680 269 716 de
287 680 511 723 Quarelwod
529 680 677 716 salutem
703 681 740 715 in
755 681 917 716 Domino
944 681 1193 729 sempiternam
1212 701 1220 710 ·
1251 682 1404 718 Noverit
1423 683 1628 720 univerfitas
1646 686 1715 720 ves-

225 743 280 773 tra
310 750 367 773 me
401 738 459 786 pia
495 738 644 773 ᾱιιᾶὶιιῐῐ]
680 738 873 774 devotione
907 739 1066 774 fundaffe
1099 752 1213 774 unum
1249 740 1471 788 capellanum
1505 741 1542 776 in
1577 741 1717 777 ecclefia

225 795 418 831 cathedrali
430 794 643 832 moraviensi
656 796 701 831 ad
717 796 828 831 altare
842 796 935 831 beati
951 796 1046 832 Petri
1063 816 1071 824 ·
1087 810 1151 844 pro
1165 797 1284 832 anima
1298 810 1377 833 mea
1389 817 1397 825 ·
1413 803 1448 833 et
1459 811 1524 846 pro
1535 799 1717 834 animabus

226 853 496 901 progenitorum
515 858 551 889 et
568 853 801 889 successorum
821 867 982 889 meorum
998 873 1006 882 ·
1026 859 1062 889 et
1079 854 1275 902 specialiter
1289 868 1354 903 pro
1373 855 1491 890 anima
1506 856 1634 891 nobilis
1653 857 1718 891 viri

225 911 361 946 domini
380 911 449 946 mei
477 911 612 946 domini
634 910 804 959 Hugonis
830 912 967 946 dudum
993 911 1131 946 comitis
1158 912 1202 947 de
1223 912 1329 948 Roffe
1348 932 1356 940 ·
1385 918 1420 948 et
1445 926 1509 961 pro
1536 913 1718 948 animabus

226 969 387 1003 omnium
416 968 576 1003 fidelium
612 969 867 1004 defunctorum
902 975 1075 1017 perpetuo
1110 969 1372 1005 celebraturum
1410 989 1419 998 ·
1468 970 1542 1012 Qui
1576 971 1717 1018 quidem

226 1026 428 1074 capellanus
458 1026 495 1060 in
526 1025 648 1061 habitu
677 1026 817 1061 decenti
840 1025 926 1061 ficut
954 1027 1062 1062 ceteri
1089 1027 1262 1075 capellani
1290 1026 1431 1062 ecclefie
1459 1027 1630 1063 deserviet
1649 1047 1657 1055 ·
1685 1034 1719 1063 et

226 1084 373 1131 recipiet
399 1084 493 1131 apud
520 1084 706 1119 canoniam
735 1084 779 1119 de
805 1084 922 1131 Elgyn
950 1084 1134 1119 annuatim
1158 1085 1203 1119 ad
1230 1084 1402 1120 terminos
1421 1084 1667 1121 Penthecostes
1685 1091 1718 1120 et

227 1142 348 1177 Sancti
366 1141 513 1178 (Dartini
539 1142 577 1176 in
603 1154 705 1189 yeme
730 1142 1047 1189 proportionaliter
1073 1147 1217 1177 centum
1244 1141 1373 1177 solidos
1398 1141 1647 1189 sterlingorum
1675 1143 1718 1177 de

226 1199 337 1233 firmis
355 1204 531 1234 terrarum
550 1212 708 1234 mearum
734 1199 778 1234 de
799 1199 1021 1246 Brythmond
1050 1205 1085 1234 et
1105 1199 1281 1247 Kynstary
1301 1218 1310 1226 ·
1337 1212 1378 1234 ac
1405 1200 1510 1234 etiam
1538 1200 1582 1235 de
1608 1200 1718 1235 firmis

228 1257 422 1292 molendini
438 1257 508 1292 mei
523 1262 558 1292 et
571 1256 714 1291 bracine
733 1256 776 1291 de
792 1255 981 1304 Aldheryn
994 1276 1002 1284 ·
1022 1269 1108 1304 quas
1119 1257 1242 1292 adhoc
1255 1256 1450 1304 specialiter
1468 1262 1504 1292 et
1522 1262 1623 1292 motu
1640 1270 1719 1305 pro-

227 1315 305 1362 prio
325 1327 389 1362 pro
407 1327 464 1349 me
482 1314 671 1349 heredibus
692 1314 778 1349 meis
805 1319 841 1349 et
866 1314 967 1349 nobis
993 1314 1194 1350 succefl'uris
1220 1315 1256 1348 in
1283 1319 1493 1361 perpetuum
1519 1314 1638 1362 obligo
1657 1328 1719 1362 per

228 1372 405 1419 presentes
417 1391 425 1399 ·
450 1372 494 1406 de
517 1371 703 1406 voluntate
721 1377 757 1406 et
774 1372 942 1406 consensu
960 1377 996 1407 et
1014 1372 1245 1407 ratificatione
1263 1371 1390 1406 nobilis
1408 1372 1473 1406 viri
1497 1371 1632 1407 domini
1650 1372 1719 1407 mei

229 1429 399 1465 Willelmi
427 1430 565 1465 comitis
594 1429 637 1464 de
668 1429 773 1464 Rofl'e
804 1429 991 1477 superioris
1022 1429 1157 1464 domini
1184 1435 1360 1464 terrarum
1394 1429 1587 1464 earundem
1613 1448 1621 1457 ·
1673 1429 1720 1464 Et

229 1487 289 1522 fiet
320 1487 385 1522 hec
414 1487 540 1522 solutio
565 1487 697 1522 summe
720 1486 878 1534 predicte
909 1500 972 1534 per
1000 1499 1056 1522 me
1087 1487 1235 1522 heredes
1263 1499 1360 1521 meos
1391 1492 1426 1521 et
1449 1484 1636 1534 affignatos
1661 1486 1719 1521 seu

228 1544 455 1592 quoscunque
473 1544 561 1579 alios
584 1544 685 1578 nobis
707 1543 918 1579 successuros
941 1542 1010 1579 five
1034 1544 1181 1579 ballivos
1197 1544 1255 1579 vel
1281 1556 1511 1591 quoscunque
1537 1544 1719 1578 firmarum

231 1603 407 1637 dffikarum
435 1607 611 1637 terrarum
638 1607 839 1649 receptores
865 1601 923 1636 seu
949 1601 1123 1637 firmarios
1150 1601 1343 1637 earundem
1371 1614 1459 1648 quos
1481 1601 1525 1635 ad
1552 1601 1620 1636 hoc
1638 1600 1720 1635 volo

231 1659 427 1708 specialiter
445 1658 595 1706 obligari
613 1678 621 1686 ·
641 1658 795 1694 termino
814 1659 927 1707 prime
945 1658 1128 1694 solutionis
1148 1658 1340 1706 incipiente
1362 1658 1407 1693 ad
1425 1657 1549 1693 festum
1570 1658 1720 1693 Penthe-

230 1717 340 1753 costes
357 1717 521 1765 proximo
545 1716 704 1751 futurum
725 1735 734 1743 ·
762 1716 810 1751 Et
827 1715 852 1751 fi
869 1716 1054 1763 contingat
1073 1736 1081 1744 ·
1109 1716 1205 1763 quod
1231 1714 1316 1751 abfit
1334 1734 1343 1743 ·
1370 1728 1427 1750 me
1454 1715 1602 1750 heredes
1625 1728 1721 1750 meos

230 1780 292 1810 aut
315 1774 417 1809 nobis
440 1773 652 1810 successuros
675 1774 901 1821 quoscunque
925 1774 963 1809 in
986 1773 1161 1809 solutione
1188 1773 1284 1808 dicte
1310 1772 1459 1821 pecunie
1483 1772 1575 1807 infra
1597 1773 1721 1820 viginti

176 1846 178 1848 ·
230 1833 304 1868 dies
323 1837 358 1867 et
381 1845 489 1867 unam
515 1830 590 1879 post
611 1830 764 1878 aliquem
788 1831 1023 1866 terminorum
1050 1832 1292 1879 predictorum
1318 1830 1355 1865 in
1381 1836 1459 1865 toto
1477 1830 1534 1865 vel
1561 1830 1596 1864 in
1623 1836 1721 1878 parte

230 1890 382 1926 deficere
409 1889 529 1936 obligo
553 1888 666 1923 dietas
690 1894 801 1924 terras
820 1889 864 1924 de
884 1889 1109 1937 Brythmond
1128 1894 1163 1924 et
1191 1887 1367 1936 Kynstary
1385 1900 1458 1923 una
1486 1900 1566 1923 cum
1590 1887 1723 1923 molen-

233 1949 317 1984 dino
344 1954 379 1983 et
405 1947 549 1982 bracina
570 1947 780 1995 supradictis
806 1960 846 1981 ac
871 1947 991 1981 omnia
1014 1946 1108 1982 bona
1133 1946 1277 1982 mobilia
1293 1946 1330 1980 in
1349 1945 1477 1980 eisdem
1495 1945 1641 1980 inventa
1658 1958 1721 1993 pro

232 2006 417 2041 voluntate
448 2005 584 2040 domini
617 2005 767 2053 episcopi
786 2003 1016 2041 moraviensis
1043 2004 1102 2051 qui
1133 2017 1199 2052 pro
1228 2009 1389 2051 tempore
1412 2002 1519 2038 fuerit
1545 2007 1607 2037 aut
1631 2002 1724 2037 vices

233 2063 308 2112 ejus
334 2063 490 2111 gerentis
516 2076 556 2098 ac
582 2062 726 2110 capituli
748 2062 797 2097 sui
826 2061 905 2097 sede
931 2067 1078 2097 vacante
1105 2061 1231 2108 absque
1259 2061 1402 2096 licentia
1431 2072 1724 2107 quorumcunque

234 2121 471 2156 ministrorum
490 2120 697 2155 secularium
716 2119 793 2155 fore
816 2119 987 2167 capienda
1004 2119 1212 2154 abducenda
1229 2124 1265 2154 et
1285 2117 1525 2164 distringenda
1547 2116 1725 2163 quousque

233 2179 416 2227 capellano
435 2179 595 2226 predicto
615 2178 658 2213 de
678 2178 773 2213 di&e
800 2177 949 2225 pecunie
973 2176 1148 2212 solutione
1174 2177 1212 2211 in
1238 2174 1315 2224 ipfis
1340 2175 1444 2211 terris
1466 2180 1506 2209 ut
1524 2173 1722 2222 premiffum
