1912 2660
526 156 631 193 REG
639 157 841 194 ISTRUM
871 157 1232 196 MORAVIENSE.
1598 169 1670 201 308

179 255 307 303 pellam
334 255 435 290 beate
454 255 567 291 marie
586 255 689 303 burgi
713 255 864 303 predicti
888 255 1108 304 possessiones
1133 257 1286 305 ejusdem
1309 260 1440 306 capelle
1463 261 1506 296 de
1527 262 1668 309 aliquali

178 313 321 348 redditu
346 312 532 360 ampliaret
550 331 559 340 ·
586 325 653 348 nos
676 313 719 347 ad
745 313 982 348 reverentiam
1010 314 1219 349 excellentie
1245 316 1341 362 regie
1368 322 1403 351 et
1428 317 1472 352 ad
1498 318 1670 355 ,Iohannis

179 370 264 405 dieti
293 370 377 406 Scot
395 369 657 418 comburgenfis
683 369 792 405 nostri
818 370 1017 406 instantiam
1042 371 1226 419 specialem
1246 391 1254 399 ·
1284 372 1340 407 die
1364 374 1489 409 martis
1508 377 1669 422 proximo

178 427 252 475 post
274 426 397 462 festum
424 427 667 476 assumptionis
693 427 796 463 beate
823 428 936 464 marie
960 428 1121 476 Virginis
1140 448 1148 456 ·
1177 429 1214 463 in
1241 429 1416 464 cimiterio
1443 432 1576 478 capelle
1594 446 1669 480 pre-

178 484 289 520 dicte·
305 497 400 520 anno
418 485 568 520 Domini
583 484 762 523 millesimo
782 490 878 521 ·ccc⁰·
898 485 1185 534 quinquagesimo
1199 499 1297 521 nono
1317 506 1325 514 ·
1346 487 1389 522 de
1410 488 1569 523 unanimi
1588 503 1669 525 con-

177 541 274 577 sensu
299 547 335 578 et
351 542 482 578 assensu
501 542 663 578 omnium
685 543 842 578 nostrum
863 562 871 571 ·
899 556 964 591 per
981 543 1109 579 sustum
1129 549 1164 579 et
1181 544 1347 579 baculum
1366 544 1498 580 sursum
1517 546 1669 582 reddidi-

177 613 255 635 mus
271 612 312 635 ac
326 613 391 648 pro
409 600 512 636 nobis
526 606 561 637 et
574 600 825 637 suecessoribus
838 600 964 636 nostris
981 599 1050 637 five
1064 601 1255 637 heredibus
1267 615 1356 649 pure
1370 607 1406 637 et
1419 600 1620 650 simpliciter
1634 605 1670 639 in

176 663 387 705 perpetuum
402 657 654 706 resignavimus
668 659 815 694 domino
829 658 948 695 nostro
965 659 1057 707 Regi
1076 659 1236 707 predicto
1251 672 1357 694 omne
1369 659 1430 708 jus
1444 665 1479 695 et
1497 660 1668 697 clameum

175 728 244 763 que
262 715 450 751 habuimus
467 716 525 752 seu
543 716 673 752 habere
694 717 875 765 potuimus
899 722 961 752 aut
979 730 1047 764 que
1074 717 1223 752 heredes
1248 717 1307 752 seu
1333 716 1540 753 successores
1563 719 1670 754 nostri

176 772 294 820 aliquo
318 778 480 822 tempore
507 774 544 809 in
573 774 751 822 posterum
780 774 911 810 habere
938 780 1110 822 poterunt
1140 788 1284 822 quoquo
1313 775 1420 810 titulo
1452 776 1489 810 in
1519 777 1669 823 quadam

176 831 274 878 pecia
293 835 387 867 terre
406 832 450 867 de
468 832 501 867 16
528 832 624 868 Cras
647 845 728 868 cum
747 833 971 881 pertinentijs
990 833 1198 868 continente
1216 832 1418 868 octodecim
1437 846 1534 868 acras
1552 838 1646 870 terre
1662 854 1669 863 ·

170 888 312 936 jacente
322 889 429 937 juxta
446 895 577 925 terram
596 890 698 926 beate
717 891 830 927 marie
845 890 1056 938 parochialis
1075 889 1216 926 ecclesie
1231 890 1315 925 dicti
1330 890 1433 938 burgi
1452 891 1497 926 ad
1515 891 1668 927 austrum

175 960 219 981 ex
230 953 331 994 parte
350 960 422 982 una
439 967 447 975 ·
476 948 653 996 capitante
671 947 774 996 super
791 948 825 984 le
848 948 1038 996 Scathgate
1053 948 1097 983 ad
1116 948 1290 983 orientem
1311 967 1319 975 ·
1349 948 1670 996 extendentemque

175 1004 207 1039 se
235 1004 272 1039 in
298 1004 524 1052 longitudine
552 1019 640 1053 eque
666 1006 831 1054 protensa
857 1019 937 1041 cum
970 1011 1068 1041 terra
1093 1005 1196 1041 beate
1222 1006 1336 1042 marie
1363 1006 1561 1054 supradicte
1589 1026 1597 1035 ·
1635 1014 1670 1043 et

175 1062 268 1097 inter
286 1062 318 1098 le
346 1063 440 1099 Cras
458 1063 503 1098 ad
520 1063 666 1099 boream
687 1077 731 1099 ex
755 1069 855 1112 parte
877 1063 988 1099 altera
1007 1083 1015 1091 ·
1043 1064 1081 1098 in
1099 1076 1169 1111 qua
1192 1063 1335 1110 quidem
1357 1064 1457 1111 pecia
1474 1069 1569 1099 terre
1587 1077 1668 1100 cum

173 1120 398 1169 pertinentijs
416 1121 582 1157 dominus
605 1121 723 1157 noster
751 1122 831 1157 Rex
855 1122 1037 1169 predi&us
1060 1121 1258 1169 predi&am
1283 1121 1454 1169 capellam
1480 1121 1516 1156 in
1542 1134 1666 1169 puram

174 1183 210 1213 et
227 1183 435 1226 perpetuam
461 1178 685 1215 elemosinam
712 1192 775 1227 per
800 1179 896 1214 suam
921 1184 1054 1215 cartam
1082 1179 1277 1214 infeodavit
1300 1184 1341 1214 ut
1366 1178 1403 1213 in
1429 1178 1552 1214 eadem
1572 1185 1668 1214 carta

174 1236 302 1271 clarius
316 1237 521 1272 continetur
538 1257 546 1265 ·
566 1237 811 1273 renunciando
826 1250 891 1285 pro
907 1237 1009 1273 nobis
1022 1237 1211 1273 heredibus
1229 1242 1264 1272 et
1282 1236 1529 1272 successoribus
1543 1236 1668 1272 nostris

173 1295 210 1329 in
221 1301 434 1342 perpetuum
449 1295 579 1331 ibidem
592 1301 628 1331 et
640 1295 744 1331 etiarn
757 1308 820 1343 per
832 1295 1009 1343 presentes
1020 1295 1118 1331 omni
1124 1295 1199 1343 juri
1211 1294 1347 1330 clameo
1359 1299 1395 1329 et
1405 1294 1539 1329 aGtioni
1551 1307 1620 1341 que
1632 1301 1667 1330 et

173 1365 277 1399 quam
297 1365 363 1387 nos
381 1353 568 1388 habuimus
586 1353 756 1388 habemus
769 1352 827 1388 vel
840 1353 969 1389 habere
988 1353 1185 1401 poterimus
1202 1365 1242 1387 ac
1257 1365 1325 1399 que
1344 1357 1379 1387 et
1393 1364 1498 1399 quam
1520 1352 1666 1387 heredes

172 1409 231 1445 seu
242 1410 450 1445 successores
464 1410 572 1446 nostri
586 1411 767 1446 habebunt
781 1411 838 1446 vel
857 1411 986 1446 habere
1000 1415 1171 1459 poterunt
1184 1410 1221 1445 in
1235 1410 1370 1458 peciam
1386 1415 1480 1445 terre
1491 1408 1667 1457 supradic-

172 1473 244 1502 tam
264 1487 272 1495 ·
302 1468 349 1503 Et
366 1468 403 1503 in
428 1468 506 1503 casu
525 1482 596 1516 quo
621 1469 814 1516 contigerit
831 1482 897 1504 nos
918 1469 1065 1504 heredes
1083 1468 1141 1503 seu
1160 1467 1367 1503 successores
1384 1466 1521 1502 nostros
1539 1472 1664 1502 contra

170 1525 331 1572 premissa
341 1526 398 1561 vel
412 1526 557 1573 aliquod
572 1526 816 1574 premissorum
828 1526 1016 1573 quicquam
1030 1526 1144 1561 facere
1158 1525 1215 1561 vel
1227 1530 1453 1572 attemptare·
1467 1524 1665 1571 obligamus

171 1596 235 1617 nos
254 1589 289 1618 et
307 1583 396 1631 ipsos
420 1584 567 1620 heredes
591 1598 631 1619 ac
650 1584 856 1619 successores
880 1583 1016 1619 nostros
1037 1582 1187 1618 strictius
1205 1596 1275 1630 quo
1301 1582 1481 1630 possumus
1504 1594 1567 1629 per
1588 1594 1665 1629 pre-

170 1640 282 1676 sentes
307 1641 344 1675 in
366 1647 509 1677 centum
538 1641 635 1676 libris
661 1641 909 1688 sterlingorum
935 1641 1110 1676 solvendis
1135 1640 1267 1676 fabrice
1286 1639 1497 1675 cathedralis
1523 1637 1663 1674 ecclesie

170 1697 398 1734 moraviensis
417 1699 561 1735 nomine
580 1712 672 1747 pene
690 1699 821 1734 totiens
839 1699 1003 1746 quotiens
1021 1698 1117 1734 casus
1136 1697 1327 1745 contigerit
1345 1716 1354 1724 ·
1377 1697 1472 1744 quod
1492 1694 1576 1731 abfit
1591 1715 1599 1723 ·
1624 1696 1661 1731 in

169 1755 328 1791 futurum
349 1776 356 1784 ·
385 1756 548 1804 predicta
574 1762 672 1792 carta
689 1756 788 1804 regia
806 1761 842 1791 et
859 1755 1077 1804 presentibus
1094 1755 1205 1791 literis
1228 1755 1264 1790 in
1284 1754 1344 1790 suo
1363 1754 1492 1789 robore
1514 1753 1662 1789 nichilo-

169 1813 284 1849 minus
311 1814 490 1849 duraturis
522 1834 531 1842 ·
559 1814 796 1862 supponentes
822 1827 887 1849 nos
914 1819 950 1849 et
984 1813 1074 1861 ipsos
1109 1812 1312 1848 cohercioni
1348 1811 1482 1847 domini
1511 1811 1660 1858 episcopi

168 1871 396 1907 moraviensis
414 1872 474 1919 qui
491 1885 557 1920 pro
576 1878 737 1920 tempore
748 1872 856 1907 fuerit
873 1877 909 1906 et
926 1870 1165 1906 ministrorum
1180 1870 1323 1905 suorum
1337 1868 1407 1904 fine
1422 1868 1659 1916 cujuscunque

167 1927 311 1964 alterius
328 1929 461 1977 judicis
478 1930 536 1965 vel
554 1929 732 1978 potestatis
750 1929 894 1965 licentia
911 1934 947 1964 et
964 1928 1091 1975 absque
1109 1927 1323 1975 allegatione
1341 1927 1398 1962 vel
1416 1931 1580 1974 pretextu
1599 1925 1659 1960 ali-

167 1985 267 2033 cujus
286 1986 379 2035 juris
397 1987 454 2022 vel
481 1987 655 2035 privilegij
681 1987 718 2021 in
744 1987 812 2022 hoc
839 1986 918 2022 casu
938 2006 946 2014 ·
976 1986 1020 2021 In
1044 1985 1144 2033 cujus
1168 1986 1219 2021 rei
1248 1984 1487 2020 testimonium
1509 1981 1657 2030 sigillum

166 2055 354 2080 commune
372 2044 475 2093 burgi
494 2044 602 2081 nostri
621 2045 771 2093 predicti
789 2044 1007 2093 presentibus
1025 2043 1249 2092 apposuimus
1276 2062 1284 2071 ·
1315 2042 1450 2077 Αᾶὶυιι]
1474 2045 1509 2076 et
1536 2040 1655 2075 datum

164 2100 257 2147 apud
277 2101 453 2150 Inuernys
471 2108 599 2150 quarto
618 2103 675 2138 die
693 2101 818 2138 mensis
836 2101 963 2138 marcii
981 2114 1076 2137 anno
1095 2101 1255 2149 predicto
1275 2120 1282 2128 ·
