1912 2660
114 1452 158 1484 13

673 92 852 131 CARTE
878 96 952 133 OR
960 96 1221 134 IGINALES.
1615 101 1686 137 465

205 204 328 228 omnes
353 191 469 228 rectas
491 191 620 227 diuisas
646 192 724 228 suas
743 198 779 229 et
796 206 878 229 cum
896 193 1060 229 omnibus
1077 194 1295 231 libertatibus
1321 195 1537 244 ayfiamentis
1555 202 1590 233 et
1607 210 1689 233 cum

205 249 367 284 omnibus
379 248 455 284 aliis
463 247 564 296 justis
577 249 802 296 pertinentiis
813 251 858 286 ad
870 250 1003 285 dictam
1014 255 1145 286 terram
1157 251 1414 298 pertinentibus
1427 272 1435 281 ·
1450 254 1640 290 tenendam
1651 260 1688 290 et

203 305 400 342 habendam
419 304 514 340 dicte
534 304 713 341 Amabilie
733 312 768 342 et
786 306 974 343 heredibus
999 307 1067 342 suis
1094 308 1138 342 de
1162 320 1311 355 corpore
1329 309 1389 344 suo
1407 310 1616 346 exeuntibus
1642 312 1686 346 de

203 374 260 398 me
278 367 313 398 et
330 362 518 397 heredibus
541 362 629 397 meis
654 363 906 411 inperpetuum
928 364 978 399 ita
1000 364 1110 400 libere
1128 369 1164 399 et
1181 365 1299 411 quiete
1317 365 1473 412 plenarie
1492 372 1527 402 et
1543 368 1687 403 honori-

202 418 267 454 fice
284 418 328 453 ab
346 418 441 453 omni
461 418 607 454 seculari
624 420 767 455 actione
786 426 821 456 et
839 421 1014 456 demanda
1030 419 1117 456 ficut
1137 421 1282 468 aliquod
1298 422 1521 468 maritagium
1545 423 1584 458 in
1608 429 1686 459 toto

202 488 339 523 rengno
358 475 475 511 Scotie
492 475 636 511 liberius
654 477 807 523 quietius
824 478 964 526 plenius
982 483 1018 514 et
1034 478 1332 513 honorificencius
1355 478 1398 513 ab
1422 478 1539 525 aliquo
1558 481 1686 516 comite

200 532 259 568 uel
271 533 403 568 barone
414 537 557 568 tenetur
569 538 604 568 et
614 532 808 581 poflidetur
820 554 828 562 ·
850 535 1028 570 Faciendo
1040 535 1123 570 inde
1134 535 1344 570 forinsecum
1356 534 1542 570 seruicium
1553 536 1688 572 domini

202 589 311 636 Regis
329 594 500 636 quantum
515 591 669 637 pertinet
683 591 727 626 ad
741 592 839 627 illam
853 597 985 627 terram
1000 611 1008 619 ·
1029 597 1064 627 et
1078 592 1157 639 Ego
1171 605 1258 627 vero
1273 592 1389 627 dietus
1403 591 1556 628 malifius
1570 606 1688 629 comes

201 645 371 682 Strahern
389 651 425 682 et
444 647 593 682 heredes
621 648 691 683 mei
720 649 853 684 dictam
879 654 1012 684 terram
1039 650 1083 685 de
1106 649 1325 697 Kyncardyn
1351 654 1392 684 ut
1416 649 1618 696 predictum
1642 650 1690 686 est

200 703 295 738 dicte
310 703 488 739 Amabilie
502 704 613 739 sorori
627 718 704 740 mee
723 710 759 741 et
776 706 965 741 heredibus
982 706 1049 741 suis
1067 706 1112 741 de
1130 718 1279 754 corpore
1297 706 1359 741 suo
1378 706 1589 742 exeuntibus
1603 720 1686 743 con-

199 764 256 795 tra
281 773 404 796 omnes
426 761 588 797 homines
606 767 642 797 et
658 762 807 798 feminas
827 763 1133 799 warantizabimus
1159 763 1436 810 acquietabimus
1464 768 1500 799 et
1527 764 1688 812 inperpe-

199 821 300 852 tuum
317 818 547 853 defendemus
560 838 568 846 -
589 819 637 854 Et
650 824 690 854 ut
704 820 769 854 hec
784 833 863 855 mea
876 820 1021 855 donatio
1035 825 1071 855 et
1084 818 1256 855 conceffio
1271 825 1307 855 et
1317 820 1484 867 presentis
1499 826 1595 856 carte
1610 834 1686 856 mee

198 874 423 910 confirmatio
442 880 519 910 rata
537 880 572 910 et
589 875 716 911 stabilis
735 882 940 923 permaneat
957 877 1040 912 huic
1058 877 1185 924 scripto
1203 875 1353 923 figillum
1371 890 1490 912 meum
1515 877 1658 925 apposui
1677 898 1684 905 ·

198 930 280 966 Hiis
290 931 470 967 Testibus-
486 932 632 967 domino
645 933 856 968 Alexandro
873 933 1013 981 Comyn
1028 933 1158 969 comite
1170 933 1214 968 de
1229 933 1376 968 Buchan
1388 938 1474 969 tunc
1488 933 1512 970 J
1513 934 1686 970 usticiario

196 988 314 1024 Scotie
334 1008 342 1016 ·
367 989 515 1024 domino
533 989 714 1037 Frelkyno
737 990 781 1025 de
805 990 969 1026 (Dorauia
988 1009 996 1018 -
1022 990 1167 1026 domino
1188 990 1353 1027 Johanne
1378 990 1421 1025 de
1440 990 1656 1027 Dundemor
1675 1010 1684 1019 ·

195 1045 341 1081 domino
353 1046 554 1093 Reginaldo
569 1046 602 1081 le
615 1046 733 1083 Chen·
747 1047 892 1082 domino
906 1047 1066 1083 Roberto
1079 1048 1123 1083 de
1135 1047 1327 1095 Walhopp·
1341 1047 1486 1082 domino
1500 1048 1680 1083 macolmo

195 1103 239 1138 de
257 1103 422 1139 (Domuia
436 1122 444 1130 ·
465 1103 611 1138 domino
626 1103 683 1138 W·
699 1104 743 1139 de
759 1104 931 1152 Ramesey
946 1123 955 1132 ·
974 1105 1120 1140 domino
1137 1104 1302 1141 Johanne
1320 1104 1364 1140 de
1383 1103 1524 1140 Wemes
1540 1123 1547 1132 ·
1566 1104 1682 1142 militi-

194 1159 259 1195 bus
278 1179 286 1188 ·
304 1159 471 1196 Johanne
490 1160 534 1196 de
556 1160 758 1196 Kindeloch
774 1180 782 1189 ·
803 1161 961 1197 Radulfo
979 1162 1023 1198 de
1042 1161 1226 1210 [La]scles
1241 1181 1249 1189 ·
1269 1166 1304 1197 et
1321 1161 1396 1197 aliis
1411 1180 1419 1190 ·

194 1332 304 1368 Carta
321 1332 364 1368 de
384 1331 608 1381 Tulibardyn
627 1351 635 1361 ·

194 1446 371 1483 Omnibus
390 1447 518 1483 Christi
535 1448 698 1497 fidelibus
715 1448 783 1483 hoc
801 1448 967 1496 scriptum
981 1448 1105 1485 visuris
1118 1447 1176 1484 vel
1193 1446 1366 1483 audituris
1382 1444 1552 1482 Muriella
1564 1457 1677 1493 quon-

193 1504 274 1539 dam
299 1505 372 1540 filia
390 1504 566 1542 Coneuall
583 1506 646 1541 filii
664 1505 834 1541 Duncani
852 1505 998 1542 salutem
1017 1511 1175 1541 eternam
1193 1505 1231 1540 in
1254 1504 1400 1539 domino
1419 1523 1428 1531 ·
1456 1503 1576 1538 Sciant
1599 1515 1678 1550 pre-

190 1562 303 1597 sentes
329 1567 365 1597 et
390 1562 501 1597 futuri
523 1576 580 1598 me
606 1563 644 1598 in
667 1562 777 1598 libera
794 1562 966 1600 viduitate
983 1576 1063 1598 mea
1080 1562 1136 1598 die
1152 1562 1253 1599 Jovis
1270 1561 1432 1609 proxima
1447 1565 1530 1595 ante
1553 1559 1677 1595 festum

189 1618 427 1666 apostolorum
447 1620 611 1667 Symonis
629 1625 665 1655 et
682 1620 777 1656 Jude
795 1633 890 1655 anno
909 1620 1060 1655 Domini
1077 1618 1259 1655 millefimo
1278 1616 1515 1654 ducentefimo
1533 1617 1678 1664 06toge-

187 1674 271 1711 fimo
290 1681 416 1723 quarto
436 1677 565 1712 dediss'e
580 1675 775 1713 concesfifl'e
789 1682 825 1712 et
838 1677 902 1713 hac
915 1677 1067 1725 presenti
1085 1681 1182 1712 carta
1198 1689 1278 1712 mea
1294 1674 1512 1711 confirmaffe
1530 1674 1676 1710 domino

188 1733 369 1769 Willelmo
396 1733 440 1769 de
466 1734 629 1770 moravia
654 1734 758 1769 militi
783 1734 857 1769 filio
885 1734 1020 1770 domini
1039 1733 1226 1769 Malcolmi
1243 1733 1286 1768 de
1305 1731 1468 1769 moravia
1484 1731 1605 1766 militis
1622 1735 1676 1767 to-

186 1795 259 1825 tam
285 1795 417 1825 terram
434 1804 549 1826 meam
568 1792 612 1827 de
630 1791 854 1839 Tulibardyn
871 1805 928 1827 me
946 1796 982 1827 et
998 1791 1146 1826 heredes
1171 1802 1270 1826 meos
1295 1801 1507 1837 quocunque
1528 1788 1611 1836 jure
1636 1788 1675 1823 in

185 1852 398 1895 perpetuum
416 1848 682 1895 contingentem
703 1868 710 1876 ·
730 1853 766 1883 et
785 1848 867 1884 Ade
893 1848 964 1884 filie
991 1861 1068 1883 mee
1091 1847 1211 1895 sponse
1238 1847 1326 1882 dieti
1351 1845 1487 1881 domini
1505 1844 1675 1880 Willelmi

186 1904 230 1939 de
245 1904 408 1941 <Dor-avia
424 1923 432 1932 ·
451 1918 515 1952 per
532 1906 648 1941 rectas
666 1905 789 1941 divisas
802 1905 878 1941 suas
896 1910 932 1941 et
950 1918 1030 1941 cum
1049 1904 1212 1940 omnibus
1224 1903 1325 1952 justis
1341 1901 1564 1951 pertinentiis
1582 1901 1650 1937 suis
1664 1920 1673 1929 ·

186 1960 398 1997 Tenendam
426 1967 462 1997 et
484 1961 682 1997 habendam
701 1962 863 2010 predicto
883 1962 1028 1997 domino
1047 1961 1228 1997 Willelmo
1247 1961 1291 1995 de
1309 1959 1471 1996 moravia
1489 1964 1524 1994 et
1537 1958 1671 2007 prefate

186 2018 268 2054 Ade
286 2018 407 2064 sponse
424 2018 483 2054 sue
501 2023 537 2054 et
554 2019 742 2055 heredibus
761 2019 856 2054 dicte
875 2019 958 2054 Ade
981 2019 1026 2055 de
1049 2031 1106 2054 me
1124 2023 1160 2054 et
1176 2017 1365 2053 heredibus
1391 2016 1477 2052 meis
1503 2015 1542 2051 in
1565 2015 1670 2051 feodo

185 2079 220 2111 et
232 2075 429 2111 hereditate
443 2088 507 2123 per
523 2076 640 2112 rectas
658 2075 781 2112 divisas
798 2075 874 2111 suas
893 2081 929 2111 et
945 2088 1026 2112 cum
1038 2074 1140 2124 justis
1157 2074 1379 2123 pertinentiis
1395 2073 1463 2108 suis
1481 2091 1490 2100 ·
1508 2072 1617 2107 libere
1635 2077 1671 2107 et

184 2132 302 2180 quiete
320 2151 329 2161 ·
356 2133 501 2181 pacifice
519 2138 555 2169 et
571 2132 769 2170 honorifice
787 2152 796 2162 ·
822 2132 981 2183 plenarie
999 2137 1036 2169 et
1052 2133 1190 2181 integre
1209 2151 1218 2160 ·
1242 2131 1281 2167 in
1296 2130 1400 2167 bosco
1418 2135 1454 2166 et
1470 2129 1576 2178 plano
1595 2148 1603 2157 ·
1630 2128 1668 2163 in

893 2192 917 2225 3
930 2202 957 2225 N
