2060 2660
551 169 866 206 REGISTRUM
895 170 1255 209 MORAVIENSE.
1569 179 1640 216 207

156 327 260 362 Bulla
277 325 411 361 domini
430 325 619 361 Benedkffi
636 339 726 373 pape
745 326 829 360 ·xiii·
854 326 992 361 directa
1015 326 1161 361 domino
1181 327 1273 374 Regi
1293 328 1408 363 Scotie
1434 329 1535 376 super
1561 342 1639 376 pro-

153 384 310 419 motione
329 382 464 418 domini
483 382 654 418 Willelmi
673 383 824 431 episcopi
842 381 1072 419 moraviensis
1091 402 1099 410 ·

57 496 125 539 176
152 498 370 533 Benedi6‘cus
400 497 581 546 episcopus
610 498 729 533 servus
753 498 935 534 servorum
963 498 1034 533 Dei
1060 496 1237 533 kariffimo
1264 499 1302 533 in
1321 498 1459 534 Christo
1477 499 1551 534 filio
1572 500 1642 535 Ro-

57 1821 125 1859 177

150 556 251 591 berto
272 555 364 602 Regi
379 555 496 591 Scotie
510 555 634 590 illustri
652 556 800 591 salutem
819 561 854 591 et
872 555 1098 602 apostolicam
1115 556 1404 591 benedictionem
1423 576 1431 583 ·
1458 557 1554 598 Quia
1570 563 1642 592 tam

151 626 195 648 ex
213 613 332 648 debito
351 612 531 659 pastoralis
550 613 657 649 officii
676 627 781 661 quam
801 627 845 649 ex
863 614 993 649 affectu
1011 627 1117 661 quem
1134 614 1291 661 gerimus
1309 613 1354 648 ad
1372 627 1523 661 regnum
1541 619 1643 649 tuum

151 670 311 718 cupimus
339 677 374 706 et
402 670 581 706 studemus
608 671 744 719 semper
771 670 920 707 ecclesiis
947 670 1049 719 ipsius
1067 672 1168 719 regni
1186 671 1356 719 preficere
1374 672 1470 706 viros
1487 671 1645 719 ydoneos

150 734 185 762 et
203 728 368 775 probatos
384 748 392 756 ·
411 727 645 776 significamus
659 729 838 765 serenitati
856 734 917 764 tue
935 729 1032 776 quod
1049 728 1234 764 vacatione
1254 727 1483 765 moraviensis
1505 727 1644 764 ecclesie

150 791 184 820 et
211 785 372 832 diligenti
398 786 650 822 informatione
677 792 821 834 recepta
843 787 886 821 de
909 786 1053 822 scientia
1072 806 1080 814 ·
1106 786 1178 821 vita
1197 805 1205 814 ·
1227 786 1385 821 moribus
1404 791 1439 821 et
1456 786 1646 821 virtutibus

150 841 339 890 insignibus
357 849 392 879 et
410 843 577 891 preclaris
594 844 806 880 venerabilis
824 844 942 879 fratris
956 843 1065 879 nostri
1084 843 1254 879 Willelmi
1273 843 1424 891 episcopi
1446 843 1646 880 (Doravien-

149 899 188 935 sis
206 907 292 936 tunc
312 901 356 936 ad
374 901 482 949 ipsam
501 901 606 937 electi
625 922 633 929 ·
653 902 765 950 ipsum
786 902 830 937 de
846 900 989 937 confilio
1007 901 1263 937 venerabilium
1278 901 1429 936 fratrum
1447 901 1648 936 nostrorum

150 958 280 993 Sancte
302 958 466 994 Romane
485 958 625 994 ecclesie
644 959 879 994 cardinalium
901 960 946 994 ad
974 960 1123 995 eandem
1144 957 1320 994 ecclesiam
1345 959 1461 1006 primo
1485 959 1541 994 die
1565 959 1648 1006 Sep-

150 1015 294 1050 tembris
321 1015 602 1052 consistorialiter
630 1017 797 1052 duximus
822 1017 1108 1065 promovendum
1129 1036 1137 1045 ·
1169 1017 1200 1052 ei
1218 1016 1365 1052 fecimus
1383 1030 1513 1052 munus
1532 1016 1649 1052 conse-

150 1073 317 1108 crationis
345 1074 502 1121 impendi
521 1094 529 1102 ·
558 1080 592 1110 et
619 1075 751 1110 idcirco
770 1088 852 1110 eum
872 1080 907 1110 et
924 1075 1126 1123 hujusmodi
1144 1075 1240 1110 suam
1265 1073 1443 1109 ecclesiam
1471 1073 1648 1109 serenitati

151 1136 211 1165 tue
230 1131 525 1167 recommittimus
543 1132 705 1167 affefi'dve
724 1132 947 1167 serenitatem
967 1132 1116 1168 eandem
1135 1137 1271 1167 attente
1289 1137 1457 1179 rogantes
1474 1137 1648 1179 quatenus

151 1202 232 1223 eum
252 1189 344 1224 circa
362 1188 603 1225 admiffionem
624 1190 719 1225 suam
742 1190 786 1224 ad
813 1188 1053 1237 poffeffionem
1081 1190 1262 1238 pacificam
1289 1188 1392 1237 ipfius
1419 1188 1648 1226 moraviensis

151 1245 291 1281 ecclesie
318 1252 353 1281 et
381 1247 688 1295 recuperationem
710 1247 848 1295 jurium
877 1247 1109 1294 spiritualium
1138 1247 1293 1295 ejusdem
1322 1245 1462 1282 ecclesie
1487 1247 1649 1294 prosequi

150 1303 237 1338 velis
261 1304 306 1338 ob
330 1305 567 1340 reverentiam
592 1305 679 1340 sedis
701 1303 888 1352 apostolice
912 1310 947 1340 et
970 1305 1074 1340 etiam
1102 1318 1166 1353 pro
1193 1304 1299 1339 laude
1326 1310 1388 1339 tua
1408 1304 1588 1339 favoribus
1614 1309 1650 1339 et

150 1361 355 1409 patrociniis
373 1360 536 1409 graciosis
555 1381 562 1389 ·
583 1363 814 1410 rescripturus
833 1362 934 1397 nobis
959 1361 984 1397 fi
1010 1375 1079 1409 qua
1096 1362 1254 1397 volueris
1278 1374 1344 1396 nos
1366 1361 1525 1396 facturos
1540 1381 1548 1388 ·
1567 1362 1650 1408 quia

150 1425 322 1465 quantum
342 1432 423 1453 cum
444 1419 526 1454 Deo
544 1420 739 1467 poterimus
757 1418 827 1455 tuis
845 1419 1029 1455 affectibus
1047 1432 1246 1455 annuemus
1265 1438 1273 1447 ·
1303 1418 1441 1454 Datum
1463 1418 1624 1454 Avinion
1639 1438 1647 1446 ·

154 1649 327 1696 Receptio
346 1649 440 1685 fafita
458 1662 520 1697 per
537 1649 673 1697 Regem
694 1650 738 1685 de
751 1650 932 1686 Willelmo
951 1650 1112 1699 episcopo
1132 1648 1344 1686 moravienfi
1359 1668 1367 1676 ·
1388 1654 1423 1684 et
1442 1648 1649 1683 mandatum

152 1706 253 1753 super
272 1707 339 1742 hoc
359 1726 366 1734 ·

154 1820 335 1855 Robertus
355 1821 426 1856 Dei
444 1822 559 1869 gratia
579 1822 659 1857 Rex
679 1823 883 1858 Scottorum
903 1822 1168 1858 vicecomitibus
1183 1822 1226 1857 de
1246 1821 1342 1857 Banf
1356 1826 1390 1856 et
1410 1821 1453 1856 de
1474 1820 1650 1868 Inuernys

152 1878 297 1913 salutem
317 1898 325 1905 ·
356 1879 478 1913 Sciatis
505 1880 602 1926 quod
629 1878 859 1915 concessimus
890 1885 925 1915 et
956 1880 1192 1916 relaxavimus
1220 1878 1415 1914 venerabili
1446 1878 1483 1912 in
1511 1877 1649 1913 Christo

151 1936 241 1983 patri
256 1935 437 1971 W'illelmo
454 1936 615 1984 episcopo
631 1936 845 1973 (Doravienfi
862 1937 1161 1985 temporalitatem
1180 1937 1277 1972 suam
1296 1936 1455 1972 omnium
1472 1941 1648 1971 terrarum

152 1992 291 2028 suarum
309 1992 614 2029 ecclesiasticarum
633 2008 714 2029 cum
734 1995 958 2043 pertinentiis
972 2008 1058 2042 quas
1077 1995 1120 2030 de
1139 1995 1240 2030 nobis
1259 2000 1358 2030 tenet
1376 1994 1412 2028 in
1431 1993 1545 2041 capite
1558 1993 1650 2028 insra

152 2050 272 2085 ballias
298 2050 426 2086 vestras
453 2057 488 2086 et
515 2065 638 2087 omnes
665 2052 749 2087 alias
775 2051 995 2100 possessiones
1013 2053 1058 2088 ad
1079 2051 1255 2088 ecclesiam
1275 2052 1369 2087 suam
1389 2051 1648 2097 moraviensem

152 2108 347 2156 spefi'oentes
375 2122 443 2156 que
470 2109 515 2144 ad
540 2123 605 2144 nos
625 2110 709 2158 jure
736 2110 854 2145 nostro
881 2110 980 2158 regio
1007 2110 1077 2158 ipsa
1103 2108 1245 2145 ecclesia
1271 2107 1484 2146 moraviensi
1501 2113 1648 2143 vacante

152 2166 327 2213 pertinere
344 2166 539 2202 noscuntur
558 2187 566 2194 ·
587 2167 687 2202 salvis
706 2168 806 2202 nobis
819 2168 902 2216 jure
921 2173 956 2203 et
975 2167 1116 2203 servitio
1134 2167 1253 2202 nostro
1272 2167 1354 2202 inde
1374 2166 1498 2202 debitis
1517 2170 1551 2200 et
1566 2177 1647 2200 con-

152 2222 254 2258 suetis
273 2242 281 2251 ·
310 2224 433 2265 Quare
452 2224 551 2259 vobis
569 2225 778 2260 mandamus
792 2231 827 2261 et
841 2226 990 2261 firmiter
1004 2226 1219 2274 precipimus
1236 2231 1411 2272 quatenus
1426 2224 1468 2258 de
1484 2221 1647 2257 omnibus

152 2285 187 2314 et
209 2278 351 2328 fingulis
376 2281 487 2317 firmis
513 2282 688 2318 fru6tibus
715 2288 750 2318 et
779 2283 975 2319 redditibus
998 2296 1038 2319 ac
1061 2281 1323 2331 possessionibus
1341 2281 1519 2316 dictarum
1536 2284 1645 2313 terra-
