2060 2660
270 843 343 876 2203

371 168 443 205 246
763 168 1081 205 REGISTRUM
1110 165 1475 204 MORAVIENSE.

372 268 456 303 inde
474 268 680 303 consectum
700 280 809 303 manu
826 267 1048 316 suprascripti
1072 267 1203 302 notarii
1220 266 1353 314 publici
1371 265 1539 312 scriptum
1557 263 1595 298 in
1613 263 1705 298 hanc
1723 263 1874 300 formam

373 325 550 373 publicam
567 339 640 361 una
654 338 735 361 cum
752 326 851 361 dicto
865 325 1007 360 notario
1022 325 1165 373 publico
1180 324 1302 370 redegi
1317 322 1486 370 signoque
1500 321 1646 356 nomine
1660 322 1875 368 cognomine

372 388 408 418 et
421 382 673 432 subscriptione
689 384 776 419 meis
790 383 898 419 solitis
912 389 947 418 et
961 382 1137 418 consuetis
1151 394 1225 416 una
1238 381 1344 416 etiam
1362 392 1444 414 cum
1462 378 1714 426 subscriptione
1729 385 1764 414 et
1777 378 1874 427 figno

371 441 545 476 antedicti
568 442 699 476 notarii
722 454 789 477 nec
812 454 887 476 non
909 439 1105 487 sigillorum
1127 438 1443 486 suprascriptorum
1461 436 1678 472 arbitrorum
1697 436 1876 485 appensio-

371 498 476 534 nibus
499 497 631 546 fignavi
649 505 797 546 rogatus
815 504 851 534 et
869 496 1054 545 requifitus
1073 497 1110 532 in
1127 496 1236 531 fidem
1259 500 1295 531 et
1316 494 1558 531 testimonium
1577 495 1740 530 omnium
1759 501 1794 531 et
1812 493 1875 531 fin-

370 556 539 604 gulorum
558 557 804 605 premissorum
824 575 832 584 ·

372 729 555 765 Proceffus
573 730 618 765 de
636 729 794 765 davacha
811 728 856 764 de
876 726 1138 764 Aberkerdour
1157 746 1165 755 ·

371 844 551 881 Universls
578 851 614 881 et
639 844 783 892 singulis
810 844 929 879 sancte
956 842 1078 878 matris
1105 841 1247 879 ecclefie
1273 842 1354 878 filiis
1380 843 1426 879 ad
1452 856 1606 891 quorum
1628 844 1777 880 noticias
1795 858 1872 893 pre-

370 903 483 939 sentes
501 903 619 938 littere
637 903 866 951 pervenerint
879 901 1064 939 ,Iohannes
1079 901 1192 949 Spens
1210 901 1397 937 succentor
1415 906 1451 937 et
1469 901 1627 937 officialis
1641 901 1872 939 moraviensis

369 960 515 996 salutem
543 961 579 996 in
606 961 766 996 omnium
794 959 966 995 salvatore
986 978 994 987 ·
1023 959 1163 995 Literas
1186 959 1452 995 honorabilium
1470 964 1506 994 et
1525 959 1760 1007 providorum
1778 960 1871 996 viro-

369 1031 448 1053 rum
477 1018 602 1055 Jacobi
627 1017 763 1066 Ogiluy
790 1017 833 1052 de
862 1016 1045 1052 Deskfurd
1072 1016 1195 1052 militis
1214 1037 1222 1045 ·
1255 1016 1428 1052 Willelmi
1459 1016 1643 1053 Meldrom
1668 1017 1712 1053 de
1735 1017 1845 1066 wae
1861 1038 1869 1046 ·

368 1076 517 1112 Walteri
538 1076 673 1124 Ogiluy
692 1076 736 1111 de
757 1076 872 1111 Bown
892 1095 899 1103 ·
929 1075 1080 1111 Walteri
1100 1075 1251 1123 Barclay
1274 1075 1318 1111 de
1342 1075 1461 1111 Torre
1481 1094 1489 1103 ·
1522 1075 1665 1111 Patricii
1693 1075 1800 1111 Biffet
1826 1077 1869 1112 de

367 1133 590 1170 Leflindrom
610 1153 618 1162 ·
651 1133 853 1170 Alexandri
877 1132 1032 1181 Murray
1064 1133 1108 1169 de
1136 1133 1319 1169 Culbarde
1338 1152 1346 1161 ·
1377 1133 1530 1181 Georgii
1562 1133 1605 1169 de
1637 1133 1841 1182 Abirnethy
1860 1154 1868 1162 ·

364 1192 540 1228 ,Iohannis
559 1192 724 1227 Currour
743 1211 751 1219 ·
782 1191 924 1228 Thome
944 1191 1040 1227 Bard
1060 1191 1104 1227 dc
1123 1191 1313 1227 Ordinhuf
1327 1211 1335 1219 ·
1363 1191 1507 1227 Patricii
1526 1191 1657 1239 Thayn
1680 1192 1802 1227 vicarii
1826 1193 1869 1229 de

367 1249 614 1298 Innerkethny
634 1269 642 1277 ·
676 1248 877 1285 Alexandri
904 1249 984 1285 Hill
1003 1269 1011 1277 ·
1044 1249 1075 1285 F
1077 1249 1161 1285 inlai
1184 1249 1348 1298 Monedy
1367 1269 1376 1278 ·
1411 1249 1563 1285 Roberti
1589 1249 1706 1285 fratris
1726 1249 1840 1286 Finlai
1860 1270 1867 1279 ·

363 1307 538 1344 ,Iohannis
559 1307 637 1342 Hill
657 1327 665 1335 ·
698 1307 848 1343 Andree
867 1307 953 1343 Tait
972 1327 980 1335 ·
1011 1307 1184 1343 Willelmi
1208 1307 1320 1344 Clerk
1338 1327 1347 1336 ο
1377 1308 1543 1356 Symonis
1562 1307 1751 1356 Quorsquc
1770 1328 1778 1336 ·
1808 1308 1869 1345 Jo-

364 1365 489 1400 hannis
509 1365 644 1401 Wilson
665 1385 672 1393 ·
706 1365 868 1401 Donaldi
893 1365 1055 1414 Carnusy
1073 1371 1109 1402 et
1126 1365 1302 1403 Johannis
1320 1366 1419 1402 Neill
1445 1364 1624 1401 affisorum
1651 1366 1866 1402 arbitrorum

362 1423 616 1459 arbitratorum
636 1428 672 1459 et
688 1424 935 1459 communium
954 1424 1152 1460 amicorum
1171 1424 1215 1460 de
1234 1429 1270 1460 et
1287 1424 1391 1472 super
1410 1423 1665 1459 debatabilibus
1683 1424 1787 1460 terris
1805 1438 1868 1473 per

362 1487 398 1517 et
416 1482 509 1517 inter
529 1481 781 1517 Alexandrum
803 1482 911 1518 Innes
936 1482 980 1518 de
1007 1482 1135 1518 eodem
1163 1496 1207 1518 ex
1233 1495 1307 1518 una
1333 1487 1368 1518 et
1391 1481 1595 1530 magistrum
1615 1481 1866 1518 Alexandrum

364 1539 512 1586 Symson
526 1539 698 1575 vicarium
717 1540 761 1575 de
778 1539 1004 1576 Abirkerdor
1023 1554 1068 1576 ex
1086 1540 1199 1576 altera
1213 1541 1372 1588 partibus
1384 1559 1392 1568 ·
1412 1545 1448 1576 et
1466 1540 1663 1588 specialiter
1680 1553 1746 1588 pro
1765 1541 1867 1577 terris

364 1597 407 1632 de
425 1597 458 1632 le
478 1597 617 1645 Zochry
633 1610 714 1633 cum
733 1598 810 1633 aliis
828 1598 993 1634 merehiis
1011 1603 1047 1634 et
1065 1597 1181 1634 divisis
1193 1618 1201 1626 ·
1216 1599 1400 1634 decretum
1415 1603 1451 1633 et
1472 1598 1760 1646 compromissum
1779 1599 1816 1634 in
1834 1599 1866 1635 se

364 1655 588 1690 continentes
612 1655 649 1689 in
676 1656 884 1703 pergamino
911 1656 1056 1705 scriptas
1082 1655 1194 1705 figillo
1212 1657 1401 1693 reverendi
1420 1656 1457 1691 in
1476 1655 1591 1692 Cristo
1615 1656 1725 1702 patris
1749 1662 1784 1692 et
1806 1657 1866 1693 do-

363 1712 450 1747 mini
469 1712 604 1747 domini
625 1713 774 1749 Andree
802 1715 1026 1751 miseratione
1049 1715 1171 1751 divina
1193 1715 1329 1751 dudum
1354 1714 1506 1763 episcopi
1525 1713 1760 1750 Moravienfis
1778 1713 1866 1762 figi}-

363 1769 451 1805 latas
470 1789 477 1797 -
497 1783 538 1805 ac
561 1769 659 1817 signo
684 1776 720 1806 et
743 1771 994 1820 subscriptione
1018 1773 1155 1808 domini
1173 1773 1345 1809 Willelmi
1366 1773 1488 1820 Dowy
1506 1772 1636 1808 notarii
1654 1772 1786 1821 publici
1804 1771 1866 1821 fig-

363 1833 463 1863 natas
481 1833 516 1863 et
534 1828 740 1876 subscriptas
758 1830 795 1864 in
813 1831 1022 1878 pergamino
1042 1831 1184 1879 scriptas
1201 1850 1209 1859 ·
1229 1831 1327 1866 sanas
1346 1837 1382 1867 et
1400 1831 1556 1878 integras
1572 1850 1579 1858 ·
1599 1843 1672 1865 una
1689 1843 1771 1866 cum
1789 1831 1865 1867 aliis

363 1885 587 1921 documentis
613 1886 841 1935 infrascriptis
866 1907 874 1915 ·
903 1889 1005 1924 nobis
1031 1903 1097 1937 pro
1126 1889 1296 1925 tribunali
1324 1888 1526 1925 sedentibus
1548 1888 1586 1923 in
1610 1888 1690 1923 loco
1718 1888 1864 1924 inferius

363 1941 543 1991 designato
563 1963 570 1971 ·
601 1957 664 1991 per
686 1946 926 1981 venerabilem
951 1947 1067 1982 virum
1095 1946 1301 1995 magistrum
1327 1946 1578 1982 Alexandrum
1604 1946 1752 1994 Symson
1774 1947 1864 1982 vica-

362 2002 454 2036 rium
485 2001 529 2037 de
559 2001 785 2038 Abirkerdor
814 2004 1016 2051 predictum
1045 2018 1166 2040 coram
1191 2005 1334 2041 notario
1359 2004 1502 2053 publico
1529 2010 1565 2040 et
1590 2003 1733 2040 testibus
1759 2004 1863 2040 infra·

362 2059 496 2107 scriptis
522 2059 691 2107 legendas
715 2061 996 2097 tranffumendas
1019 2063 1096 2098 fore
1121 2069 1157 2099 et
1178 2062 1362 2099 tranffumi
1388 2062 1605 2110 presentatas
1628 2074 1694 2097 nos
1717 2075 1798 2098 cum
1823 2075 1863 2098 ea

361 2130 431 2164 qua
460 2117 581 2153 decuit
611 2118 818 2153 reverencia
849 2120 1020 2155 noveritis
1051 2121 1215 2169 recepisse
1243 2127 1279 2157 et
1306 2120 1442 2169 perlegi
1470 2120 1584 2157 secifl'e
1611 2125 1774 2156 tenorem
1803 2120 1861 2167 qui

361 2175 517 2222 sequitur
543 2176 769 2212 continentes
788 2195 796 2204 ·

365 2231 542 2269 Universls
568 2233 688 2269 sancte
716 2235 838 2270 matris
864 2233 1006 2271 ecclefie
1033 2235 1113 2272 filiis
1135 2236 1179 2272 ad
1204 2249 1358 2283 quorum
1386 2236 1534 2272 noticias
1560 2236 1738 2284 presentes
1761 2235 1862 2271 litere
