1998 2820
375 776 454 812 Rex
473 775 670 811 Willelmus
689 775 888 812 Confirmat
904 779 1037 810 cartam
1058 771 1225 821 Hugonis
1239 790 1247 799 ·
1269 773 1439 807 1211-14
1453 789 1462 798 ·

287 890 338 925 11.
371 890 439 925 ·W·
459 891 515 927 dei
532 891 646 938 gratia
669 890 749 926 Rex
771 890 974 926 Scottorum
993 908 1002 917 ·
1030 888 1208 925 Omnibus
1225 887 1344 936 probis
1365 886 1569 922 hominibus
1593 885 1723 922 Totius
1743 887 1858 924 Terre

370 948 428 984 sue
440 967 448 976 ·
468 948 614 984 Clericis
631 954 667 984 et
684 948 796 983 laicis!
814 947 959 983 salutem
974 966 984 975 ·
1013 945 1133 983 Sciant
1150 945 1328 995 presentes
1349 949 1385 980 et
1405 944 1518 980 futuri
1532 963 1542 973 ·
1561 957 1618 980 me
1636 943 1833 981 conceffiss'e
1848 965 1857 973 ·

369 1010 404 1041 et
430 1005 494 1042 hac
518 1011 616 1041 carta
636 1018 714 1041 mea
737 1004 954 1041 confirmaffe
972 1024 981 1032 ·
1006 1004 1236 1040 donationem
1261 1002 1359 1038 illam
1383 1014 1490 1050 quam
1513 1001 1626 1050 Hugo
1646 1022 1655 1030 ·
1679 1002 1831 1039 fresekin
1847 1023 1856 1031 ·

365 1062 450 1098 feeit
466 1062 626 1110 magistro
641 1062 842 1101 Gilleberto
854 1081 862 1090 ·
877 1062 1141 1098 Archidiacono
1155 1061 1314 1099 morauie
1328 1079 1337 1088 ·
1357 1060 1401 1096 de
1418 1064 1496 1096 tota
1513 1064 1608 1096 terra
1626 1060 1670 1096 de
1684 1060 1834 1097 scelebol
1847 1081 1854 1089 ·

366 1120 403 1155 in
414 1120 627 1155 Sutherland
641 1138 651 1148 ·
669 1125 705 1155 et
719 1120 764 1155 de
779 1118 1046 1160 serenbeuchlin
1061 1139 1069 1148 ·
1088 1124 1125 1155 et
1143 1119 1188 1154 de
1205 1123 1283 1154 tota
1298 1124 1395 1154 terra
1413 1117 1458 1154 de
1475 1117 1693 1154 Sutherland
1707 1138 1716 1146 ·
1735 1120 1857 1156 uersus

365 1177 585 1213 occidentem
604 1196 613 1207 ·
637 1190 705 1225 que
722 1177 814 1213 iacet
830 1177 924 1213 inter
940 1177 1002 1213 has
1019 1182 1131 1213 terras
1152 1176 1420 1225 prenominatus
1438 1194 1447 1204 ·
1474 1181 1512 1212 et
1534 1176 1661 1212 diuisas
1685 1176 1730 1212 de
1750 1177 1827 1214 Ros
1846 1197 1854 1206 ·

364 1233 544 1269 Tenendis
563 1253 572 1262 ·
597 1233 657 1269 fibi
675 1239 711 1270 et
727 1234 796 1270 illis
813 1234 1000 1271 heredibus
1026 1235 1071 1270 de
1096 1233 1280 1283 parentela
1299 1233 1361 1270 sua
1378 1253 1387 1261 ·
1410 1233 1538 1282 quibus
1561 1233 1632 1282 ipse
1650 1239 1762 1270 terras
1778 1235 1856 1271 illas

363 1291 446 1327 dare
464 1297 499 1327 et
515 1292 711 1328 concedere
729 1292 884 1328 uoluerit
903 1311 911 1321 ·
935 1293 980 1329 de
996 1292 1160 1342 prediEto
1181 1291 1342 1340 Hugone
1356 1311 1365 1319 ·
1390 1290 1559 1328 Fresekin
1578 1311 1586 1319 -
1609 1296 1646 1327 et
1665 1292 1855 1328 heredibus

363 1349 428 1384 suis
447 1368 455 1376 ·
474 1349 685 1386 hereditarie
704 1369 712 1377 ·
736 1363 801 1398 per
819 1355 938 1386 nectas
954 1350 1082 1387 diuisas
1098 1350 1175 1386 suas
1194 1369 1203 1378 ·
1223 1354 1259 1386 et
1277 1363 1359 1386 cum
1378 1349 1544 1386 omnibus
1561 1348 1657 1385 iustis
1674 1350 1855 1398 pertinen-

361 1406 419 1441 tiis
435 1406 502 1442 suis
520 1426 528 1435 ·
548 1407 597 1443 ita
613 1407 723 1444 libere
741 1413 776 1444 et
793 1408 912 1456 quiete
931 1427 939 1436 ·
959 1407 1118 1457 plenarie
1138 1427 1146 1436 ·
1169 1413 1205 1444 et
1226 1406 1424 1444 honorifice
1444 1426 1453 1436 ·
1477 1406 1564 1443 ficut
1584 1412 1683 1443 carta
1700 1409 1854 1456 prediffi

365 1465 528 1512 Hugonis
547 1484 555 1492 ·
574 1464 724 1501 fresekin
744 1485 752 1493 ·
776 1464 921 1502 testatur
940 1485 949 1494 ·
970 1465 1067 1503 saluo
1085 1466 1233 1503 seruicio
1260 1479 1341 1502 meo
1361 1485 1369 1494 ·
1398 1464 1560 1501 Testibus
1579 1484 1588 1494 ο
1606 1464 1789 1502 Willelmo
1808 1467 1853 1502 de

364 1521 499 1557 Boscho
519 1541 527 1549 ·
547 1522 770 1559 Cancellario
789 1542 797 1551 ·
816 1536 896 1560 meo
916 1543 924 1552 -
944 1523 1096 1561 Oliuero
1116 1543 1124 1552 ·
1143 1529 1180 1561 et
1193 1524 1375 1560 Willelmo
1394 1542 1403 1552 ·
1422 1523 1614 1572 capellanis
1631 1524 1718 1560 meis
1737 1543 1745 1552 ·
1771 1524 1853 1560 Phi-

364 1578 459 1627 lippo
484 1579 527 1615 de
543 1579 706 1616 'Valoniis
724 1600 732 1608 -
751 1580 959 1618 camerario
977 1602 986 1610 ·
1011 1595 1092 1618 meo
1112 1602 1119 1611 ·
1140 1583 1299 1632 Hugone
1318 1602 1327 1611 ·
1350 1582 1395 1619 de
1412 1579 1525 1630 figillo
1544 1601 1553 1610 ·
1579 1581 1722 1618 Clerico
1741 1595 1821 1619 meo
1842 1602 1851 1611 ·

367 1636 475 1685 Apud
494 1638 686 1675 Seleschirk
704 1639 809 1676 ·xxix·
829 1639 885 1676 die
902 1640 1036 1689 Aprilis
1054 1660 1063 1669 ·
