1912 2660
109 1095 181 1131 294«

600 191 706 227 REG
712 191 914 229 ISTRUM
943 193 1302 230 MORAVIENSE.
1617 201 1689 240 373

210 293 258 328 Et
275 304 343 339 ego
361 290 528 326 Andreas
547 289 699 325 Scheves
719 289 981 325 Aberdonenfis
999 290 1142 326 diocesis
1159 292 1360 337 capellanus
1377 294 1505 329 artium
1531 295 1691 343 magister

207 350 301 385 sacra
330 353 366 384 et
397 346 586 395 apostolica
615 347 806 382 autoritate
834 347 993 382 notarius
1019 348 1180 395 publicus
1208 349 1289 395 quia
1314 350 1526 396 requisitioni
1552 358 1588 387 et
1613 353 1692 388 obe-

206 406 340 441 dientie
357 404 551 453 prestitioni
569 403 731 452 predicte
750 417 790 439 ac
809 405 1004 450 receptioni
1031 405 1185 452 ejusdem
1212 406 1402 452 ceterisque
1428 407 1594 454 premissis
1620 423 1692 445 om-

205 462 309 498 nibus
334 467 370 497 et
394 461 538 509 singulis
565 461 650 496 dum
681 460 725 496 fic
751 466 792 496 ut
819 462 1038 509 premittitur
1063 466 1255 509 agerentur
1281 462 1483 498 dicerentur
1509 470 1543 500 et
1568 466 1693 501 fierent

206 532 280 555 una
297 531 379 554 cum
398 519 594 567 prenotatis
619 518 762 554 testibus
788 519 929 566 presens
955 519 1184 566 personaliter
1210 519 1355 554 interfui
1381 533 1490 567 eaque
1517 523 1634 557 omnia
1660 529 1694 558 et

208 575 344 624 singula
369 575 413 612 fic
438 576 516 612 fieri
543 576 611 611 dici
633 576 706 611 vidi
729 576 811 611 scivi
830 581 865 611 et
882 577 1002 612 audivi
1020 589 1060 611 ac
1077 576 1115 611 in
1133 582 1254 611 notam
1273 577 1350 624 cepi
1368 577 1517 624 ideoque
1535 578 1602 614 hoc
1620 592 1695 626 pre-

206 633 282 669 sens
311 632 493 681 publicum
524 632 797 668 instrumentum
828 646 936 668 manu
966 646 1046 669 mea
1078 633 1222 681 propria
1251 633 1403 669 fideliter
1434 635 1597 682 scriptum
1626 636 1695 683 ipse

206 690 344 726 confeci
370 695 406 726 et
431 691 469 725 in
495 690 586 726 hanc
612 690 789 738 publicam
816 691 966 726 sormam
993 691 1115 738 redegi
1137 690 1304 738 signoque
1322 692 1467 727 nomine
1485 694 1696 740 cognomine

207 752 243 783 et
264 747 515 794 subscriptione
539 748 626 783 meis
652 748 759 783 solitis
784 753 819 783 et
842 748 1015 783 consuetis
1036 747 1168 796 signavi
1185 747 1360 796 subscripsi
1378 749 1415 783 in
1432 749 1537 784 fidem
1557 755 1591 785 et
1609 749 1697 786 testi-

209 806 370 841 monium
389 805 550 841 omnium
569 810 604 840 et
622 803 839 853 singulorum
859 806 1102 854 premissorum
1121 810 1266 853 rogatus
1284 811 1319 841 et
1336 805 1518 853 requisitus
1531 825 1539 834 ·

208 975 424 1012 obedientia
443 976 578 1012 domini
597 977 737 1013 Decani
755 990 820 1025 pro
838 977 871 1013 se
889 982 925 1013 et
942 978 1068 1013 ceteris
1086 977 1276 1013 Canonicis
1288 996 1297 1005 ·

210 1091 254 1126 In
273 1090 344 1126 Dei
362 1091 507 1126 nomine
532 1104 636 1127 amen
655 1111 663 1120 ·
692 1092 761 1127 Per
788 1092 856 1127 hoc
884 1092 1026 1140 presens
1053 1092 1233 1139 publicum
1261 1091 1532 1128 instrumentum
1560 1092 1698 1128 cumffis

208 1153 328 1194 pateat
356 1149 540 1184 evidenter
563 1150 659 1196 quod
684 1162 779 1184 anno
806 1149 1057 1184 incarnationis
1075 1149 1266 1184 Dominice
1288 1149 1466 1186 ‹oillefimo
1492 1150 1699 1197 quingente-

208 1205 292 1241 fimo
311 1205 487 1253 trigesimo
506 1206 660 1242 secundo
680 1226 688 1234 ·
713 1206 838 1242 mensis
856 1220 941 1241 vero
962 1206 1096 1254 Aprilis
1115 1207 1170 1241 die
1190 1207 1326 1242 decimo
1350 1206 1447 1241 sexto
1466 1225 1474 1234 ·
1501 1206 1697 1242 indictione

209 1263 334 1310 quinta
352 1282 360 1290 ·
387 1263 614 1310 pontificatus
632 1262 831 1299 sanctissimi
854 1265 889 1298 in
910 1263 1049 1299 Christo
1071 1264 1181 1311 patris
1205 1269 1240 1299 et
1268 1263 1402 1298 domini
1429 1263 1537 1299 nostri
1563 1264 1695 1299 domini

211 1320 405 1355 Clementis
434 1321 554 1355 divina
577 1321 717 1356 favente
741 1321 929 1356 clementia
945 1334 1034 1369 pape
1053 1321 1188 1368 septimi
1206 1333 1300 1355 aniio
1319 1321 1448 1356 octavo
1467 1339 1476 1348 ·
1495 1321 1532 1356 in
1549 1321 1618 1356 mei
1636 1334 1698 1356 no-

210 1377 288 1412 tarii
314 1377 445 1424 publici
472 1383 506 1413 et
530 1377 666 1413 testium
695 1378 965 1425 subscriptorum
989 1378 1162 1425 presentia
1188 1378 1416 1425 personaliter
1433 1378 1643 1413 venerabilis
1663 1383 1699 1413 et

210 1434 374 1481 egregius
391 1435 446 1469 vir
464 1434 625 1482 magister
645 1435 852 1470 Alexander
871 1435 1024 1470 Dunbar
1051 1435 1203 1470 decanus
1229 1435 1438 1470 cathedralis
1464 1434 1603 1470 ecclesie
1621 1437 1699 1471 <Do-

210 1490 374 1527 ravienfis
392 1505 456 1537 per
474 1493 711 1527 reverendum
730 1492 767 1527 in
786 1492 924 1528 Christo
947 1497 1083 1540 patrem
1107 1497 1142 1526 et
1165 1492 1349 1526 dominum
1367 1491 1523 1526 nostrum
1544 1491 1699 1527 Alexan-

213 1549 317 1584 drum
337 1549 559 1584 miseratione
578 1550 698 1584 divina
716 1550 914 1597 episcopum
931 1549 1188 1586 moraviensem
1203 1549 1318 1584 debite
1336 1547 1518 1595 requisitus
1533 1568 1541 1576 ·
1561 1549 1605 1583 ad
1623 1561 1699 1596 pre-

211 1606 357 1641 sentiam
385 1605 539 1653 ejusdem
558 1607 595 1641 in
614 1606 693 1641 loco
712 1606 896 1654 capitulari
920 1606 1054 1653 prefate
1073 1605 1212 1641 ecclesie
1230 1605 1439 1641 cathedralis
1458 1605 1606 1640 sedentis
1623 1618 1700 1652 per-

212 1663 377 1698 sonaliter
402 1662 538 1698 accessit
567 1669 602 1698 et
628 1664 757 1698 ibidem
786 1664 992 1698 fidelitatem
1021 1668 1055 1698 et
1084 1663 1320 1698 obedientiam
1347 1676 1411 1710 pro
1438 1663 1471 1697 se
1497 1668 1533 1697 et
1558 1663 1700 1709 reliquis

213 1720 392 1755 canonicis
411 1719 565 1767 ejusdem
584 1719 724 1756 ecclefie
744 1721 841 1756 dicto
859 1721 1056 1755 reverendo
1084 1720 1173 1768 patri
1201 1733 1242 1755 ea
1267 1733 1336 1766 qua
1361 1720 1480 1755 decuit
1503 1720 1700 1755 reverentia

212 1776 369 1825 promisit
381 1777 697 1825 juramentumque
717 1778 864 1825 desuper
882 1777 986 1812 taffis
1004 1777 1227 1812 sacrosanfitis
1244 1777 1317 1812 Dei
1335 1776 1537 1824 ewangeliis
1555 1776 1701 1824 prestitit

212 1834 390 1882 solempne
412 1834 696 1881 subsequentium
714 1835 905 1870 verborum
932 1835 1017 1869 serie
1040 1834 1097 1870 vel
1121 1834 1241 1869 saltem
1267 1832 1432 1868 similibus
1454 1833 1568 1869 verbis
1591 1834 1627 1869 in
1654 1833 1700 1868 ef-

212 1891 310 1927 fec'tu
331 1911 338 1919 ·
368 1891 447 1939 Ego
476 1892 684 1927 Alexander
711 1892 864 1927 Dunbar
890 1892 1043 1927 decanus
1071 1890 1211 1926 ecclesie
1238 1890 1448 1926 cathedralis
1474 1890 1699 1927 moraviensis

213 1961 279 1996 pro
299 1962 355 1984 me
374 1954 409 1984 et
426 1949 570 1995 reliquis
588 1949 768 1984 canonicis
786 1949 940 1997 ejusdem
959 1947 1099 1984 ecclesie
1113 1961 1175 1984 ero
1188 1948 1288 1983 vobis
1301 1948 1497 1983 reverendo
1512 1948 1548 1982 in
1563 1947 1699 1983 Christo

212 2006 304 2054 patri
329 2011 364 2041 et
386 2006 531 2041 domino
552 2006 762 2041 Alexandro
781 2006 853 2041 Dei
880 2011 916 2041 et
939 2005 1125 2053 apostolice
1143 2005 1230 2040 sedis
1253 2005 1367 2052 gratia
1390 2003 1600 2041 moraviensi
1618 2005 1700 2052 epis-

214 2076 314 2111 copo⁴
331 2068 367 2098 et
393 2062 513 2098 vestris
540 2063 787 2098 successoribus
813 2062 1090 2099 (Doravienfibus
1113 2063 1280 2111 episcopis
1303 2063 1471 2098 canonice
1489 2063 1699 2098 intrantibus

212 2120 326 2155 fidelis
344 2125 379 2156 et
397 2120 566 2155 obediens
585 2139 593 2148 ·
622 2119 666 2155 fic
684 2133 740 2155 nie
759 2120 861 2155 Deus
879 2119 1024 2168 adjuvet
1042 2125 1077 2155 et
1093 2133 1156 2168 per
1179 2120 1244 2155 hec
1270 2119 1364 2154 sacra
1388 2120 1460 2154 Dei
1478 2120 1670 2166 ewangelia
1688 2138 1696 2147 ·

215 2177 333 2219 Quam
360 2177 603 2212 obedienciam
630 2182 665 2212 et
686 2177 893 2212 fidelitatem
921 2176 964 2212 fic
988 2182 1028 2212 ut
1058 2177 1277 2223 premittitur
1302 2190 1365 2224 per
1388 2177 1561 2224 prefatum
1589 2176 1698 2210 domi-

214 2247 301 2270 num
329 2234 518 2269 Decanum
549 2234 609 2269 sub
640 2234 754 2269 forma
776 2234 971 2282 juramenti
1000 2234 1178 2281 prenotati
1205 2234 1335 2269 &fitam
1362 2234 1456 2269 idem
1483 2233 1696 2268 reverendus

214 2296 313 2339 pater
335 2296 377 2327 ut
401 2291 519 2327 decuit
543 2291 676 2340 recepit
693 2290 763 2327 fine
781 2291 957 2327 obstaculo
975 2291 1034 2327 seu
1052 2291 1304 2340 impedimento
1322 2303 1531 2338 quocunque
1550 2309 1558 2317 ·
1584 2290 1696 2337 Super
