<?xml version="1.0" encoding="UTF-8"?>
<!DOCTYPE html PUBLIC "-//W3C//DTD XHTML 1.0 Transitional//EN"
    "http://www.w3.org/TR/xhtml1/DTD/xhtml1-transitional.dtd">
<html xmlns="http://www.w3.org/1999/xhtml" xml:lang="en" lang="en">
 <head>
  <title>
</title>
<meta http-equiv="Content-Type" content="text/html;charset=utf-8" />
  <meta name='ocr-system' content='tesseract 3.04.00' />
  <meta name='ocr-capabilities' content='ocr_page ocr_carea ocr_par ocr_line ocrx_word'/>
</head>
<body>
  <div class='ocr_page' id='page_1' title='image "./registrumepisc5800morauoft_0341.png"; bbox 0 0 2060 2660; ppageno 0'>
   <div class='ocr_carea' id='block_1_1' title="bbox 534 178 1628 222">
    <p class='ocr_par' dir='ltr' id='par_1_1' title="bbox 534 178 1628 222">
     <span class='ocr_line' id='line_1_1' title="bbox 534 178 1628 222; baseline 0.007 -8"><span class='ocrx_word' id='word_1_1' title='bbox 534 178 849 215; x_wconf 89' lang='lat' dir='ltr'><strong>REGISTRUM</strong></span> <span class='ocrx_word' id='word_1_2' title='bbox 878 179 1240 218; x_wconf 88' lang='lat' dir='ltr'><strong>MORAVIENSE.</strong></span> <span class='ocrx_word' id='word_1_3' title='bbox 1557 190 1628 222; x_wconf 70' lang='lat'><strong>⁶238</strong></span> 
     </span>
    </p>
   </div>
   <div class='ocr_carea' id='block_1_2' title="bbox 127 277 1677 2326">
    <p class='ocr_par' dir='ltr' id='par_1_2' title="bbox 127 277 1677 2326">
     <span class='ocr_line' id='line_1_2' title="bbox 137 277 1629 328; baseline 0.004 -14"><span class='ocrx_word' id='word_1_4' title='bbox 137 279 245 327; x_wconf 87' lang='lat' dir='ltr'><strong>pratis</strong></span> <span class='ocrx_word' id='word_1_5' title='bbox 259 298 266 306; x_wconf 94' lang='lat'><em>-</em></span> <span class='ocrx_word' id='word_1_6' title='bbox 285 277 419 327; x_wconf 82' lang='lat' dir='ltr'>pascuis</span> <span class='ocrx_word' id='word_1_7' title='bbox 438 282 473 313; x_wconf 92' lang='lat' dir='ltr'><strong>et</strong></span> <span class='ocrx_word' id='word_1_8' title='bbox 491 277 638 326; x_wconf 88' lang='lat' dir='ltr'><strong>pasturis</strong></span> <span class='ocrx_word' id='word_1_9' title='bbox 651 296 659 305; x_wconf 92' lang='lat'><strong>·</strong></span> <span class='ocrx_word' id='word_1_10' title='bbox 679 277 822 325; x_wconf 86' lang='lat' dir='ltr'><strong>petariis</strong></span> <span class='ocrx_word' id='word_1_11' title='bbox 837 297 846 305; x_wconf 90' lang='lat'><strong>·</strong></span> <span class='ocrx_word' id='word_1_12' title='bbox 865 277 1080 313; x_wconf 84' lang='lat' dir='ltr'>carbonariis</span> <span class='ocrx_word' id='word_1_13' title='bbox 1095 298 1103 306; x_wconf 94' lang='lat'><strong>·</strong></span> <span class='ocrx_word' id='word_1_14' title='bbox 1122 279 1273 315; x_wconf 89' lang='lat' dir='ltr'><strong>bruariis</strong></span> <span class='ocrx_word' id='word_1_15' title='bbox 1287 286 1323 316; x_wconf 89' lang='lat' dir='ltr'><strong>et</strong></span> <span class='ocrx_word' id='word_1_16' title='bbox 1340 282 1487 328; x_wconf 87' lang='lat' dir='ltr'><strong>genestis</strong></span> <span class='ocrx_word' id='word_1_17' title='bbox 1500 303 1507 311; x_wconf 92' lang='lat'><strong>·</strong></span> <span class='ocrx_word' id='word_1_18' title='bbox 1527 284 1629 320; x_wconf 89' lang='lat' dir='ltr'><strong>sabri-</strong></span> 
     </span>
     <span class='ocr_line' id='line_1_3' title="bbox 136 333 1630 388; baseline 0.004 -17"><span class='ocrx_word' id='word_1_19' title='bbox 136 337 227 372; x_wconf 86' lang='lat' dir='ltr'>libus</span> <span class='ocrx_word' id='word_1_20' title='bbox 245 341 280 371; x_wconf 90' lang='lat' dir='ltr'><strong>et</strong></span> <span class='ocrx_word' id='word_1_21' title='bbox 298 334 440 371; x_wconf 88' lang='lat' dir='ltr'><strong>brafinis</strong></span> <span class='ocrx_word' id='word_1_22' title='bbox 453 354 461 363; x_wconf 93' lang='lat'><strong>·</strong></span> <span class='ocrx_word' id='word_1_23' title='bbox 476 335 542 370; x_wconf 87' lang='lat' dir='ltr'><strong>viis</strong></span> <span class='ocrx_word' id='word_1_24' title='bbox 555 355 563 363; x_wconf 92' lang='lat'><strong>·</strong></span> <span class='ocrx_word' id='word_1_25' title='bbox 578 334 708 370; x_wconf 89' lang='lat' dir='ltr'><strong>semitis</strong></span> <span class='ocrx_word' id='word_1_26' title='bbox 720 354 729 363; x_wconf 86' lang='lat'><strong>·</strong></span> <span class='ocrx_word' id='word_1_27' title='bbox 748 335 848 382; x_wconf 89' lang='lat' dir='ltr'><strong>aquis</strong></span> <span class='ocrx_word' id='word_1_28' title='bbox 860 354 868 362; x_wconf 95' lang='lat'><strong>·</strong></span> <span class='ocrx_word' id='word_1_29' title='bbox 883 333 974 370; x_wconf 86' lang='lat' dir='ltr'><strong>silvis</strong></span> <span class='ocrx_word' id='word_1_30' title='bbox 987 354 995 363; x_wconf 91' lang='lat'><strong>·</strong></span> <span class='ocrx_word' id='word_1_31' title='bbox 1011 336 1134 371; x_wconf 85' lang='lat' dir='ltr'><strong>rivulis</strong></span> <span class='ocrx_word' id='word_1_32' title='bbox 1153 342 1188 372; x_wconf 88' lang='lat' dir='ltr'><strong>et</strong></span> <span class='ocrx_word' id='word_1_33' title='bbox 1205 337 1352 373; x_wconf 87' lang='lat' dir='ltr'><strong>lacubus</strong></span> <span class='ocrx_word' id='word_1_34' title='bbox 1364 358 1371 366; x_wconf 91' lang='lat'><em>-</em></span> <span class='ocrx_word' id='word_1_35' title='bbox 1392 342 1630 388; x_wconf 85' lang='lat' dir='ltr'><strong>aucupationi-</strong></span> 
     </span>
     <span class='ocr_line' id='line_1_4' title="bbox 136 393 1630 441; baseline 0.003 -12"><span class='ocrx_word' id='word_1_36' title='bbox 136 394 201 429; x_wconf 86' lang='lat' dir='ltr'><strong>bus</strong></span> <span class='ocrx_word' id='word_1_37' title='bbox 222 399 257 429; x_wconf 92' lang='lat' dir='ltr'><strong>et</strong></span> <span class='ocrx_word' id='word_1_38' title='bbox 275 393 523 429; x_wconf 78' lang='lat' dir='ltr'>venationibus</span> <span class='ocrx_word' id='word_1_39' title='bbox 542 413 550 421; x_wconf 92' lang='lat'><strong>·</strong></span> <span class='ocrx_word' id='word_1_40' title='bbox 570 393 820 441; x_wconf 83' lang='lat' dir='ltr'><strong>piscationibus</strong></span> <span class='ocrx_word' id='word_1_41' title='bbox 835 412 843 420; x_wconf 95' lang='lat'><strong>·</strong></span> <span class='ocrx_word' id='word_1_42' title='bbox 863 405 944 427; x_wconf 89' lang='lat' dir='ltr'><strong>cum</strong></span> <span class='ocrx_word' id='word_1_43' title='bbox 964 393 1063 428; x_wconf 85' lang='lat' dir='ltr'><strong>wrak</strong></span> <span class='ocrx_word' id='word_1_44' title='bbox 1084 394 1191 429; x_wconf 85' lang='lat' dir='ltr'><strong>waith</strong></span> <span class='ocrx_word' id='word_1_45' title='bbox 1209 399 1245 429; x_wconf 93' lang='lat' dir='ltr'><strong>et</strong></span> <span class='ocrx_word' id='word_1_46' title='bbox 1263 395 1351 430; x_wconf 88' lang='lat' dir='ltr'><strong>wair</strong></span> <span class='ocrx_word' id='word_1_47' title='bbox 1370 415 1378 423; x_wconf 94' lang='lat'><strong>·</strong></span> <span class='ocrx_word' id='word_1_48' title='bbox 1398 409 1477 431; x_wconf 87' lang='lat' dir='ltr'><strong>cum</strong></span> <span class='ocrx_word' id='word_1_49' title='bbox 1496 399 1630 433; x_wconf 88' lang='lat' dir='ltr'><strong>molen·</strong></span> 
     </span>
     <span class='ocr_line' id='line_1_5' title="bbox 136 450 1630 497; baseline 0.003 -11"><span class='ocrx_word' id='word_1_50' title='bbox 136 452 227 487; x_wconf 90' lang='lat' dir='ltr'><strong>dinis</strong></span> <span class='ocrx_word' id='word_1_51' title='bbox 253 451 418 486; x_wconf 90' lang='lat' dir='ltr'><strong>multuris</strong></span> <span class='ocrx_word' id='word_1_52' title='bbox 446 456 481 486; x_wconf 92' lang='lat' dir='ltr'><strong>et</strong></span> <span class='ocrx_word' id='word_1_53' title='bbox 508 464 632 486; x_wconf 88' lang='lat' dir='ltr'><strong>eorum</strong></span> <span class='ocrx_word' id='word_1_54' title='bbox 658 450 804 497; x_wconf 91' lang='lat' dir='ltr'><strong>sequelis</strong></span> <span class='ocrx_word' id='word_1_55' title='bbox 823 470 831 478; x_wconf 94' lang='lat'><strong>·</strong></span> <span class='ocrx_word' id='word_1_56' title='bbox 851 463 930 485; x_wconf 89' lang='lat' dir='ltr'><strong>cum</strong></span> <span class='ocrx_word' id='word_1_57' title='bbox 952 451 1058 485; x_wconf 84' lang='lat' dir='ltr'><strong>curiis</strong></span> <span class='ocrx_word' id='word_1_58' title='bbox 1077 456 1112 487; x_wconf 90' lang='lat' dir='ltr'><strong>et</strong></span> <span class='ocrx_word' id='word_1_59' title='bbox 1130 464 1253 487; x_wconf 89' lang='lat' dir='ltr'><strong>earum</strong></span> <span class='ocrx_word' id='word_1_60' title='bbox 1272 452 1425 488; x_wconf 87' lang='lat' dir='ltr'><strong>exitibus</strong></span> <span class='ocrx_word' id='word_1_61' title='bbox 1443 473 1451 481; x_wconf 91' lang='lat'><strong>·</strong></span> <span class='ocrx_word' id='word_1_62' title='bbox 1478 455 1630 490; x_wconf 89' lang='lat' dir='ltr'><strong>herezel-</strong></span> 
     </span>
     <span class='ocr_line' id='line_1_6' title="bbox 136 508 1630 557; baseline 0.002 -13"><span class='ocrx_word' id='word_1_63' title='bbox 136 509 188 544; x_wconf 88' lang='lat' dir='ltr'><strong>dis</strong></span> <span class='ocrx_word' id='word_1_64' title='bbox 207 528 215 537; x_wconf 91' lang='lat'><strong>·</strong></span> <span class='ocrx_word' id='word_1_65' title='bbox 242 509 449 544; x_wconf 88' lang='lat' dir='ltr'><strong>bludwettis</strong></span> <span class='ocrx_word' id='word_1_66' title='bbox 473 514 509 544; x_wconf 90' lang='lat' dir='ltr'><strong>et</strong></span> <span class='ocrx_word' id='word_1_67' title='bbox 534 508 726 544; x_wconf 84' lang='lat' dir='ltr'><strong>mulierum</strong></span> <span class='ocrx_word' id='word_1_68' title='bbox 752 508 940 543; x_wconf 87' lang='lat' dir='ltr'><strong>merchetis</strong></span> <span class='ocrx_word' id='word_1_69' title='bbox 956 527 964 535; x_wconf 95' lang='lat'><strong>·</strong></span> <span class='ocrx_word' id='word_1_70' title='bbox 989 521 1071 544; x_wconf 89' lang='lat' dir='ltr'><strong>cum</strong></span> <span class='ocrx_word' id='word_1_71' title='bbox 1096 509 1278 544; x_wconf 91' lang='lat' dir='ltr'><strong>communi</strong></span> <span class='ocrx_word' id='word_1_72' title='bbox 1304 509 1441 557; x_wconf 86' lang='lat' dir='ltr'><strong>pastura</strong></span> <span class='ocrx_word' id='word_1_73' title='bbox 1463 517 1499 546; x_wconf 92' lang='lat' dir='ltr'><strong>et</strong></span> <span class='ocrx_word' id='word_1_74' title='bbox 1519 511 1630 547; x_wconf 89' lang='lat' dir='ltr'><strong>libero</strong></span> 
     </span>
     <span class='ocr_line' id='line_1_7' title="bbox 136 564 1630 614; baseline 0.002 -13"><span class='ocrx_word' id='word_1_75' title='bbox 136 566 285 601; x_wconf 91' lang='lat' dir='ltr'><strong>introitu</strong></span> <span class='ocrx_word' id='word_1_76' title='bbox 313 572 349 601; x_wconf 91' lang='lat' dir='ltr'><strong>et</strong></span> <span class='ocrx_word' id='word_1_77' title='bbox 373 566 471 601; x_wconf 87' lang='lat' dir='ltr'><strong>exitu</strong></span> <span class='ocrx_word' id='word_1_78' title='bbox 498 579 538 601; x_wconf 89' lang='lat' dir='ltr'><strong>ac</strong></span> <span class='ocrx_word' id='word_1_79' title='bbox 565 579 646 601; x_wconf 90' lang='lat' dir='ltr'><strong>cum</strong></span> <span class='ocrx_word' id='word_1_80' title='bbox 674 566 838 600; x_wconf 89' lang='lat' dir='ltr'><strong>omnibus</strong></span> <span class='ocrx_word' id='word_1_81' title='bbox 864 565 940 600; x_wconf 88' lang='lat' dir='ltr'><strong>aliis</strong></span> <span class='ocrx_word' id='word_1_82' title='bbox 963 571 998 601; x_wconf 93' lang='lat' dir='ltr'><strong>et</strong></span> <span class='ocrx_word' id='word_1_83' title='bbox 1024 564 1167 614; x_wconf 85' lang='lat' dir='ltr'><strong>singulis</strong></span> <span class='ocrx_word' id='word_1_84' title='bbox 1193 568 1503 603; x_wconf 82' lang='lat' dir='ltr'><strong>commoditatibus</strong></span> <span class='ocrx_word' id='word_1_85' title='bbox 1529 568 1630 604; x_wconf 89' lang='lat' dir='ltr'><strong>liber-</strong></span> 
     </span>
     <span class='ocr_line' id='line_1_8' title="bbox 135 622 1631 672; baseline 0.002 -14"><span class='ocrx_word' id='word_1_86' title='bbox 135 623 264 659; x_wconf 85' lang='lat' dir='ltr'><strong>tatibus</strong></span> <span class='ocrx_word' id='word_1_87' title='bbox 283 629 318 659; x_wconf 91' lang='lat' dir='ltr'><strong>et</strong></span> <span class='ocrx_word' id='word_1_88' title='bbox 335 622 556 672; x_wconf 88' lang='lat' dir='ltr'><strong>aysiamentis</strong></span> <span class='ocrx_word' id='word_1_89' title='bbox 574 637 614 658; x_wconf 84' lang='lat' dir='ltr'><strong>ac</strong></span> <span class='ocrx_word' id='word_1_90' title='bbox 627 622 727 671; x_wconf 88' lang='lat' dir='ltr'><strong>justis</strong></span> <span class='ocrx_word' id='word_1_91' title='bbox 747 623 814 657; x_wconf 90' lang='lat' dir='ltr'><strong>suis</strong></span> <span class='ocrx_word' id='word_1_92' title='bbox 832 623 1054 671; x_wconf 90' lang='lat' dir='ltr'><strong>pertinentiis</strong></span> <span class='ocrx_word' id='word_1_93' title='bbox 1078 623 1343 672; x_wconf 80' lang='lat' dir='ltr'><strong>quibuscunque</strong></span> <span class='ocrx_word' id='word_1_94' title='bbox 1369 631 1440 660; x_wconf 87' lang='lat' dir='ltr'><strong>tam</strong></span> <span class='ocrx_word' id='word_1_95' title='bbox 1469 639 1543 661; x_wconf 92' lang='lat' dir='ltr'><strong>non</strong></span> <span class='ocrx_word' id='word_1_96' title='bbox 1570 639 1631 661; x_wconf 90' lang='lat' dir='ltr'><strong>no-</strong></span> 
     </span>
     <span class='ocr_line' id='line_1_9' title="bbox 136 680 1631 732; baseline 0.002 -16"><span class='ocrx_word' id='word_1_97' title='bbox 136 682 276 716; x_wconf 89' lang='lat' dir='ltr'><strong>minatis</strong></span> <span class='ocrx_word' id='word_1_98' title='bbox 301 694 407 728; x_wconf 87' lang='lat' dir='ltr'><strong>quam</strong></span> <span class='ocrx_word' id='word_1_99' title='bbox 426 681 618 716; x_wconf 87' lang='lat' dir='ltr'><strong>nominatis</strong></span> <span class='ocrx_word' id='word_1_100' title='bbox 636 686 708 716; x_wconf 90' lang='lat' dir='ltr'><strong>tam</strong></span> <span class='ocrx_word' id='word_1_101' title='bbox 728 680 848 715; x_wconf 87' lang='lat' dir='ltr'><strong>subtus</strong></span> <span class='ocrx_word' id='word_1_102' title='bbox 870 686 1003 716; x_wconf 83' lang='lat' dir='ltr'><strong>terram</strong></span> <span class='ocrx_word' id='word_1_103' title='bbox 1027 694 1131 728; x_wconf 89' lang='lat' dir='ltr'><strong>quam</strong></span> <span class='ocrx_word' id='word_1_104' title='bbox 1156 681 1260 729; x_wconf 90' lang='lat' dir='ltr'><strong>supra</strong></span> <span class='ocrx_word' id='word_1_105' title='bbox 1283 688 1412 717; x_wconf 90' lang='lat' dir='ltr'><strong>terram</strong></span> <span class='ocrx_word' id='word_1_106' title='bbox 1431 688 1503 718; x_wconf 92' lang='lat' dir='ltr'><strong>tam</strong></span> <span class='ocrx_word' id='word_1_107' title='bbox 1522 697 1631 732; x_wconf 87' lang='lat' dir='ltr'>prope</span> 
     </span>
     <span class='ocr_line' id='line_1_10' title="bbox 135 738 1631 789; baseline 0.002 -15"><span class='ocrx_word' id='word_1_108' title='bbox 135 752 240 786; x_wconf 87' lang='lat' dir='ltr'><strong>quam</strong></span> <span class='ocrx_word' id='word_1_109' title='bbox 267 739 393 786; x_wconf 86' lang='lat' dir='ltr'><strong>procul</strong></span> <span class='ocrx_word' id='word_1_110' title='bbox 417 739 462 774; x_wconf 89' lang='lat' dir='ltr'><strong>ad</strong></span> <span class='ocrx_word' id='word_1_111' title='bbox 490 739 603 774; x_wconf 67' lang='lat' dir='ltr'><strong>dictas</strong></span> <span class='ocrx_word' id='word_1_112' title='bbox 628 744 741 774; x_wconf 91' lang='lat' dir='ltr'><strong>terras</strong></span> <span class='ocrx_word' id='word_1_113' title='bbox 763 751 843 773; x_wconf 92' lang='lat' dir='ltr'><strong>cum</strong></span> <span class='ocrx_word' id='word_1_114' title='bbox 863 738 1087 784; x_wconf 84' lang='lat' dir='ltr'><strong>pertinentiis</strong></span> <span class='ocrx_word' id='word_1_115' title='bbox 1105 739 1343 787; x_wconf 62' lang='lat' dir='ltr'><strong>spefimntibus</strong></span> <span class='ocrx_word' id='word_1_116' title='bbox 1361 740 1419 775; x_wconf 91' lang='lat' dir='ltr'><strong>seu</strong></span> <span class='ocrx_word' id='word_1_117' title='bbox 1431 740 1522 788; x_wconf 88' lang='lat' dir='ltr'><strong>juste</strong></span> <span class='ocrx_word' id='word_1_118' title='bbox 1541 741 1631 789; x_wconf 88' lang='lat' dir='ltr'><strong>spec-</strong></span> 
     </span>
     <span class='ocr_line' id='line_1_11' title="bbox 134 796 1631 846; baseline 0.002 -15"><span class='ocrx_word' id='word_1_119' title='bbox 134 802 209 831; x_wconf 89' lang='lat' dir='ltr'><strong>tare</strong></span> <span class='ocrx_word' id='word_1_120' title='bbox 228 796 427 832; x_wconf 88' lang='lat' dir='ltr'><strong>valentibus</strong></span> <span class='ocrx_word' id='word_1_121' title='bbox 445 796 715 843; x_wconf 87' lang='lat' dir='ltr'><strong>quomodolibet</strong></span> <span class='ocrx_word' id='word_1_122' title='bbox 732 796 770 830; x_wconf 90' lang='lat' dir='ltr'><strong>in</strong></span> <span class='ocrx_word' id='word_1_123' title='bbox 788 796 950 831; x_wconf 85' lang='lat' dir='ltr'><strong>futurum</strong></span> <span class='ocrx_word' id='word_1_124' title='bbox 970 796 1079 831; x_wconf 89' lang='lat' dir='ltr'><strong>libere</strong></span> <span class='ocrx_word' id='word_1_125' title='bbox 1098 815 1106 823; x_wconf 89' lang='lat'><strong>·</strong></span> <span class='ocrx_word' id='word_1_126' title='bbox 1126 796 1244 843; x_wconf 91' lang='lat' dir='ltr'><strong>quiete</strong></span> <span class='ocrx_word' id='word_1_127' title='bbox 1263 824 1271 832; x_wconf 86' lang='lat'><em>.</em></span> <span class='ocrx_word' id='word_1_128' title='bbox 1291 797 1448 845; x_wconf 84' lang='lat' dir='ltr'><strong>plenarie</strong></span> <span class='ocrx_word' id='word_1_129' title='bbox 1467 817 1475 825; x_wconf 91' lang='lat'><strong>·</strong></span> <span class='ocrx_word' id='word_1_130' title='bbox 1495 798 1631 846; x_wconf 84' lang='lat' dir='ltr'><strong>integre</strong></span> 
     </span>
     <span class='ocr_line' id='line_1_12' title="bbox 134 853 1632 902; baseline 0.002 -13"><span class='ocrx_word' id='word_1_131' title='bbox 134 854 330 889; x_wconf 87' lang='lat' dir='ltr'><strong>honorifice</strong></span> <span class='ocrx_word' id='word_1_132' title='bbox 350 873 358 881; x_wconf 89' lang='lat'><strong>·</strong></span> <span class='ocrx_word' id='word_1_133' title='bbox 386 854 477 889; x_wconf 90' lang='lat' dir='ltr'><strong>bene</strong></span> <span class='ocrx_word' id='word_1_134' title='bbox 496 859 532 889; x_wconf 88' lang='lat' dir='ltr'><strong>et</strong></span> <span class='ocrx_word' id='word_1_135' title='bbox 551 854 586 888; x_wconf 93' lang='lat' dir='ltr'><strong>in</strong></span> <span class='ocrx_word' id='word_1_136' title='bbox 605 867 690 902; x_wconf 88' lang='lat' dir='ltr'><strong>pace</strong></span> <span class='ocrx_word' id='word_1_137' title='bbox 710 873 718 881; x_wconf 94' lang='lat'><strong>·</strong></span> <span class='ocrx_word' id='word_1_138' title='bbox 754 854 956 889; x_wconf 90' lang='lat' dir='ltr'><strong>Reddendo</strong></span> <span class='ocrx_word' id='word_1_139' title='bbox 974 853 1057 889; x_wconf 90' lang='lat' dir='ltr'><strong>inde</strong></span> <span class='ocrx_word' id='word_1_140' title='bbox 1075 854 1258 889; x_wconf 78' lang='lat' dir='ltr'><strong>annuatim</strong></span> <span class='ocrx_word' id='word_1_141' title='bbox 1277 855 1433 902; x_wconf 91' lang='lat' dir='ltr'><strong>prefatus</strong></span> <span class='ocrx_word' id='word_1_142' title='bbox 1450 855 1632 892; x_wconf 83' lang='lat' dir='ltr'><strong>Johannes</strong></span> 
     </span>
     <span class='ocr_line' id='line_1_13' title="bbox 135 911 1632 960; baseline 0.002 -14"><span class='ocrx_word' id='word_1_143' title='bbox 135 917 170 947; x_wconf 90' lang='lat' dir='ltr'><strong>et</strong></span> <span class='ocrx_word' id='word_1_144' title='bbox 188 912 336 946; x_wconf 86' lang='lat' dir='ltr'><strong>heredes</strong></span> <span class='ocrx_word' id='word_1_145' title='bbox 352 911 402 946; x_wconf 91' lang='lat' dir='ltr'><strong>sui</strong></span> <span class='ocrx_word' id='word_1_146' title='bbox 417 912 520 946; x_wconf 89' lang='lat' dir='ltr'><strong>nobis</strong></span> <span class='ocrx_word' id='word_1_147' title='bbox 534 918 570 947; x_wconf 92' lang='lat' dir='ltr'><strong>et</strong></span> <span class='ocrx_word' id='word_1_148' title='bbox 584 911 832 947; x_wconf 82' lang='lat' dir='ltr'><strong>successoribus</strong></span> <span class='ocrx_word' id='word_1_149' title='bbox 846 911 972 946; x_wconf 89' lang='lat' dir='ltr'><strong>nostris</strong></span> <span class='ocrx_word' id='word_1_150' title='bbox 987 911 1155 959; x_wconf 90' lang='lat' dir='ltr'><strong>episcopis</strong></span> <span class='ocrx_word' id='word_1_151' title='bbox 1168 912 1228 959; x_wconf 91' lang='lat' dir='ltr'><strong>qui</strong></span> <span class='ocrx_word' id='word_1_152' title='bbox 1242 925 1307 960; x_wconf 91' lang='lat' dir='ltr'><strong>pro</strong></span> <span class='ocrx_word' id='word_1_153' title='bbox 1322 918 1482 960; x_wconf 89' lang='lat' dir='ltr'><strong>tempore</strong></span> <span class='ocrx_word' id='word_1_154' title='bbox 1500 914 1632 949; x_wconf 87' lang='lat' dir='ltr'><strong>fuerint</strong></span> 
     </span>
     <span class='ocr_line' id='line_1_14' title="bbox 135 969 1632 1018; baseline 0.001 -14"><span class='ocrx_word' id='word_1_155' title='bbox 135 975 197 1004; x_wconf 89' lang='lat' dir='ltr'><strong>aut</strong></span> <span class='ocrx_word' id='word_1_156' title='bbox 225 969 329 1004; x_wconf 65' lang='lat' dir='ltr'><strong>dictis</strong></span> <span class='ocrx_word' id='word_1_157' title='bbox 356 969 546 1016; x_wconf 90' lang='lat' dir='ltr'><strong>capellanis</strong></span> <span class='ocrx_word' id='word_1_158' title='bbox 575 975 610 1004; x_wconf 89' lang='lat' dir='ltr'><strong>et</strong></span> <span class='ocrx_word' id='word_1_159' title='bbox 639 982 763 1004; x_wconf 91' lang='lat' dir='ltr'><strong>eorum</strong></span> <span class='ocrx_word' id='word_1_160' title='bbox 793 969 1041 1004; x_wconf 85' lang='lat' dir='ltr'><strong>succefforibus</strong></span> <span class='ocrx_word' id='word_1_161' title='bbox 1067 969 1125 1004; x_wconf 89' lang='lat' dir='ltr'><strong>seu</strong></span> <span class='ocrx_word' id='word_1_162' title='bbox 1148 970 1437 1016; x_wconf 82' lang='lat' dir='ltr'><strong>procuratoribus</strong></span> <span class='ocrx_word' id='word_1_163' title='bbox 1467 971 1632 1018; x_wconf 82' lang='lat' dir='ltr'><strong>legitimis</strong></span> 
     </span>
     <span class='ocr_line' id='line_1_15' title="bbox 136 1026 1632 1075; baseline 0.002 -14"><span class='ocrx_word' id='word_1_164' title='bbox 136 1026 332 1062; x_wconf 90' lang='lat' dir='ltr'><strong>eorundem</strong></span> <span class='ocrx_word' id='word_1_165' title='bbox 361 1026 483 1062; x_wconf 82' lang='lat' dir='ltr'><strong>decern</strong></span> <span class='ocrx_word' id='word_1_166' title='bbox 506 1032 541 1061; x_wconf 93' lang='lat' dir='ltr'><strong>et</strong></span> <span class='ocrx_word' id='word_1_167' title='bbox 566 1032 720 1073; x_wconf 87' lang='lat' dir='ltr'><strong>quatuor</strong></span> <span class='ocrx_word' id='word_1_168' title='bbox 742 1039 877 1061; x_wconf 88' lang='lat' dir='ltr'><strong>marcas</strong></span> <span class='ocrx_word' id='word_1_169' title='bbox 903 1026 1042 1074; x_wconf 85' lang='lat' dir='ltr'><strong>argenti</strong></span> <span class='ocrx_word' id='word_1_170' title='bbox 1068 1026 1197 1061; x_wconf 85' lang='lat' dir='ltr'><strong>usualis</strong></span> <span class='ocrx_word' id='word_1_171' title='bbox 1223 1034 1367 1063; x_wconf 92' lang='lat' dir='ltr'><strong>monete</strong></span> <span class='ocrx_word' id='word_1_172' title='bbox 1390 1029 1490 1075; x_wconf 88' lang='lat' dir='ltr'><strong>regni</strong></span> <span class='ocrx_word' id='word_1_173' title='bbox 1515 1029 1632 1065; x_wconf 89' lang='lat' dir='ltr'><strong>Scotie</strong></span> 
     </span>
     <span class='ocr_line' id='line_1_16' title="bbox 136 1082 1629 1132; baseline 0.003 -14"><span class='ocrx_word' id='word_1_174' title='bbox 136 1084 181 1119; x_wconf 87' lang='lat' dir='ltr'><strong>ad</strong></span> <span class='ocrx_word' id='word_1_175' title='bbox 200 1084 289 1119; x_wconf 90' lang='lat' dir='ltr'><strong>duos</strong></span> <span class='ocrx_word' id='word_1_176' title='bbox 303 1084 387 1119; x_wconf 90' lang='lat' dir='ltr'><strong>anni</strong></span> <span class='ocrx_word' id='word_1_177' title='bbox 405 1084 576 1119; x_wconf 90' lang='lat' dir='ltr'><strong>terminos</strong></span> <span class='ocrx_word' id='word_1_178' title='bbox 591 1097 654 1131; x_wconf 88' lang='lat' dir='ltr'><strong>per</strong></span> <span class='ocrx_word' id='word_1_179' title='bbox 668 1084 809 1131; x_wconf 85' lang='lat' dir='ltr'><strong>equales</strong></span> <span class='ocrx_word' id='word_1_180' title='bbox 828 1084 1010 1132; x_wconf 89' lang='lat' dir='ltr'><strong>portiones</strong></span> <span class='ocrx_word' id='word_1_181' title='bbox 1029 1084 1065 1118; x_wconf 88' lang='lat' dir='ltr'><strong>in</strong></span> <span class='ocrx_word' id='word_1_182' title='bbox 1084 1082 1226 1129; x_wconf 84' lang='lat' dir='ltr'><strong>ecclesia</strong></span> <span class='ocrx_word' id='word_1_183' title='bbox 1244 1085 1437 1120; x_wconf 87' lang='lat' dir='ltr'><strong>cathedrali</strong></span> <span class='ocrx_word' id='word_1_184' title='bbox 1454 1085 1609 1122; x_wconf 87' lang='lat' dir='ltr'><strong>Roffenfi</strong></span> <span class='ocrx_word' id='word_1_185' title='bbox 1622 1106 1629 1114; x_wconf 94' lang='lat'><strong>·</strong></span> 
     </span>
     <span class='ocr_line' id='line_1_17' title="bbox 136 1141 1632 1189; baseline 0.002 -13"><span class='ocrx_word' id='word_1_186' title='bbox 136 1142 301 1176; x_wconf 83' lang='lat' dir='ltr'><strong>videlicet</strong></span> <span class='ocrx_word' id='word_1_187' title='bbox 321 1141 452 1189; x_wconf 88' lang='lat' dir='ltr'><strong>septem</strong></span> <span class='ocrx_word' id='word_1_188' title='bbox 479 1155 613 1176; x_wconf 88' lang='lat' dir='ltr'><strong>marcas</strong></span> <span class='ocrx_word' id='word_1_189' title='bbox 638 1142 681 1176; x_wconf 91' lang='lat' dir='ltr'><strong>ad</strong></span> <span class='ocrx_word' id='word_1_190' title='bbox 706 1141 829 1176; x_wconf 88' lang='lat' dir='ltr'><strong>festum</strong></span> <span class='ocrx_word' id='word_1_191' title='bbox 855 1141 1076 1176; x_wconf 89' lang='lat' dir='ltr'><strong>Pentecostes</strong></span> <span class='ocrx_word' id='word_1_192' title='bbox 1101 1147 1136 1176; x_wconf 91' lang='lat' dir='ltr'><strong>et</strong></span> <span class='ocrx_word' id='word_1_193' title='bbox 1163 1141 1314 1188; x_wconf 88' lang='lat' dir='ltr'><strong>reliquas</strong></span> <span class='ocrx_word' id='word_1_194' title='bbox 1341 1143 1471 1189; x_wconf 88' lang='lat' dir='ltr'><strong>septem</strong></span> <span class='ocrx_word' id='word_1_195' title='bbox 1499 1157 1632 1180; x_wconf 89' lang='lat' dir='ltr'><strong>marcas</strong></span> 
     </span>
     <span class='ocr_line' id='line_1_18' title="bbox 135 1197 1632 1248; baseline 0.002 -14"><span class='ocrx_word' id='word_1_196' title='bbox 135 1199 181 1234; x_wconf 89' lang='lat' dir='ltr'><strong>ad</strong></span> <span class='ocrx_word' id='word_1_197' title='bbox 207 1199 329 1234; x_wconf 87' lang='lat' dir='ltr'><strong>festum</strong></span> <span class='ocrx_word' id='word_1_198' title='bbox 364 1199 485 1234; x_wconf 61' lang='lat' dir='ltr'><strong>Sanfifi</strong></span> <span class='ocrx_word' id='word_1_199' title='bbox 517 1199 663 1235; x_wconf 70' lang='lat' dir='ltr'><strong>martini</strong></span> <span class='ocrx_word' id='word_1_200' title='bbox 696 1200 732 1233; x_wconf 93' lang='lat' dir='ltr'><strong>in</strong></span> <span class='ocrx_word' id='word_1_201' title='bbox 763 1212 864 1245; x_wconf 86' lang='lat' dir='ltr'><strong>yeme</strong></span> <span class='ocrx_word' id='word_1_202' title='bbox 884 1218 892 1226; x_wconf 92' lang='lat'><strong>·</strong></span> <span class='ocrx_word' id='word_1_203' title='bbox 929 1198 1107 1234; x_wconf 86' lang='lat' dir='ltr'><strong>Faciendo</strong></span> <span class='ocrx_word' id='word_1_204' title='bbox 1134 1197 1277 1246; x_wconf 82' lang='lat' dir='ltr'><strong>singulis</strong></span> <span class='ocrx_word' id='word_1_205' title='bbox 1304 1201 1406 1235; x_wconf 90' lang='lat' dir='ltr'><strong>annis</strong></span> <span class='ocrx_word' id='word_1_206' title='bbox 1430 1213 1493 1248; x_wconf 92' lang='lat' dir='ltr'><strong>per</strong></span> <span class='ocrx_word' id='word_1_207' title='bbox 1518 1201 1551 1236; x_wconf 92' lang='lat' dir='ltr'><strong>se</strong></span> <span class='ocrx_word' id='word_1_208' title='bbox 1574 1201 1632 1237; x_wconf 87' lang='lat' dir='ltr'><strong>vel</strong></span> 
     </span>
     <span class='ocr_line' id='line_1_19' title="bbox 135 1255 1630 1306; baseline 0.002 -15"><span class='ocrx_word' id='word_1_209' title='bbox 135 1257 362 1292; x_wconf 60' lang='lat' dir='ltr'><strong>actornatum</strong></span> <span class='ocrx_word' id='word_1_210' title='bbox 387 1257 567 1305; x_wconf 86' lang='lat' dir='ltr'><strong>ydoneum</strong></span> <span class='ocrx_word' id='word_1_211' title='bbox 595 1269 704 1291; x_wconf 88' lang='lat' dir='ltr'><strong>unam</strong></span> <span class='ocrx_word' id='word_1_212' title='bbox 731 1256 860 1291; x_wconf 70' lang='lat' dir='ltr'><strong>se&amp;am</strong></span> <span class='ocrx_word' id='word_1_213' title='bbox 888 1256 924 1290; x_wconf 94' lang='lat' dir='ltr'><strong>in</strong></span> <span class='ocrx_word' id='word_1_214' title='bbox 952 1256 1051 1291; x_wconf 89' lang='lat' dir='ltr'><strong>curia</strong></span> <span class='ocrx_word' id='word_1_215' title='bbox 1068 1255 1186 1291; x_wconf 88' lang='lat' dir='ltr'><strong>nostra</strong></span> <span class='ocrx_word' id='word_1_216' title='bbox 1203 1257 1342 1304; x_wconf 91' lang='lat' dir='ltr'><strong>capitali</strong></span> <span class='ocrx_word' id='word_1_217' title='bbox 1361 1258 1516 1293; x_wconf 89' lang='lat' dir='ltr'><strong>tenenda</strong></span> <span class='ocrx_word' id='word_1_218' title='bbox 1537 1259 1630 1306; x_wconf 91' lang='lat' dir='ltr'><strong>apud</strong></span> 
     </span>
     <span class='ocr_line' id='line_1_20' title="bbox 137 1313 1631 1362; baseline 0.001 -13"><span class='ocrx_word' id='word_1_219' title='bbox 137 1314 254 1362; x_wconf 81' lang='lat' dir='ltr'><strong>Elgyn</strong></span> <span class='ocrx_word' id='word_1_220' title='bbox 273 1314 348 1362; x_wconf 87' lang='lat' dir='ltr'><strong>post</strong></span> <span class='ocrx_word' id='word_1_221' title='bbox 368 1314 496 1349; x_wconf 80' lang='lat' dir='ltr'><strong>Pascha</strong></span> <span class='ocrx_word' id='word_1_222' title='bbox 514 1319 653 1348; x_wconf 90' lang='lat' dir='ltr'><strong>tantum</strong></span> <span class='ocrx_word' id='word_1_223' title='bbox 673 1327 738 1362; x_wconf 90' lang='lat' dir='ltr'><strong>pro</strong></span> <span class='ocrx_word' id='word_1_224' title='bbox 757 1315 855 1348; x_wconf 91' lang='lat' dir='ltr'><strong>omni</strong></span> <span class='ocrx_word' id='word_1_225' title='bbox 881 1313 952 1348; x_wconf 88' lang='lat' dir='ltr'><strong>alio</strong></span> <span class='ocrx_word' id='word_1_226' title='bbox 979 1326 1088 1348; x_wconf 89' lang='lat' dir='ltr'><strong>onere</strong></span> <span class='ocrx_word' id='word_1_227' title='bbox 1112 1313 1251 1348; x_wconf 90' lang='lat' dir='ltr'><strong>servitio</strong></span> <span class='ocrx_word' id='word_1_228' title='bbox 1276 1314 1421 1349; x_wconf 88' lang='lat' dir='ltr'><strong>seculari</strong></span> <span class='ocrx_word' id='word_1_229' title='bbox 1445 1316 1631 1351; x_wconf 61' lang='lat' dir='ltr'><strong>exafifione</strong></span> 
     </span>
     <span class='ocr_line' id='line_1_21' title="bbox 135 1371 1630 1420; baseline 0.001 -14"><span class='ocrx_word' id='word_1_230' title='bbox 135 1372 193 1407; x_wconf 90' lang='lat' dir='ltr'><strong>seu</strong></span> <span class='ocrx_word' id='word_1_231' title='bbox 209 1372 384 1406; x_wconf 85' lang='lat' dir='ltr'><strong>demanda</strong></span> <span class='ocrx_word' id='word_1_232' title='bbox 398 1385 467 1418; x_wconf 88' lang='lat' dir='ltr'><strong>que</strong></span> <span class='ocrx_word' id='word_1_233' title='bbox 486 1372 529 1406; x_wconf 92' lang='lat' dir='ltr'><strong>de</strong></span> <span class='ocrx_word' id='word_1_234' title='bbox 549 1372 653 1406; x_wconf 68' lang='lat' dir='ltr'><strong>dictis</strong></span> <span class='ocrx_word' id='word_1_235' title='bbox 668 1372 771 1406; x_wconf 88' lang='lat' dir='ltr'><strong>terris</strong></span> <span class='ocrx_word' id='word_1_236' title='bbox 785 1384 865 1406; x_wconf 91' lang='lat' dir='ltr'><strong>cum</strong></span> <span class='ocrx_word' id='word_1_237' title='bbox 882 1371 1104 1418; x_wconf 89' lang='lat' dir='ltr'><strong>pertinentiis</strong></span> <span class='ocrx_word' id='word_1_238' title='bbox 1118 1371 1210 1418; x_wconf 85' lang='lat' dir='ltr'><strong>exigi</strong></span> <span class='ocrx_word' id='word_1_239' title='bbox 1226 1377 1396 1416; x_wconf 90' lang='lat' dir='ltr'><strong>poterunt</strong></span> <span class='ocrx_word' id='word_1_240' title='bbox 1407 1372 1461 1407; x_wconf 87' lang='lat' dir='ltr'><strong>vel</strong></span> <span class='ocrx_word' id='word_1_241' title='bbox 1478 1373 1609 1420; x_wconf 88' lang='lat' dir='ltr'><strong>requiri</strong></span> <span class='ocrx_word' id='word_1_242' title='bbox 1622 1393 1630 1400; x_wconf 95' lang='lat'><strong>·</strong></span> 
     </span>
     <span class='ocr_line' id='line_1_22' title="bbox 138 1427 1631 1476; baseline 0.001 -12"><span class='ocrx_word' id='word_1_243' title='bbox 138 1430 184 1464; x_wconf 84' lang='lat' dir='ltr'><strong>Et</strong></span> <span class='ocrx_word' id='word_1_244' title='bbox 202 1442 267 1464; x_wconf 84' lang='lat' dir='ltr'><strong>nos</strong></span> <span class='ocrx_word' id='word_1_245' title='bbox 286 1442 371 1464; x_wconf 87' lang='lat' dir='ltr'><strong>vero</strong></span> <span class='ocrx_word' id='word_1_246' title='bbox 391 1429 546 1476; x_wconf 85' lang='lat' dir='ltr'><strong>prefatus</strong></span> <span class='ocrx_word' id='word_1_247' title='bbox 566 1429 767 1464; x_wconf 90' lang='lat' dir='ltr'><strong>Willelmus</strong></span> <span class='ocrx_word' id='word_1_248' title='bbox 786 1434 822 1464; x_wconf 91' lang='lat' dir='ltr'><strong>et</strong></span> <span class='ocrx_word' id='word_1_249' title='bbox 844 1428 1049 1463; x_wconf 80' lang='lat' dir='ltr'><strong>successores</strong></span> <span class='ocrx_word' id='word_1_250' title='bbox 1075 1427 1182 1463; x_wconf 89' lang='lat' dir='ltr'><strong>nostri</strong></span> <span class='ocrx_word' id='word_1_251' title='bbox 1206 1428 1357 1476; x_wconf 87' lang='lat' dir='ltr'><strong>episcopi</strong></span> <span class='ocrx_word' id='word_1_252' title='bbox 1385 1429 1496 1464; x_wconf 69' lang='lat' dir='ltr'><strong>dictas</strong></span> <span class='ocrx_word' id='word_1_253' title='bbox 1520 1436 1631 1466; x_wconf 81' lang='lat' dir='ltr'><strong>terras</strong></span> 
     </span>
     <span class='ocr_line' id='line_1_23' title="bbox 135 1486 1629 1534; baseline 0.001 -13"><span class='ocrx_word' id='word_1_254' title='bbox 135 1500 217 1521; x_wconf 88' lang='lat' dir='ltr'><strong>cum</strong></span> <span class='ocrx_word' id='word_1_255' title='bbox 243 1487 466 1532; x_wconf 86' lang='lat' dir='ltr'><strong>pertinentiis</strong></span> <span class='ocrx_word' id='word_1_256' title='bbox 492 1487 629 1534; x_wconf 87' lang='lat' dir='ltr'><strong>prefato</strong></span> <span class='ocrx_word' id='word_1_257' title='bbox 656 1486 814 1522; x_wconf 84' lang='lat' dir='ltr'><strong>Johanni</strong></span> <span class='ocrx_word' id='word_1_258' title='bbox 841 1492 877 1522; x_wconf 92' lang='lat' dir='ltr'><strong>et</strong></span> <span class='ocrx_word' id='word_1_259' title='bbox 902 1486 1090 1521; x_wconf 88' lang='lat' dir='ltr'><strong>heredibus</strong></span> <span class='ocrx_word' id='word_1_260' title='bbox 1116 1486 1183 1520; x_wconf 86' lang='lat' dir='ltr'><strong>suis</strong></span> <span class='ocrx_word' id='word_1_261' title='bbox 1205 1486 1313 1533; x_wconf 89' lang='lat' dir='ltr'><strong>usque</strong></span> <span class='ocrx_word' id='word_1_262' title='bbox 1334 1487 1379 1521; x_wconf 88' lang='lat' dir='ltr'><strong>ad</strong></span> <span class='ocrx_word' id='word_1_263' title='bbox 1399 1490 1446 1521; x_wconf 81' lang='lat'><strong>3¹¹²</strong></span> <span class='ocrx_word' id='word_1_264' title='bbox 1465 1487 1629 1523; x_wconf 90' lang='lat' dir='ltr'><strong>heredem</strong></span> 
     </span>
     <span class='ocr_line' id='line_1_24' title="bbox 138 1543 1632 1592; baseline 0.001 -14"><span class='ocrx_word' id='word_1_265' title='bbox 138 1543 302 1579; x_wconf 88' lang='lat' dir='ltr'><strong>inclusive</strong></span> <span class='ocrx_word' id='word_1_266' title='bbox 331 1544 367 1578; x_wconf 91' lang='lat' dir='ltr'><strong>in</strong></span> <span class='ocrx_word' id='word_1_267' title='bbox 390 1544 554 1579; x_wconf 89' lang='lat' dir='ltr'><strong>omnibus</strong></span> <span class='ocrx_word' id='word_1_268' title='bbox 572 1549 608 1579; x_wconf 90' lang='lat' dir='ltr'><strong>et</strong></span> <span class='ocrx_word' id='word_1_269' title='bbox 625 1557 689 1592; x_wconf 89' lang='lat' dir='ltr'><strong>per</strong></span> <span class='ocrx_word' id='word_1_270' title='bbox 707 1544 827 1579; x_wconf 89' lang='lat' dir='ltr'><strong>omnia</strong></span> <span class='ocrx_word' id='word_1_271' title='bbox 845 1550 884 1578; x_wconf 92' lang='lat' dir='ltr'><strong>ut</strong></span> <span class='ocrx_word' id='word_1_272' title='bbox 903 1543 1104 1591; x_wconf 68' lang='lat' dir='ltr'><strong>predictum</strong></span> <span class='ocrx_word' id='word_1_273' title='bbox 1123 1543 1171 1578; x_wconf 86' lang='lat' dir='ltr'><strong>est</strong></span> <span class='ocrx_word' id='word_1_274' title='bbox 1188 1550 1314 1578; x_wconf 87' lang='lat' dir='ltr'><strong>contra</strong></span> <span class='ocrx_word' id='word_1_275' title='bbox 1331 1557 1454 1579; x_wconf 90' lang='lat' dir='ltr'><strong>omnes</strong></span> <span class='ocrx_word' id='word_1_276' title='bbox 1472 1544 1632 1580; x_wconf 86' lang='lat' dir='ltr'><strong>homines</strong></span> 
     </span>
     <span class='ocr_line' id='line_1_25' title="bbox 137 1601 1631 1649; baseline 0.001 -13"><span class='ocrx_word' id='word_1_277' title='bbox 137 1607 172 1636; x_wconf 88' lang='lat' dir='ltr'><strong>et</strong></span> <span class='ocrx_word' id='word_1_278' title='bbox 189 1602 337 1636; x_wconf 81' lang='lat' dir='ltr'><strong>feminas</strong></span> <span class='ocrx_word' id='word_1_279' title='bbox 360 1602 528 1637; x_wconf 86' lang='lat' dir='ltr'><strong>mortales</strong></span> <span class='ocrx_word' id='word_1_280' title='bbox 550 1608 721 1648; x_wconf 87' lang='lat' dir='ltr'><strong>quantum</strong></span> <span class='ocrx_word' id='word_1_281' title='bbox 742 1601 786 1636; x_wconf 88' lang='lat' dir='ltr'><strong>de</strong></span> <span class='ocrx_word' id='word_1_282' title='bbox 798 1601 881 1649; x_wconf 90' lang='lat' dir='ltr'><strong>jure</strong></span> <span class='ocrx_word' id='word_1_283' title='bbox 900 1601 1078 1647; x_wconf 83' lang='lat' dir='ltr'><strong>possumus</strong></span> <span class='ocrx_word' id='word_1_284' title='bbox 1097 1601 1403 1636; x_wconf 86' lang='lat' dir='ltr'><strong>warantizabimus</strong></span> <span class='ocrx_word' id='word_1_285' title='bbox 1421 1602 1631 1649; x_wconf 88' lang='lat' dir='ltr'><strong>acquietabi-</strong></span> 
     </span>
     <span class='ocr_line' id='line_1_26' title="bbox 137 1657 1630 1707; baseline 0.001 -14"><span class='ocrx_word' id='word_1_286' title='bbox 137 1672 214 1693; x_wconf 86' lang='lat' dir='ltr'><strong>mus</strong></span> <span class='ocrx_word' id='word_1_287' title='bbox 239 1665 275 1693; x_wconf 93' lang='lat' dir='ltr'><strong>et</strong></span> <span class='ocrx_word' id='word_1_288' title='bbox 301 1659 345 1694; x_wconf 87' lang='lat' dir='ltr'><strong>ad</strong></span> <span class='ocrx_word' id='word_1_289' title='bbox 371 1660 517 1694; x_wconf 86' lang='lat' dir='ltr'><strong>tertium</strong></span> <span class='ocrx_word' id='word_1_290' title='bbox 542 1659 709 1694; x_wconf 87' lang='lat' dir='ltr'><strong>heredem</strong></span> <span class='ocrx_word' id='word_1_291' title='bbox 737 1665 778 1694; x_wconf 91' lang='lat' dir='ltr'><strong>ut</strong></span> <span class='ocrx_word' id='word_1_292' title='bbox 804 1659 1005 1706; x_wconf 81' lang='lat' dir='ltr'><strong>premissum</strong></span> <span class='ocrx_word' id='word_1_293' title='bbox 1031 1657 1078 1693; x_wconf 86' lang='lat' dir='ltr'><strong>est</strong></span> <span class='ocrx_word' id='word_1_294' title='bbox 1101 1658 1331 1694; x_wconf 88' lang='lat' dir='ltr'><strong>defendemus</strong></span> <span class='ocrx_word' id='word_1_295' title='bbox 1350 1678 1358 1686; x_wconf 95' lang='lat'><strong>·</strong></span> <span class='ocrx_word' id='word_1_296' title='bbox 1387 1659 1433 1694; x_wconf 93' lang='lat' dir='ltr'><strong>In</strong></span> <span class='ocrx_word' id='word_1_297' title='bbox 1456 1659 1556 1707; x_wconf 89' lang='lat' dir='ltr'><strong>cujus</strong></span> <span class='ocrx_word' id='word_1_298' title='bbox 1580 1661 1630 1696; x_wconf 91' lang='lat' dir='ltr'><strong>rei</strong></span> 
     </span>
     <span class='ocr_line' id='line_1_27' title="bbox 136 1714 1632 1764; baseline 0.001 -13"><span class='ocrx_word' id='word_1_299' title='bbox 136 1715 374 1751; x_wconf 89' lang='lat' dir='ltr'><strong>testimonium</strong></span> <span class='ocrx_word' id='word_1_300' title='bbox 404 1716 582 1764; x_wconf 88' lang='lat' dir='ltr'><strong>presentes</strong></span> <span class='ocrx_word' id='word_1_301' title='bbox 613 1717 733 1751; x_wconf 88' lang='lat' dir='ltr'><strong>literas</strong></span> <span class='ocrx_word' id='word_1_302' title='bbox 763 1715 896 1751; x_wconf 79' lang='lat' dir='ltr'><strong>nostras</strong></span> <span class='ocrx_word' id='word_1_303' title='bbox 925 1714 1026 1763; x_wconf 85' lang='lat' dir='ltr'><strong>sigilli</strong></span> <span class='ocrx_word' id='word_1_304' title='bbox 1050 1715 1158 1750; x_wconf 89' lang='lat' dir='ltr'><strong>nostri</strong></span> <span class='ocrx_word' id='word_1_305' title='bbox 1186 1716 1333 1751; x_wconf 91' lang='lat' dir='ltr'><strong>rotundi</strong></span> <span class='ocrx_word' id='word_1_306' title='bbox 1362 1729 1403 1751; x_wconf 94' lang='lat' dir='ltr'><strong>ac</strong></span> <span class='ocrx_word' id='word_1_307' title='bbox 1433 1719 1632 1753; x_wconf 89' lang='lat' dir='ltr'><strong>communis</strong></span> 
     </span>
     <span class='ocr_line' id='line_1_28' title="bbox 137 1772 1629 1821; baseline 0.001 -13"><span class='ocrx_word' id='word_1_308' title='bbox 137 1772 238 1821; x_wconf 85' lang='lat' dir='ltr'><strong>sigilli</strong></span> <span class='ocrx_word' id='word_1_309' title='bbox 256 1773 401 1821; x_wconf 85' lang='lat' dir='ltr'><strong>capituli</strong></span> <span class='ocrx_word' id='word_1_310' title='bbox 420 1773 526 1808; x_wconf 88' lang='lat' dir='ltr'><strong>nostri</strong></span> <span class='ocrx_word' id='word_1_311' title='bbox 548 1773 816 1821; x_wconf 82' lang='lat' dir='ltr'><strong>appensionibus</strong></span> <span class='ocrx_word' id='word_1_312' title='bbox 840 1786 913 1808; x_wconf 87' lang='lat' dir='ltr'><strong>una</strong></span> <span class='ocrx_word' id='word_1_313' title='bbox 939 1786 1019 1808; x_wconf 91' lang='lat' dir='ltr'><strong>cum</strong></span> <span class='ocrx_word' id='word_1_314' title='bbox 1046 1773 1354 1821; x_wconf 86' lang='lat' dir='ltr'><strong>subscriptionibus</strong></span> <span class='ocrx_word' id='word_1_315' title='bbox 1377 1775 1629 1810; x_wconf 90' lang='lat' dir='ltr'><strong>canonicorum</strong></span> 
     </span>
     <span class='ocr_line' id='line_1_29' title="bbox 127 1830 1630 1879; baseline 0.001 -13"><span class='ocrx_word' id='word_1_316' title='bbox 127 1837 291 1879; x_wconf 85' lang='lat' dir='ltr'><strong>protunc</strong></span> <span class='ocrx_word' id='word_1_317' title='bbox 310 1831 504 1879; x_wconf 83' lang='lat' dir='ltr'><strong>capitulum</strong></span> <span class='ocrx_word' id='word_1_318' title='bbox 524 1831 680 1866; x_wconf 90' lang='lat' dir='ltr'><strong>nostrum</strong></span> <span class='ocrx_word' id='word_1_319' title='bbox 700 1831 1015 1879; x_wconf 85' lang='lat' dir='ltr'><strong>representantium</strong></span> <span class='ocrx_word' id='word_1_320' title='bbox 1031 1830 1177 1866; x_wconf 88' lang='lat' dir='ltr'><strong>fecimus</strong></span> <span class='ocrx_word' id='word_1_321' title='bbox 1191 1831 1405 1866; x_wconf 87' lang='lat' dir='ltr'><strong>communiri</strong></span> <span class='ocrx_word' id='word_1_322' title='bbox 1419 1832 1511 1879; x_wconf 90' lang='lat' dir='ltr'><strong>apud</strong></span> <span class='ocrx_word' id='word_1_323' title='bbox 1527 1845 1630 1868; x_wconf 91' lang='lat' dir='ltr'><strong>cano-</strong></span> 
     </span>
     <span class='ocr_line' id='line_1_30' title="bbox 140 1887 1629 1936; baseline 0.001 -13"><span class='ocrx_word' id='word_1_324' title='bbox 140 1891 235 1923; x_wconf 89' lang='lat' dir='ltr'><strong>niam</strong></span> <span class='ocrx_word' id='word_1_325' title='bbox 265 1888 415 1923; x_wconf 84' lang='lat' dir='ltr'><strong>nostram</strong></span> <span class='ocrx_word' id='word_1_326' title='bbox 445 1889 643 1936; x_wconf 89' lang='lat' dir='ltr'><strong>penultimo</strong></span> <span class='ocrx_word' id='word_1_327' title='bbox 672 1889 728 1924; x_wconf 91' lang='lat' dir='ltr'><strong>die</strong></span> <span class='ocrx_word' id='word_1_328' title='bbox 754 1887 877 1924; x_wconf 88' lang='lat' dir='ltr'><strong>menfis</strong></span> <span class='ocrx_word' id='word_1_329' title='bbox 906 1888 1120 1923; x_wconf 89' lang='lat' dir='ltr'><strong>Novembris</strong></span> <span class='ocrx_word' id='word_1_330' title='bbox 1148 1901 1243 1924; x_wconf 92' lang='lat' dir='ltr'><strong>anno</strong></span> <span class='ocrx_word' id='word_1_331' title='bbox 1272 1888 1421 1924; x_wconf 88' lang='lat' dir='ltr'><strong>Domini</strong></span> <span class='ocrx_word' id='word_1_332' title='bbox 1449 1889 1629 1926; x_wconf 89' lang='lat' dir='ltr'><strong>millesimo</strong></span> 
     </span>
     <span class='ocr_line' id='line_1_31' title="bbox 138 1945 1631 1995; baseline 0.001 -14"><span class='ocrx_word' id='word_1_333' title='bbox 138 1945 482 1993; x_wconf 86' lang='lat' dir='ltr'><strong>quadringentesimo</strong></span> <span class='ocrx_word' id='word_1_334' title='bbox 505 1945 755 1994; x_wconf 84' lang='lat' dir='ltr'><strong>septuagesimo</strong></span> <span class='ocrx_word' id='word_1_335' title='bbox 779 1947 908 1981; x_wconf 68' lang='grc' dir='ltr'><strong>οᾶὶεῑνο</strong></span> <span class='ocrx_word' id='word_1_336' title='bbox 928 1965 936 1974; x_wconf 83' lang='grc'><strong>-</strong></span> <span class='ocrx_word' id='word_1_337' title='bbox 969 1946 1160 1994; x_wconf 87' lang='lat' dir='ltr'><strong>Episcopus</strong></span> <span class='ocrx_word' id='word_1_338' title='bbox 1179 1945 1407 1983; x_wconf 71' lang='lat' dir='ltr'><strong>moraviensis</strong></span> <span class='ocrx_word' id='word_1_339' title='bbox 1426 1960 1532 1982; x_wconf 90' lang='lat' dir='ltr'><strong>manu</strong></span> <span class='ocrx_word' id='word_1_340' title='bbox 1552 1961 1631 1995; x_wconf 87' lang='lat' dir='ltr'><strong>pro-</strong></span> 
     </span>
     <span class='ocr_line' id='line_1_32' title="bbox 138 2002 1630 2052; baseline 0.001 -14"><span class='ocrx_word' id='word_1_341' title='bbox 138 2004 215 2052; x_wconf 89' lang='lat' dir='ltr'><strong>pria</strong></span> <span class='ocrx_word' id='word_1_342' title='bbox 233 2023 241 2031; x_wconf 95' lang='lat'><strong>·</strong></span> <span class='ocrx_word' id='word_1_343' title='bbox 271 2004 350 2051; x_wconf 85' lang='lat' dir='ltr'><strong>Ego</strong></span> <span class='ocrx_word' id='word_1_344' title='bbox 366 2004 524 2039; x_wconf 87' lang='lat' dir='ltr'><strong>Thomas</strong></span> <span class='ocrx_word' id='word_1_345' title='bbox 538 2004 646 2038; x_wconf 54' lang='lat' dir='ltr'><strong>lVaus</strong></span> <span class='ocrx_word' id='word_1_346' title='bbox 664 2009 853 2051; x_wconf 88' lang='lat' dir='ltr'><strong>precentor</strong></span> <span class='ocrx_word' id='word_1_347' title='bbox 872 2002 1101 2040; x_wconf 68' lang='lat' dir='ltr'><strong>moraviensis</strong></span> <span class='ocrx_word' id='word_1_348' title='bbox 1119 2003 1292 2039; x_wconf 87' lang='lat' dir='ltr'><strong>subscribo</strong></span> <span class='ocrx_word' id='word_1_349' title='bbox 1312 2024 1320 2031; x_wconf 90' lang='lat'><strong>·</strong></span> <span class='ocrx_word' id='word_1_350' title='bbox 1350 2004 1398 2039; x_wconf 87' lang='lat' dir='ltr'><strong>Et</strong></span> <span class='ocrx_word' id='word_1_351' title='bbox 1417 2017 1483 2051; x_wconf 87' lang='lat' dir='ltr'><strong>ego</strong></span> <span class='ocrx_word' id='word_1_352' title='bbox 1500 2004 1630 2040; x_wconf 88' lang='lat' dir='ltr'><strong>Willel-</strong></span> 
     </span>
     <span class='ocr_line' id='line_1_33' title="bbox 139 2059 1629 2110; baseline 0.001 -14"><span class='ocrx_word' id='word_1_353' title='bbox 139 2074 216 2096; x_wconf 91' lang='lat' dir='ltr'><strong>mus</strong></span> <span class='ocrx_word' id='word_1_354' title='bbox 235 2061 465 2109; x_wconf 79' lang='lat' dir='ltr'><strong>VVynchestre</strong></span> <span class='ocrx_word' id='word_1_355' title='bbox 489 2061 725 2096; x_wconf 83' lang='lat' dir='ltr'><strong>thesaurarius</strong></span> <span class='ocrx_word' id='word_1_356' title='bbox 744 2059 972 2097; x_wconf 68' lang='lat' dir='ltr'><strong>moraviensis</strong></span> <span class='ocrx_word' id='word_1_357' title='bbox 995 2061 1168 2096; x_wconf 91' lang='lat' dir='ltr'><strong>subscribo</strong></span> <span class='ocrx_word' id='word_1_358' title='bbox 1187 2080 1195 2089; x_wconf 90' lang='lat'><strong>·</strong></span> <span class='ocrx_word' id='word_1_359' title='bbox 1225 2061 1303 2109; x_wconf 86' lang='lat' dir='ltr'><strong>Ego</strong></span> <span class='ocrx_word' id='word_1_360' title='bbox 1321 2061 1503 2098; x_wconf 86' lang='lat' dir='ltr'><strong>Johannes</strong></span> <span class='ocrx_word' id='word_1_361' title='bbox 1523 2062 1629 2110; x_wconf 86' lang='lat' dir='ltr'><strong>Wyn-</strong></span> 
     </span>
     <span class='ocr_line' id='line_1_34' title="bbox 139 2118 1627 2166; baseline 0.001 -13"><span class='ocrx_word' id='word_1_362' title='bbox 139 2118 270 2154; x_wconf 86' lang='lat' dir='ltr'><strong>chestre</strong></span> <span class='ocrx_word' id='word_1_363' title='bbox 293 2119 510 2154; x_wconf 85' lang='lat' dir='ltr'><strong>subdecanus</strong></span> <span class='ocrx_word' id='word_1_364' title='bbox 534 2119 706 2154; x_wconf 86' lang='lat' dir='ltr'><strong>subscribo</strong></span> <span class='ocrx_word' id='word_1_365' title='bbox 726 2138 734 2146; x_wconf 93' lang='lat'><strong>·</strong></span> <span class='ocrx_word' id='word_1_366' title='bbox 765 2119 842 2166; x_wconf 80' lang='lat' dir='ltr'><strong>Ego</strong></span> <span class='ocrx_word' id='word_1_367' title='bbox 863 2119 1007 2154; x_wconf 82' lang='lat' dir='ltr'><strong>Finlaus</strong></span> <span class='ocrx_word' id='word_1_368' title='bbox 1033 2118 1133 2154; x_wconf 89' lang='lat' dir='ltr'><strong>Belle</strong></span> <span class='ocrx_word' id='word_1_369' title='bbox 1159 2119 1340 2154; x_wconf 88' lang='lat' dir='ltr'><strong>consentio</strong></span> <span class='ocrx_word' id='word_1_370' title='bbox 1367 2125 1402 2154; x_wconf 92' lang='lat' dir='ltr'><strong>et</strong></span> <span class='ocrx_word' id='word_1_371' title='bbox 1428 2119 1600 2154; x_wconf 87' lang='lat' dir='ltr'><strong>subscribo</strong></span> <span class='ocrx_word' id='word_1_372' title='bbox 1620 2140 1627 2147; x_wconf 93' lang='lat'><strong>·</strong></span> 
     </span>
     <span class='ocr_line' id='line_1_35' title="bbox 140 2176 1677 2224; baseline 0.001 -14"><span class='ocrx_word' id='word_1_373' title='bbox 140 2176 218 2223; x_wconf 87' lang='lat' dir='ltr'><strong>Ego</strong></span> <span class='ocrx_word' id='word_1_374' title='bbox 236 2176 420 2213; x_wconf 89' lang='lat' dir='ltr'><strong>Johannes</strong></span> <span class='ocrx_word' id='word_1_375' title='bbox 439 2177 586 2212; x_wconf 79' lang='lat' dir='ltr'><strong>Stewart</strong></span> <span class='ocrx_word' id='word_1_376' title='bbox 613 2176 794 2211; x_wconf 89' lang='lat' dir='ltr'><strong>consentio</strong></span> <span class='ocrx_word' id='word_1_377' title='bbox 822 2182 857 2211; x_wconf 88' lang='lat' dir='ltr'><strong>et</strong></span> <span class='ocrx_word' id='word_1_378' title='bbox 884 2176 1057 2211; x_wconf 91' lang='lat' dir='ltr'><strong>subscribo</strong></span> <span class='ocrx_word' id='word_1_379' title='bbox 1077 2196 1085 2203; x_wconf 95' lang='lat'><em>·</em></span> <span class='ocrx_word' id='word_1_380' title='bbox 1125 2176 1203 2224; x_wconf 85' lang='lat' dir='ltr'><strong>Ego</strong></span> <span class='ocrx_word' id='word_1_381' title='bbox 1224 2176 1424 2212; x_wconf 82' lang='lat' dir='ltr'><strong>Willelmus</strong></span> <span class='ocrx_word' id='word_1_382' title='bbox 1443 2177 1628 2224; x_wconf 85' lang='lat' dir='ltr'><strong>Douglace</strong></span> <span class='ocrx_word' id='word_1_383' title='bbox 1672 2211 1677 2217; x_wconf 84' lang='grc'><strong>,</strong></span> 
     </span>
     <span class='ocr_line' id='line_1_36' title="bbox 139 2233 1626 2282; baseline 0 -14"><span class='ocrx_word' id='word_1_384' title='bbox 139 2234 259 2269; x_wconf 66' lang='lat' dir='ltr'><strong>rector</strong></span> <span class='ocrx_word' id='word_1_385' title='bbox 277 2234 321 2269; x_wconf 88' lang='lat' dir='ltr'><strong>de</strong></span> <span class='ocrx_word' id='word_1_386' title='bbox 336 2236 423 2282; x_wconf 77' lang='lat' dir='ltr'><strong>(Doy</strong></span> <span class='ocrx_word' id='word_1_387' title='bbox 438 2234 596 2282; x_wconf 92' lang='lat' dir='ltr'><strong>approbo</strong></span> <span class='ocrx_word' id='word_1_388' title='bbox 616 2239 651 2269; x_wconf 90' lang='lat' dir='ltr'><strong>et</strong></span> <span class='ocrx_word' id='word_1_389' title='bbox 669 2233 841 2269; x_wconf 89' lang='lat' dir='ltr'><strong>subscribo</strong></span> <span class='ocrx_word' id='word_1_390' title='bbox 858 2252 866 2261; x_wconf 91' lang='lat'><strong>·</strong></span> <span class='ocrx_word' id='word_1_391' title='bbox 896 2233 943 2269; x_wconf 91' lang='lat' dir='ltr'><strong>Et</strong></span> <span class='ocrx_word' id='word_1_392' title='bbox 960 2246 1027 2281; x_wconf 85' lang='lat' dir='ltr'><strong>ego</strong></span> <span class='ocrx_word' id='word_1_393' title='bbox 1042 2233 1200 2269; x_wconf 91' lang='lat' dir='ltr'><strong>Thomas</strong></span> <span class='ocrx_word' id='word_1_394' title='bbox 1215 2233 1360 2269; x_wconf 90' lang='lat' dir='ltr'><strong>Graunt</strong></span> <span class='ocrx_word' id='word_1_395' title='bbox 1377 2234 1626 2282; x_wconf 83' lang='lat' dir='ltr'><strong>prebendarius</strong></span> 
     </span>
     <span class='ocr_line' id='line_1_37' title="bbox 830 2294 894 2326; baseline 0.016 -1"><span class='ocrx_word' id='word_1_396' title='bbox 830 2294 852 2325; x_wconf 78' lang='lat'><strong>2</strong></span> <span class='ocrx_word' id='word_1_397' title='bbox 871 2303 894 2326; x_wconf 88' lang='lat' dir='ltr'>G</span> 
     </span>
    </p>
   </div>
  </div>
 </body>
</html>
