1912 2660
611 138 926 175 REGISTRUM
956 139 1316 177 MORAVIENSE.
1635 149 1679 180 41
1688 149 1704 179 1

132 240 188 268 406
215 239 436 267 Instrumentum
455 235 537 273 super
557 236 748 273 procuratorio
768 236 802 264 ad
822 236 1018 273 refignandum
1032 237 1119 265 dictas
1134 241 1221 265 terras
1236 248 1287 266 nec
1301 249 1358 267 non
1372 240 1406 268 ad
1419 241 1579 269 tradendam
1594 241 1707 270 safinam

130 431 185 458 407

128 715 183 742 408

123 1048 180 1075 409

118 1565 174 1591 410

117 2041 170 2069 411

213 286 362 315 earundem
375 284 449 312 dicto
463 282 585 318 domino,
600 283 633 310 ab
648 283 746 311 eodem
762 284 887 320 Hugone
901 283 982 312 facta.
1025 284 1133 312 Eodem
1147 284 1191 312 die
1206 289 1234 313 et
1248 285 1319 313 loco.

213 425 386 455 Presentatio
407 424 514 453 domini
535 424 634 453 Jacobi
658 424 786 461 Douglas
810 424 975 462 presbyteri,
998 425 1111 453 stellarii
1134 426 1321 459 thesaurariae,
1350 430 1378 454 et
1401 426 1518 454 sacristae
1542 428 1653 465 majoris
1677 429 1706 456 in

210 473 321 503 ecclelia
335 472 494 505 cathedrali,
514 472 544 500 in
559 472 690 500 vicariam
705 473 738 500 de
754 472 912 510 Kynnedor
931 478 1102 502 annexatam
1124 478 1153 502 et
1173 474 1378 511 incorporatam
1399 473 1575 502 thesaurariae
1589 475 1619 502 in
1633 476 1707 503 vica-

209 522 278 550 riam
298 520 548 560 praestimonialem
563 530 578 548 a
591 520 763 549 thesaurario
778 520 883 549 ,Iacobo
899 521 1055 560 Hepburne
1074 520 1155 549 facta.
1198 521 1284 559 Apud
1306 521 1450 550 civitatem
1465 522 1705 556 Dunkeldensem‚

212 570 247 597 17
263 569 334 597 Maii
351 569 435 597 1554.

210 712 330 741 Collatio
344 710 467 749 ejusdem
481 710 590 739 vicariae
604 710 637 739 ab
653 710 791 749 Episcopo
805 711 869 739 data
883 710 972 739 eidem
987 711 1092 739 ,Iacobo
1107 711 1244 748 Douglas,
1265 711 1294 738 in
1315 710 1433 749 persona
1452 710 1591 739 Johannis
1610 710 1706 739 Narne

207 759 392 798 procuratoris
407 758 477 797 ejus,
490 768 541 797 per
553 758 760 797 impositionem
771 758 869 786 annuli
885 758 1015 796 Episcopi
1029 758 1058 786 in
1073 758 1150 787 illius
1164 758 1263 796 digito.
1304 758 1442 792 Testibus,
1456 758 1588 795 magistro
1602 759 1705 786 ,Iacobo

208 807 363 845 Hepburne
384 807 488 834 decano
510 806 713 840 Dunkeldenfi,
735 806 906 834 thesaurario
929 806 1110 840 Moravienfi‚
1133 806 1274 834 Michaele
1289 806 1407 834 Walker
1427 806 1560 834 canonico
1575 805 1707 834 Dunkel-

207 854 290 888 denfi,
306 854 400 882 David
414 853 573 888 Trumbull,
595 853 745 892 capellano,
767 858 795 882 et
811 854 936 883 Roberto
951 853 1100 891 Naysmyt‚
1122 854 1238 882 Andr-ea
1258 854 1362 891 Strang
1378 853 1497 882 notario.
1538 853 1624 891 Apud
1639 853 1706 881 Sco-

207 912 280 936 nam,
299 903 334 930 10
349 901 482 930 Octobris
500 901 585 930 1554.

207 1044 348 1072 Affedatio
370 1044 403 1071 ab
429 1043 565 1081 Episcopo
589 1052 654 1071 cum
676 1043 809 1071 consensu
833 1043 947 1081 capituli
970 1043 1043 1071 facta
1063 1042 1189 1081 Georgio
1214 1043 1311 1071 comiti
1335 1043 1368 1072 de
1390 1043 1521 1080 Huntley
1541 1043 1704 1072 cancellario

207 1091 308 1119 Scotiae
323 1095 351 1119 et
366 1090 537 1119 Elizabethae
551 1091 649 1129 Keyth
667 1090 726 1128 ejus
747 1091 861 1129 sponsae,
884 1095 1022 1118 terrarum
1045 1091 1078 1118 de
1099 1090 1232 1127 Kynnoir
1253 1091 1283 1118 in
1305 1090 1418 1118 baronia
1431 1091 1465 1118 de
1480 1090 1588 1128 Keyth,
1602 1091 1656 1119 vic:
1670 1091 1704 1119 de

206 1139 297 1171 Banff,
312 1148 362 1177 pro
380 1138 414 1165 19
428 1138 518 1166 annis.
559 1138 713 1167 Reddendo
733 1138 880 1166 annuatim
900 1137 984 1165 L.l3.
998 1139 1027 1166 5.
1041 1139 1069 1166 8.
1111 1138 1239 1166 Testibus
1255 1138 1381 1175 Georgio
1396 1138 1533 1167 Gordoun
1546 1139 1581 1166 de
1596 1137 1703 1175 Gycht,

205 1186 336 1223 magistro
351 1186 462 1213 Adamo
477 1185 615 1214 Gordoun
634 1190 663 1214 et
685 1185 817 1222 magistro
832 1185 977 1214 Willelmo
992 1185 1128 1223 Wysman
1148 1185 1268 1213 notario.
1309 1185 1395 1224 Apud
1410 1185 1496 1222 Elgin
1510 1185 1540 1213 in
1553 1185 1615 1214 loco
1629 1185 1702 1223 capi-

205 1233 298 1267 tulari,
314 1235 332 1261 8
347 1232 427 1262 Junii
446 1233 530 1263 1547.

244 1282 277 1309 In
292 1281 347 1309 fine
361 1281 479 1315 additur,
498 1279 667 1318 Episcopum
682 1279 841 1308 consensisse
856 1280 889 1307 ad
903 1279 1106 1308 edificationem
1121 1280 1274 1308 molendini
1295 1280 1325 1307 in
1345 1279 1426 1308 dictis
1448 1279 1530 1308 terris
1551 1290 1567 1307 a
1589 1280 1701 1309 Comite

205 1328 251 1367 qui
265 1328 397 1357 multuris
408 1328 550 1357 frueretur
562 1337 612 1365 pro
627 1332 753 1365 tempore
768 1327 951 1356 assedationis.
992 1327 1121 1356 Testibus
1138 1327 1270 1365 magistro
1285 1327 1450 1355 Alexandro
1465 1327 1620 1365 Hepburne
1642 1337 1701 1356 rec-

204 1381 265 1404 tore
288 1376 321 1404 de
341 1376 434 1413 Ryne,
450 1376 561 1404 Thoma
574 1374 698 1403 Wallace
711 1374 892 1412 prebendario
906 1375 939 1402 de
955 1375 1104 1409 Unthank‚
1123 1375 1238 1403 Andrea
1259 1374 1407 1403 Moncrese
1428 1378 1456 1403 et
1476 1374 1609 1411 magistro
1628 1375 1700 1402 Wil-

204 1423 288 1451 lelmo
303 1423 447 1461 Wysman.
489 1423 575 1460 Apud
590 1422 731 1450 Palatium
745 1422 779 1450 de
795 1422 898 1460 Spyne,
914 1422 1011 1450 eodem
1026 1422 1078 1450 die.

204 1565 289 1593 Carta
310 1564 471 1593 feodifirmae
493 1564 527 1592 ab
551 1563 689 1602 Episcopo
712 1573 777 1591 cum
799 1563 933 1592 consensu
954 1563 1069 1601 capituli
1089 1563 1212 1591 concessa
1233 1563 1340 1591 Jacobo
1355 1563 1447 1592 Grant
1461 1564 1494 1591 de
1510 1563 1648 1601 Fruychie
1669 1569 1698 1592 et

201 1611 326 1641 Johanni
343 1612 434 1640 Grant
455 1611 515 1650 ejus
536 1611 594 1639 filio
614 1616 643 1639 et
663 1610 759 1639 heredi
779 1610 932 1649 apparenti,
954 1616 1093 1639 terrarum
1106 1611 1140 1639 de
1155 1611 1277 1648 Lagane,
1294 1610 1446 1644 Ardinche,
1461 1610 1697 1645 Auchnahandet,

202 1660 230 1687 in
245 1660 299 1688 vic:
313 1660 346 1687 de
362 1660 496 1687 Invernes
509 1671 516 1691 ;
538 1658 732 1692 Cowilnakile,
749 1659 988 1695 Auchehangane,
1006 1658 1115 1686 Wester
1129 1658 1258 1696 Daltuly‚
1280 1658 1362 1686 Ester
1376 1658 1496 1696 Daltuly
1510 1662 1539 1687 et
1552 1658 1649 1687 croftae
1663 1659 1697 1686 de

203 1707 322 1740 Cardell,
346 1707 376 1734 in
397 1707 451 1735 vic:
469 1707 502 1734 de
525 1706 609 1743 Elgin
625 1711 652 1734 et
668 1706 767 1734 Forres
780 1717 787 1738 ;
809 1710 837 1734 et
848 1701 963 1743 'Ardaly
978 1710 1006 1734 et
1021 1706 1167 1743 Alloquhy
1181 1706 1210 1733 in
1225 1705 1278 1733 vie:
1293 1706 1326 1734 de
1340 1705 1427 1734 Banff
1434 1717 1441 1739 3
1460 1715 1518 1733 una
1531 1715 1596 1733 cum
1610 1706 1696 1744 pisca-

201 1754 323 1783 tionibus
344 1754 378 1782 de
396 1754 540 1781 Ardinche
563 1753 644 1791 super
665 1753 758 1781 lacum
780 1752 902 1791 ejusdem
927 1757 955 1781 et
978 1753 1060 1791 super
1083 1763 1183 1791 aquam
1202 1753 1236 1780 de
1260 1753 1342 1791 Spey,
1367 1753 1401 1781 de
1423 1753 1505 1781 Ester
1525 1753 1646 1790 Daltuly
1667 1758 1695 1781 et

201 1802 311 1830 Wester
324 1802 453 1839 Daltuly‚
469 1802 614 1839 Alloquhy
628 1805 656 1829 et
673 1801 788 1838 Ardaly,
804 1801 932 1838 Dalwey,
950 1801 1052 1838 Adwy,
1068 1800 1286 1838 Tullecquhene,
1302 1800 1430 1829 Adwoke
1445 1805 1473 1829 et
1489 1801 1600 1829 Calatar
1613 1801 1695 1839 super

201 1849 316 1877 eandem
330 1859 428 1887 aquam
442 1849 476 1877 de
492 1850 583 1887 Spey;
602 1849 633 1876 in
645 1848 759 1876 baronia
773 1849 806 1877 de
822 1848 985 1886 Strathspey
1000 1853 1028 1877 et
1042 1848 1187 1886 regalitate
1201 1848 1234 1876 de
1250 1847 1354 1886 Spyne.
1382 1848 1535 1877 Reddenda
1548 1849 1693 1877 annuatim

203 1896 284 1925 L.66.
301 1897 346 1925 18.
359 1900 387 1925 4.
429 1897 514 1935 Apud
529 1896 615 1934 Elgin
628 1896 658 1924 in
672 1896 734 1924 loco
748 1896 894 1935 capitulari
909 1896 1089 1930 Moravienfi,
1105 1897 1121 1923 7
1134 1895 1206 1924 Maii
1224 1897 1307 1924 1541.

201 2037 284 2067 Carta
306 2037 468 2066 feodifirmae
489 2038 523 2066 ab
547 2037 685 2075 Episcopo
707 2047 771 2066 cum
795 2037 931 2067 consensu
952 2037 1066 2075 capituli
1088 2037 1209 2066 concessa
1225 2038 1344 2066 Thomae
1360 2038 1484 2076 Cuming
1504 2038 1538 2067 de
1559 2039 1643 2067 Alter
1663 2044 1690 2066 et

199 2085 368 2123 Margaretae
383 2086 520 2114 Gordoun
540 2085 599 2123 ejus
618 2085 733 2123 sponsae,
754 2090 893 2114 terrarum
907 2086 940 2113 de
954 2085 1147 2123 Logygowne,
1162 2086 1284 2123 Ardory,
1306 2085 1518 2123 Dolefbrachty,
1535 2085 1688 2122 Clunerny‚

199 2142 263 2161 cum
276 2133 389 2171 piscaria
403 2133 432 2160 in
446 2143 517 2170 aqua
530 2133 563 2161 de
578 2132 727 2167 Findorne,
741 2133 771 2161 in
784 2133 839 2162 vic:
853 2133 887 2161 de
902 2133 988 2170 Elgin
1002 2137 1031 2161 et
1046 2133 1154 2162 Forres.
1195 2133 1347 2161 Reddendo
1365 2133 1428 2161 inde
1449 2132 1592 2161 annuatim
1606 2132 1688 2160 L.28.

200 2179 327 2209 Testibus
341 2181 446 2209 Jacobo
460 2180 545 2208 Innes
560 2180 593 2209 de
609 2180 718 2218 Drany,
739 2180 909 2209 Archibaldo
924 2181 1020 2209 Broun
1033 2180 1162 2218 burgensi
1176 2181 1210 2209 de
1225 2180 1319 2214 Fores,
1340 2180 1470 2218 magistro
1484 2180 1593 2208 Joanne
1608 2179 1688 2207 Dou-

199 2226 257 2264 glas
271 2227 373 2256 vicario
386 2228 420 2256 de
435 2227 581 2261 Galstoun,
596 2227 728 2264 magistro
742 2228 857 2256 Andrea
872 2227 984 2265 Strang,
996 2227 1111 2256 Valtero
1126 2228 1256 2265 Ramsay‚
1277 2227 1395 2261 notario,
1414 2227 1557 2255 Willelmo
1572 2226 1685 2259 Tuicht,

201 2274 324 2304 Roberto
340 2274 463 2310 Forbess,
478 2275 589 2304 Dauide
606 2275 748 2314 Cumyng.
789 2276 875 2314 Apud
890 2275 1009 2305 Sconam
1024 2279 1052 2304 et
1067 2275 1162 2313 Elgin,
1181 2276 1196 2312 [
1281 2276 1294 2311 ]
1315 2279 1342 2303 et
1361 2276 1376 2312 [
1460 2275 1474 2310 ]
1493 2273 1562 2302 Julii
1580 2274 1662 2301 1561.
