1912 2660
106 232 164 261 372

105 518 162 545 373

106 944 161 972 374

104 1180 159 1207 375

102 1611 157 1638 376

40 1943 42 1951 ’
101 1944 155 1971 377

101 2084 156 2112 378

587 131 905 168 REGISTRUM
932 133 1295 171 MORAVIENSE.
1609 142 1680 174 405

190 231 274 261 Curta
286 229 446 259 feodifirmae
465 228 499 256 ab
519 228 657 267 Episcopo
671 239 736 257 cum
754 229 889 257 consensu
903 230 1017 267 capituli
1032 230 1155 259 concessa
1169 231 1299 268 magistro
1312 233 1437 262 Johanni
1452 235 1526 262 Wod
1543 235 1595 272 [de
1611 235 1681 262 Tul-

188 278 343 317 lydeveis]‚
359 281 496 306 terrarum
510 275 544 304 de
560 276 694 305 Ferrenes
709 281 738 305 et
753 276 868 305 Ethnoc
889 287 953 305 cum
973 277 1087 315 piscaria
1105 277 1135 305 in
1153 277 1310 315 Fyndorne,
1332 280 1361 308 in
1376 281 1488 309 baronia
1501 282 1534 309 de
1550 282 1678 314 Arclach‚

188 326 241 355 vic:
253 326 286 354 de
298 325 411 356 Narne;
431 322 571 361 presoluta
584 323 693 351 summa
706 325 764 351 500
779 333 954 357 mercarum3
976 324 1129 352 Reddendo
1144 324 1199 353 L.9
1214 327 1369 355 annuatim.
1404 328 1438 355 In
1452 329 1507 356 fine
1521 330 1682 358 continetur

186 377 349 411 preceptum
362 370 465 400 safinae·
507 371 593 408 Apud
609 370 729 400 Sconam
744 375 771 399 et
788 371 884 408 Elgin,
901 372 936 399 10
951 376 979 400 et
993 371 1152 410 penultimo
1167 371 1239 400 Maii
1256 374 1341 400 1564.

188 515 272 544 Carta
291 513 460 542 venditionis
483 523 499 541 a
520 513 653 550 magistro
676 513 808 541 Johanne
827 513 902 541 Wod
924 513 997 542 facta
1021 513 1138 551 Hugoni
1162 514 1221 541 Ros
1246 514 1280 541 de
1304 513 1447 541 Kilrawak
1468 519 1496 543 et
1518 515 1681 544 Katherinae

188 562 320 591 Falconar
333 560 393 599 ejus
409 560 523 598 sponsae,
540 565 679 589 terrarum
698 561 732 588 de
752 561 888 589 Ferrenes
907 565 936 589 et
956 561 1089 598 Ethynoc
1103 571 1167 589 cum
1181 560 1296 599 piscaria
1309 561 1338 588 in
1354 561 1503 598 Fyndorne
1523 562 1553 589 in
1572 563 1684 591 baronia

186 610 219 638 de
234 608 373 637 Arclauch
388 608 442 636 vic:
456 608 490 637 de
507 608 621 636 Narne:
644 608 772 636 Tenend:
793 609 827 636 de
847 608 984 647 Episcopo
1004 608 1035 636 in
1055 608 1218 643 feodifirma,
1242 608 1395 637 Reddendo
1416 609 1470 638 L.9
1491 610 1636 638 annuatim
1655 616 1683 639 et

185 656 329 695 prestando
350 656 437 684 sectas
457 659 486 683 et
508 655 621 684 servitia
641 656 741 693 quibus
761 655 819 694 ipse
839 656 985 684 Johannes
1006 656 1084 694 prius
1105 656 1264 684 tenebatur.
1305 656 1339 684 In
1364 656 1419 684 fine
1441 656 1602 685 continetur
1621 667 1683 695 pre-

187 709 298 743 ceptum
322 703 424 732 safinae.
474 703 602 732 Testibus
628 703 723 732 David
749 703 870 731 Dunbar
893 704 927 731 de
952 703 1122 741 Grangehill
1145 708 1304 742 apparente,
1334 704 1457 742 Georgio
1482 704 1601 732 Dunbar
1624 705 1683 744 ejus

186 752 279 785 fratre,
295 751 405 779 Thoma
420 751 480 779 Ros
494 750 524 779 in
539 751 670 789 Daltuly,
689 751 826 789 magistris
842 751 968 780 Roberto
984 751 1099 780 Fleihor
1112 755 1140 780 et
1154 752 1286 780 Johanne
1301 751 1392 780 Kene.
1434 752 1519 790 Apud
1534 752 1684 786 Edinburc,

186 800 221 828 21
239 799 345 837 Aprilis
363 800 447 827 1567.

187 941 271 971 Carta
285 940 503 970 confirmationis
517 941 550 969 ab
566 940 706 979 Episcopo
720 940 872 969 earundem
887 945 1035 970 terrarum.
1077 941 1205 969 Testibus
1219 941 1350 979 magistro
1364 941 1470 969 Jacobo
1486 941 1685 970 Strathauchin

185 993 292 1018 rectore
314 990 348 1018 de
370 988 533 1026 Balhelvye‚
556 989 673 1017 Andrea
695 988 853 1024 Moncrefe,
876 989 982 1018 Jacobo
998 988 1154 1023 Moncrefe,
1170 988 1280 1018 Davide
1296 989 1439 1026 Cumyng.
1480 989 1566 1027 Apud
1582 989 1684 1027 Spyne,

189 1038 201 1064 l
218 1036 299 1064 Junii
315 1037 401 1065 1567.

186 1179 213 1206 Α
224 1178 341 1207 notaria}
351 1178 520 1207 instrument
531 1188 629 1217 upoun
639 1179 689 1207 the
701 1178 878 1216 obligacioun
890 1178 924 1207 of
936 1178 1080 1207 Huchoun
1093 1178 1153 1207 Ros
1164 1179 1270 1207 baroun
1281 1178 1314 1207 of
1321 1178 1467 1207 Kilrawok
1481 1178 1559 1207 feuar
1569 1179 1623 1206 and
1633 1178 1683 1207 he-

184 1230 280 1255 retour
293 1226 325 1254 of
334 1226 383 1255 the
396 1230 474 1255 town
488 1226 543 1255 and
557 1226 636 1255 lands
647 1226 681 1255 of
691 1226 821 1255 Ferrenis
832 1227 887 1254 and
899 1226 1030 1255 Ethenoc
1041 1231 1071 1255 to
1081 1231 1164 1264 g‘rant
1176 1226 1287 1265 pastour
1298 1231 1328 1255 to
1339 1226 1545 1255 twentie-foure
1559 1226 1615 1264 kye
1629 1227 1684 1254 and

183 1284 235 1302 ane
250 1274 309 1302 bull
322 1274 391 1303 with
405 1274 495 1303 theire
509 1274 650 1303 followars
664 1274 815 1312 pertening
825 1278 856 1303 to
866 1274 916 1303 the
930 1274 1054 1313 bischop,
1065 1274 1109 1302 for
1119 1274 1168 1303 the
1179 1279 1258 1312 tyme
1270 1274 1303 1302 of
1311 1274 1360 1303 the
1372 1274 1427 1302 said
1438 1274 1573 1303 reverend
1583 1273 1684 1302 federis

183 1322 311 1360 lyftyme,
322 1332 414 1361 upone
425 1323 474 1351 the
489 1322 547 1351 best
561 1323 615 1350 and
629 1322 709 1350 maist
724 1322 917 1351 commodious
931 1322 1000 1359 girss
1015 1322 1116 1351 within
1130 1322 1179 1350 the
1194 1322 1250 1350 said
1263 1322 1380 1350 bounds.
1407 1321 1556 1350 Witness'es
1567 1321 1684 1350 Meister

183 1370 278 1398 James
294 1370 494 1398 Strathauchin
515 1370 614 1408 parson
629 1370 661 1398 of
676 1370 840 1407 Balhelvye,
864 1369 1018 1398 Archibald
1034 1369 1180 1407 Lyndesay
1201 1370 1300 1408 parson
1320 1369 1353 1397 of
1370 1369 1535 1407 Kyngusye,
1556 1369 1683 1397 Androw

185 1417 350 1452 Monereffe,
373 1417 417 1446 Sir
434 1417 547 1446 Nicolas
563 1417 693 1452 Tulloch,
716 1418 811 1446 David
833 1418 968 1455 Cumyng
987 1418 1040 1445 and
1063 1417 1108 1446 Sir
1125 1417 1222 1446 James
1245 1417 1365 1445 Sibbald.
1405 1417 1531 1444 william
1549 1416 1681 1455 VVysman

185 1469 275 1494 notar.
317 1465 358 1494 At
372 1465 421 1494 the
435 1465 528 1503 palace
542 1465 575 1494 of
586 1465 691 1504 Spyne,
709 1466 722 1493 1
741 1465 823 1504 April
844 1466 896 1503 [ἓ]
918 1466 1003 1493 1567.

186 1607 270 1635 Carta
283 1606 443 1636 feodifirmae
457 1608 491 1636 ab
503 1608 640 1647 Episcopo
654 1618 719 1636 cum
734 1608 870 1637 consensu
883 1607 998 1646 capituli
1013 1607 1135 1636 concessa
1146 1607 1291 1636 Willelmo
1303 1607 1396 1636 Grant
1410 1606 1467 1634 filio
1481 1607 1499 1634 J
1502 1606 1580 1634 acobi
1592 1607 1686 1635 Grant

183 1655 216 1683 de
232 1655 379 1693 Fruychie‚
401 1661 430 1685 et
450 1657 510 1685 her:
532 1656 615 1684 masc:
635 1657 669 1685 de
688 1666 803 1695 corpore
823 1656 876 1694 q.d.
896 1656 971 1684 dicto
991 1656 1097 1684 Jacobo
1118 1660 1147 1684 et
1166 1656 1225 1684 her:
1246 1655 1328 1683 masc:
1346 1653 1478 1693 ejusdem,
1499 1659 1636 1682 terrarum
1650 1655 1683 1682 de

184 1703 258 1732 Uvir
272 1703 384 1742 Finlarg
397 1703 464 1732 alias
479 1704 630 1738 Mukroth,
647 1704 710 1732 Mid
725 1704 848 1741 Finlarg,
864 1708 892 1732 et
909 1703 1024 1732 Nedder
1040 1703 1163 1741 Finharg,
1178 1703 1208 1730 in
1222 1702 1336 1731 baronia
1349 1703 1383 1730 de
1400 1701 1572 1740 Strathspey‚
1585 1702 1638 1730 vic:
1650 1702 1683 1730 de

184 1750 270 1788 Elgin
290 1755 319 1780 et
343 1751 452 1780 Forres.
493 1752 647 1781 Reddendo
671 1752 755 1780 L.22.
780 1753 826 1781 16.
846 1751 1002 1781 annuatim.
1044 1751 1130 1789 Apud
1149 1750 1236 1788 Elgin
1259 1750 1289 1778 in
1313 1750 1375 1778 loco
1400 1749 1553 1788 capitulari,
1579 1752 1594 1777 7
1612 1750 1683 1778 Maii

186 1799 271 1827 1541.

183 1940 352 1978 Preceptum
366 1940 459 1969 safinae
473 1940 595 1980 ejusdem
609 1942 707 1970 eodem
721 1942 765 1971 die
780 1946 808 1971 et
822 1942 892 1971 loco.

184 2083 268 2112 Carta
281 2082 443 2111 feodifirmae
457 2084 490 2111 ab
506 2083 644 2122 Episcopo
666 2093 731 2112 cum
753 2084 888 2113 consensu
909 2084 1024 2123 capituli
1046 2084 1169 2113 concessa
1183 2083 1288 2113 Jacobo
1302 2084 1387 2112 Innes
1402 2081 1436 2112 de
1451 2082 1637 2120 Rotmaginze
1651 2086 1679 2110 et

183 2130 326 2159 Katerinae
342 2131 480 2160 Gordoun
502 2131 562 2171 ejus
583 2132 698 2170 sponsae,
720 2136 858 2161 terrarum
877 2133 910 2161 de
928 2133 1061 2171 Fynrass'y
1076 2142 1143 2171 quas
1158 2132 1306 2161 Elizabeth
1321 2131 1416 2169 Troup
1430 2130 1527 2160 relicta
1541 2130 1678 2168 quondam

183 2178 314 2207 Duncani
330 2179 501 2208 Sutherland
515 2189 591 2208 nunc
604 2179 752 2215 inhabitat,
773 2180 803 2208 in
818 2181 931 2209 baronia
948 2181 982 2210 de
1003 2182 1097 2219 Spyne
1112 2180 1165 2209 vic:
1180 2181 1213 2209 de
1229 2180 1325 2217 Elgin.
1366 2179 1518 2207 Reddendo
1532 2176 1677 2205 annuatim

186 2226 220 2253 15
235 2235 348 2262 marcas,
372 2228 385 2255 l
403 2232 529 2263 martam,
555 2229 567 2255 l
584 2232 741 2263 mutonem‚
763 2229 782 2256 2
796 2228 936 2258 duodenas
951 2238 1097 2268 caponum,
1122 2230 1140 2256 2
1160 2228 1247 2257 bollas
1268 2236 1419 2257 avenarum
1439 2235 1502 2254 cum
1516 2225 1625 2264 pabulo,
1648 2229 1676 2252 et
