1912 2660
236 148 306 180 ⁶288
631 147 947 184 REGISTRUM
978 147 1345 184 MORAVIENSE.

238 245 487 281 succefforibus
513 245 639 281 nostris
665 247 762 294 quod
789 246 971 296 episcopus
995 246 1226 284 moravienfis
1253 246 1313 293 qui
1339 258 1405 293 pro
1428 251 1590 293 tempore
1608 246 1717 282 suerit
1738 265 1747 275 ·

240 303 296 339 vel
314 303 394 339 sede
412 310 561 340 vacante
580 304 735 340 decanus
754 310 789 340 et
807 305 1003 353 capitulum
1024 331 1032 340 .
1052 318 1204 352 quorum
1219 303 1462 352 jurisdictioni
1487 309 1523 339 et
1541 304 1745 340 cohercioni

240 362 358 409 quoad
377 362 444 398 hoc
463 375 528 397 nos
546 362 742 410 specialiter
761 368 797 398 et
815 363 971 410 expresse
991 362 1228 397 submittimus
1245 373 1310 409 per
1328 360 1507 408 presentes
1527 380 1535 389 ·
1563 375 1628 396 nos
1646 362 1747 397 here-

241 421 303 456 des
321 420 458 456 nostros
477 427 513 457 et
531 421 739 456 successores
756 434 820 469 per
839 433 982 455 omnem
1002 419 1184 455 censuram
1204 417 1466 454 ecclesiasticam
1486 438 1494 447 ·
1522 424 1594 455 tam
1614 420 1651 455 in
1670 433 1748 468 per-

241 479 333 514 sonis
350 492 455 526 quam
474 479 511 514 in
530 479 634 514 terris
647 479 758 514 libere
777 477 969 525 compellat
987 482 1023 512 et
1041 476 1226 524 distringat
1244 476 1289 511 ad
1308 476 1565 512 observantiam
1585 478 1747 513 omnium

242 537 487 585 predictorum
518 556 527 565 ·
576 536 788 583 Obligamus
815 535 959 583 insuper
988 547 1051 582 per
1079 534 1259 582 presentes
1285 547 1351 569 nos
1377 535 1527 570 heredes
1553 534 1689 570 nostros
1714 541 1748 571 et

242 595 449 630 successores
474 595 517 630 ad
543 594 743 643 predictam
771 593 941 641 capellam
971 591 1247 627 construendam
1274 593 1577 628 manutenendam
1604 598 1640 628 et
1666 606 1749 628 con-

242 653 446 688 servandam
463 652 683 700 temporibus
701 651 882 700 perpetuis
901 669 909 678 ·
930 655 965 685 et
983 650 1027 685 ad
1047 650 1306 686 inveniendum
1325 650 1434 686 libros
1449 670 1457 678 ·
1478 651 1603 686 calices
1623 670 1631 679 ·
1652 650 1750 686 vesti-

242 716 364 746 menta
378 730 386 738 ·
406 711 529 745 vinum
547 729 555 737 ·
575 722 693 745 ceram
712 715 748 744 et
766 714 884 744 cetera
903 713 1116 743 ornamenta
1136 707 1345 744 sufficientia
1368 708 1405 743 in
1429 709 1592 757 predffiba
1615 709 1751 757 capella

242 768 437 816 sumptibus
461 767 586 803 nostris
612 772 720 815 prout
743 767 846 814 supra
863 765 1084 814 premittitur
1103 785 1111 793 ·
1143 766 1321 801 Volumus
1348 766 1455 802 etiam
1482 772 1518 802 et
1542 767 1750 802 ordinamus

242 827 338 874 quod
376 838 469 861 unus
499 825 744 873 predictorum
777 823 1044 871 capellanorum
1076 824 1136 871 qui
1167 837 1231 871 per
1263 837 1329 859 nos
1360 824 1509 860 heredes
1546 824 1683 860 nostros
1715 831 1751 860 et

242 884 449 919 successores
475 883 519 918 ad
546 883 614 918 hoc
638 881 833 930 specialiter
858 881 1081 929 presentatus
1105 881 1214 917 suerit
1237 882 1281 917 de
1304 882 1475 930 predictis
1493 882 1621 929 viginti
1638 882 1751 918 tribus

243 942 340 977 libris
358 941 549 976 tresdecem
578 940 695 975 solidis
721 944 757 975 et
783 944 938 986 quatuor
964 939 1118 975 denariis
1143 939 1315 988 percipiat
1337 945 1480 975 centum
1505 940 1635 975 solidos
1654 960 1662 968 ·
1691 941 1751 988 qui

244 1000 339 1035 dicte
362 999 495 1047 capelle
519 997 759 1033 conservande
781 1010 903 1032 curam
931 996 1177 1045 librorumque
1198 1017 1206 1025 ·
1235 998 1397 1033 omnium
1425 1003 1722 1033 ornamentorum
1741 1018 1750 1026 ·

241 1057 531 1093 vestimentorum
552 1076 560 1084 ·
579 1056 654 1091 vini
679 1061 715 1091 et
738 1069 818 1091 cere
845 1068 886 1091 ac
911 1055 1073 1091 omnium
1093 1055 1246 1091 aliorum
1266 1056 1310 1091 ad
1330 1056 1462 1091 dietam
1484 1055 1655 1104 capellam
1674 1069 1751 1104 per-

241 1115 432 1151 tinentium
452 1114 660 1162 diligentem
683 1113 876 1149 custodiam
900 1118 1004 1161 gerat
1028 1119 1064 1149 et
1087 1113 1215 1149 habeat
1235 1133 1243 1141 ·
1271 1114 1456 1149 reservatis
1475 1114 1752 1149 obventionibus

241 1172 406 1208 monibus
430 1177 465 1207 et
486 1170 630 1219 singulis
657 1171 813 1220 ejusdem
840 1171 975 1219 capelle
1003 1170 1145 1207 ecclesie
1172 1171 1365 1207 cathedrali
1386 1172 1431 1207 de
1451 1172 1569 1219 Elgyn
1589 1172 1751 1220 predit'ste

242 1232 298 1267 cui
319 1232 355 1266 in
374 1230 475 1266 nullo
490 1231 656 1266 volumus
675 1244 738 1279 per
752 1230 924 1279 prefatam
941 1230 1114 1279 capellam
1132 1230 1286 1266 nostram
1305 1231 1544 1280 prejudicium
1562 1231 1726 1279 generari
1742 1251 1750 1260 ·

243 1289 380 1337 Singuli
399 1302 485 1324 vero
504 1288 726 1336 reliquorum
747 1288 1014 1337 capellanorum
1035 1289 1234 1337 percipient
1252 1289 1382 1337 septem
1404 1302 1539 1324 marcas
1553 1308 1561 1316 ·
1584 1289 1752 1324 Preterea

243 1346 393 1395 presenti
429 1347 647 1382 ordinationi
677 1346 796 1382 nostre
832 1346 1019 1395 adjicimus
1053 1352 1095 1382 ut
1126 1347 1280 1395 prediefi
1307 1347 1464 1395 quinque
1500 1347 1673 1395 capellani
1702 1347 1751 1382 sui

244 1405 452 1453 presentiam
478 1405 610 1440 faciant
640 1405 734 1452 apud
763 1404 882 1453 Elgyn
910 1410 945 1440 et
977 1403 1201 1440 residentiam
1230 1405 1450 1451 personalem
1476 1405 1686 1453 incipientes
1715 1406 1751 1440 in

244 1463 382 1498 instanti
418 1463 502 1498 festo
540 1463 663 1498 Sancti
700 1463 848 1499 martini
884 1476 980 1498 anno
1018 1462 1170 1498 Domini
1204 1462 1386 1500 millesimo
1428 1467 1551 1499 ·ccc¹¹'⁰·
1587 1462 1751 1499 vicesimo

245 1522 374 1556 octavo
405 1521 536 1556 ibidem
568 1521 605 1555 in
637 1521 774 1569 capella
803 1521 906 1557 beate
938 1523 1052 1557 (Dal-ie
1086 1521 1247 1569 Virginis
1278 1521 1411 1556 missam
1444 1521 1633 1557 dicendam
1669 1534 1751 1557 cum

246 1585 331 1614 nota
361 1579 571 1614 celebraturi
601 1598 609 1606 ·
646 1579 731 1614 alias
753 1592 840 1614 vero
873 1579 986 1614 missas
1013 1579 1144 1614 ibidem
1173 1579 1228 1614 vel
1256 1579 1293 1614 in
1319 1579 1396 1614 aliis
1423 1579 1567 1627 capellis
1598 1592 1664 1627 pro
1696 1592 1752 1614 or-

246 1637 428 1672 dinatione
455 1637 594 1672 Decani
627 1643 662 1672 et
692 1637 838 1685 capituli
870 1637 1003 1673 dieturi
1023 1656 1030 1665 ι
1057 1637 1239 1685 quousque
1264 1638 1426 1683 predicta
1450 1637 1585 1685 capella
1605 1637 1650 1672 ad
1675 1650 1752 1685 per-

245 1695 374 1730 fectam
395 1699 431 1729 et
450 1694 587 1729 felicem
608 1695 807 1730 deducatur
826 1695 1169 1731 consummationem
1190 1715 1198 1723 ·
1228 1695 1275 1731 Et
1292 1701 1333 1731 ut
1351 1696 1416 1731 hec
1435 1694 1553 1731 nostra
1576 1695 1634 1743 pia
1658 1695 1752 1730 ordi-

246 1753 344 1788 natio
371 1758 406 1787 et
429 1752 559 1787 devota
586 1751 758 1788 concellio
785 1759 998 1802 perpetuum
1025 1753 1136 1789 robur
1157 1753 1285 1789 habeat
1309 1753 1487 1788 firmitatis
1510 1753 1752 1801 promittimus

247 1811 340 1845 bona
358 1810 428 1845 fide
447 1823 513 1844 nos
531 1810 633 1858 super
655 1811 723 1846 hoc
748 1812 882 1859 regiam
910 1811 1219 1847 confirmationem
1247 1812 1438 1860 impetrare
1465 1811 1648 1859 specialem
1669 1830 1676 1838 ·
1709 1811 1752 1846 In

247 1868 348 1916 eujus
372 1868 423 1902 rei
445 1867 684 1903 testimonium
714 1869 805 1916 parti
833 1869 939 1918 hujus
965 1870 1136 1918 scripture
1162 1869 1340 1918 duplicate
1368 1882 1476 1918 penes
1501 1869 1696 1917 capitulum
1715 1869 1752 1903 in

248 1924 390 1961 ecclesia
415 1924 628 1961 (Doravienli
655 1925 819 1962 residenti
846 1926 997 1974 sigillum
1022 1927 1180 1963 nostrum
1200 1947 1208 1955 ·
1229 1928 1320 1976 parti
1345 1941 1432 1963 vero
1457 1926 1622 1962 residenti
1644 1939 1753 1974 penes

248 1997 312 2018 nos
338 1982 488 2030 sigillum
517 1983 668 2031 predicti
697 1984 832 2019 domini
861 1985 1024 2034 Episcopi
1051 1985 1273 2021 autenticum
1306 1998 1379 2020 una
1407 1999 1489 2021 cum
1518 1983 1630 2032 figillo
1658 1998 1753 2019 com-

250 2042 348 2076 muni
374 2041 517 2088 capituli
547 2041 776 2077 moraviensis
804 2042 884 2077 sunt
915 2043 1067 2091 appensa
1085 2063 1093 2071 ·
1123 2043 1262 2079 Aetum
1292 2049 1328 2079 et
1357 2043 1478 2079 datum
1508 2042 1604 2088 apud
1634 2041 1753 2090 Elgyn

251 2099 331 2134 ·xvi·
353 2099 409 2134 die
428 2097 553 2133 mensls
571 2100 679 2147 (Dayy
699 2112 794 2135 anno
813 2106 848 2135 et
867 2101 956 2136 ciclo
976 2101 1184 2149 supradictis
1204 2121 1211 2129 ·
