2060 2660
573 182 678 218 REG
687 182 889 219 ISTRUM
917 183 1279 221 MORAVIENSE.
1603 187 1672 230 187

181 282 284 318 andri
301 287 337 318 et
354 281 506 317 aliorum
523 280 686 329 proxime
703 281 971 316 nominatorum
991 301 999 309 ·
1019 282 1063 318 de
1082 282 1250 317 mandato
1268 282 1370 331 ipsius
1389 284 1587 321 Alexandri
1606 306 1614 314 ·
1638 293 1673 321 et

181 341 218 376 in
244 339 418 388 presentia
443 338 673 374 dominorum
694 338 845 374 Roberti
864 339 909 374 de
928 339 1062 375 Sancto
1081 339 1189 375 Claro
1209 340 1333 375 decani
1352 346 1387 376 et
1406 341 1603 378 Alexandri
1630 344 1672 378 de

182 397 346 434 Urchard
364 397 526 432 canonici
545 395 776 433 (Doravienfis
806 416 814 424 ·
846 396 1021 433 Johannis
1040 397 1141 445 Gray
1159 397 1280 432 vicarii
1305 398 1348 433 de
1368 397 1527 434 Artildol
1556 419 1564 427 ·
1596 400 1673 436 Gil-

180 455 270 491 berti
288 474 297 482 ·
318 454 462 490 Patricii
481 474 489 482 ·
513 460 549 490 et
568 454 729 490 Donaldi
748 455 792 490 de
813 454 982 503 Kingucy
1000 460 1036 490 et
1055 455 1098 490 de
1117 454 1317 503 Logykeny
1335 460 1371 490 et
1392 455 1435 491 de
1455 456 1672 505 Kyncardyn

178 517 433 561 perpetuorum
452 513 666 548 vicariorum
697 532 705 540 ·
740 512 912 548 Richardi
929 513 993 548 filii
1012 512 1183 548 Willelmi
1210 512 1383 561 capellani
1412 532 1420 540 ·
1450 513 1605 549 Gilberti
1631 514 1674 549 de

179 570 412 618 Glencharny
430 569 566 605 domini
585 570 740 618 ejusdem
770 590 779 598 ·
810 570 959 606 Andree
979 571 1212 606 Faucounere
1234 571 1278 606 de
1296 570 1494 606 Lethinvar
1513 590 1521 598 ·
1541 576 1577 606 et
1596 571 1674 606 Hu-

178 627 280 675 gonis
298 628 341 664 de
362 628 438 663 Ros
457 628 500 663 de
518 628 712 676 Kylrawoc
729 628 906 664 baronum
925 648 934 656 ·
953 628 1137 665 malcolmi
1155 628 1188 664 le
1203 628 1349 664 Graunt
1364 648 1372 656 ·
1393 628 1514 663 David
1530 629 1651 664 Reede
1665 648 1672 656 ·

177 685 352 722 Johannis
371 686 415 722 de
434 686 573 734 Brothy
600 706 608 714 ·
639 686 846 722 Thomelini
867 685 987 734 Herys
1015 705 1024 714 ·
1055 685 1221 721 Ferchini
1248 691 1284 721 et
1305 686 1502 721 multorum
1525 686 1674 721 aliorum

178 743 389 779 clericorum
418 749 454 780 et
480 744 663 792 laycorum
692 764 700 772 -
729 744 767 779 in
793 744 912 791 ignem
940 743 1120 792 copiosum
1147 744 1185 778 in
1212 743 1309 779 dicta
1331 756 1472 780 camera
1493 743 1675 779 accensum

179 813 245 849 ego
276 802 438 837 notarius
468 802 709 850 infrascriptus
739 801 891 850 propriis
922 801 1086 837 manibus
1121 801 1422 837 concremandum
1453 801 1552 849 posui
1588 821 1596 828 ·
1632 802 1675 836 de

178 859 360 907 utriusque
387 860 498 908 partis
523 860 692 895 mandato
722 859 862 908 speciali
893 879 901 887 ·
932 865 968 895 et
995 872 1068 894 una
1095 872 1176 895 cum
1205 859 1375 907 predictis
1404 858 1568 894 omnibus
1596 859 1677 906 igne

178 922 344 952 voratum
359 923 394 953 et
408 918 657 966 consumptum
671 918 743 953 vidi
760 937 768 945 ·
783 918 821 952 in
838 915 975 965 fignum
995 923 1030 953 et
1048 917 1255 953 memoriale
1273 922 1485 966 perpetuum
1505 917 1601 965 quod
1619 917 1679 952 do-

179 974 267 1008 mini
286 975 330 1010 de
350 975 541 1011 Badenach
558 975 668 1011 nichil
685 980 809 1024 petant
826 980 888 1010 aut
905 981 1026 1023 petere
1044 975 1197 1011 habeant
1218 975 1255 1010 in
1276 975 1437 1011 futurum
1457 975 1500 1010 ab
1519 974 1679 1023 episcopo

179 1032 237 1067 vel
257 1031 400 1068 ecclefia
419 1032 633 1070 moravienfi
650 1047 715 1082 pro
733 1033 837 1069 terris
855 1034 1060 1068 memoratis
1079 1053 1087 1061 -
1116 1033 1231 1082 Super
1248 1033 1375 1081 quibus
1397 1033 1561 1068 omnibus
1586 1033 1678 1069 idem

181 1090 347 1126 dominus
367 1091 561 1140 Episcopus
578 1092 681 1140 petiit
698 1104 762 1139 per
779 1103 837 1126 me
855 1091 1035 1126 notarium
1055 1091 1315 1139 infrascriptum
1332 1090 1392 1127 fibi
1407 1091 1483 1126 fieri
1497 1091 1677 1139 publicum

181 1147 455 1184 instrumentum
474 1149 532 1185 seu
550 1149 692 1198 publica
705 1148 938 1184 instrumenta
957 1168 965 1176 ·
994 1149 1040 1184 In
1057 1162 1210 1196 quorum
1235 1149 1396 1184 omnium
1414 1149 1558 1184 firmum
1577 1154 1612 1184 et
1630 1149 1680 1183 in-

182 1205 375 1241 dubitabile
394 1206 633 1242 testimonium
652 1207 831 1255 presentes
853 1206 973 1242 literas
990 1207 1027 1242 in
1045 1207 1196 1242 formam
1220 1206 1444 1242 instrumenti
1470 1206 1599 1254 publici
1627 1220 1680 1241 re-

182 1263 304 1299 da6has
322 1264 416 1300 idem
442 1265 608 1300 dominus
627 1264 837 1300 Alexander
853 1264 1070 1300 Senescallus
1087 1263 1187 1312 figilli
1206 1264 1256 1300 sui
1274 1264 1357 1300 secit
1375 1262 1585 1312 appenfione
1604 1277 1679 1300 mu·-

182 1321 251 1355 niri
271 1341 279 1349 -
308 1322 446 1357 Datum
465 1328 501 1358 et
518 1324 640 1358 actum
658 1328 700 1358 ut
717 1322 821 1370 supra
837 1322 1056 1370 presentibus
1074 1322 1216 1357 testibus
1234 1322 1438 1358 memoratis
1458 1342 1466 1349 ·

182 1377 231 1413 Et
253 1392 320 1426 ego
339 1379 542 1416 W'illelmus
570 1381 614 1416 de
644 1380 801 1428 Spyneto
828 1380 977 1415 clericus
999 1378 1228 1416 moravienfis
1252 1379 1406 1428 dyocesis
1431 1380 1593 1428 publicus
1617 1381 1680 1415 im-

181 1437 306 1484 periali
323 1438 539 1474 au6toritate
557 1438 718 1474 notarius
734 1436 904 1486 premiffis
926 1438 1090 1473 omnibus
1112 1443 1148 1473 et
1168 1436 1312 1486 singulis
1336 1438 1421 1473 dum
1445 1443 1486 1473 ut
1509 1438 1680 1486 premitti-

182 1499 242 1529 tur
263 1501 456 1542 agerentur
475 1501 510 1531 et
527 1496 656 1532 fierent
673 1509 746 1531 una
767 1508 848 1531 cum
868 1495 1038 1543 prediffis
1064 1495 1207 1531 testibus
1232 1496 1373 1544 presens
1398 1496 1544 1531 interfui
1570 1509 1680 1542 eaque

182 1550 226 1587 fic
253 1552 330 1588 fieri
356 1553 428 1589 vidi
455 1559 491 1589 et
517 1554 637 1589 audivi
665 1559 701 1589 et
726 1566 790 1601 per
815 1552 923 1588 alium
951 1553 1118 1601 scriptum
1137 1553 1174 1588 in
1192 1554 1283 1589 hanc
1301 1553 1453 1589 formam
1475 1553 1597 1601 redegi
1618 1552 1680 1601 fig-

182 1623 301 1657 noque
333 1624 413 1646 meo
445 1611 546 1647 solito
579 1617 614 1647 et
644 1611 896 1659 subscriptione
924 1609 1055 1658 signavi
1085 1611 1121 1646 in
1149 1610 1387 1647 testimonium
1417 1611 1577 1646 omnium
1604 1623 1681 1658 pre-

182 1668 362 1703 missorum
382 1687 390 1695 ·

125 1843 128 1845 ’
184 1839 292 1875 Carta
310 1846 404 1876 terre
423 1840 459 1875 in
479 1841 592 1889 burgo
611 1838 655 1877 de
675 1838 793 1890 Elgyn
809 1857 817 1869 τ

87 1957 156 1994 160

183 1956 364 1994 Univerfis
383 1956 512 1994 Christi
530 1957 694 1993 fidelibus
712 1958 757 1993 ad
772 1971 925 2005 quorum
944 1958 1108 1994 notitiam
1127 1957 1269 2006 presens
1292 1957 1459 2006 scriptum
1478 1958 1681 2004 pervenerit

186 2014 393 2051 Alexander
411 2015 483 2051 Dei
501 2016 617 2063 gratia
634 2016 816 2064 episcopus
840 2015 1069 2053 moravienfis
1092 2021 1252 2052 eternam
1270 2016 1307 2051 in
1326 2016 1488 2051 Domino
1507 2015 1651 2051 salutem
1672 2035 1679 2042 ·

184 2073 338 2109 Noverit
364 2072 571 2109 universitas
599 2073 711 2109 vestra
741 2087 807 2109 nos
836 2087 910 2110 una
939 2087 1020 2110 cum
1052 2074 1221 2110 consensu
1250 2079 1286 2110 et
1314 2074 1470 2120 expressa
1495 2074 1679 2109 voluntate

184 2131 328 2179 capituli
350 2130 458 2166 nostri
481 2131 610 2166 dedisse
629 2130 826 2168 concefliss'e
845 2137 880 2168 et
898 2132 941 2168 ad
960 2132 1196 2168 seodifirmam
1215 2131 1373 2168 dimififfe
1392 2137 1427 2168 et
1444 2132 1511 2167 hoc
1529 2131 1679 2180 presenti

184 2188 310 2237 scripto
339 2189 559 2225 confirmaffe
591 2189 740 2225 Andree
768 2190 842 2226 filio
868 2190 1021 2226 Roberti
1047 2189 1211 2238 burgensi
1240 2190 1284 2226 de
1308 2190 1427 2238 Elgyn
1455 2209 1462 2217 ·
1492 2188 1679 2224 heredibus

184 2245 250 2281 suis
269 2252 304 2282 et
321 2247 389 2283 suis
407 2245 584 2295 assignatis
602 2248 689 2283 duas
707 2248 895 2296 perticatas
908 2248 1070 2296 burgagii
1083 2248 1245 2297 jacentes
1258 2261 1302 2284 ex
1316 2253 1415 2296 parte
1429 2246 1562 2282 boreali
1576 2246 1679 2293 burgi

184 2303 227 2338 de
245 2303 363 2352 Elgyn
380 2305 476 2341 inter
493 2310 606 2341 terras
626 2305 777 2342 Henrici
790 2306 949 2342 vitrearii
968 2319 1012 2342 ex
1026 2311 1126 2355 parte
1141 2306 1304 2342 orientali
1320 2311 1355 2341 et
1369 2303 1577 2340 occidentali
1596 2315 1675 2338 cum
