1912 2660
613 184 928 221 REGISTRUM
956 185 1316 223 MORAVIENSE.
1632 193 1705 231 347

219 286 292 321 vati
310 304 319 313 ·
338 290 373 320 et
391 296 456 332 pro
474 283 723 319 itinerantibus
746 283 792 318 ad
815 283 945 318 dictam
967 283 1119 319 sanctam
1138 285 1397 332 indulgentiam
1414 285 1569 322 ‹nillefies
1586 287 1706 323 Pater

219 344 337 390 noster
353 340 509 389 qualibet
527 340 720 388 septimana
737 340 893 376 dixerint
912 359 920 367 -
947 341 1144 388 predictam
1168 341 1430 388 indulgenciam
1456 342 1607 379 habeant
1629 345 1705 392 pari

218 399 325 435 modo
340 418 348 426 ·
377 398 413 435 Si
431 403 549 434 autem
565 398 690 445 aliquis
708 397 765 433 fur
782 397 839 433 vel
856 397 952 433 sures
967 417 975 425 ·
995 398 1091 445 quod
1109 397 1194 433 abfit
1208 418 1217 426 ·
1236 398 1379 446 vespilio
1398 399 1454 434 vel
1471 399 1677 447 vespiliones
1696 420 1704 428 ·

215 456 350 492 itineris
368 455 425 491 vel
439 455 677 503 cujuscunque
696 455 841 490 alterius
859 454 911 490 rei
929 454 1042 491 custos
1056 455 1113 491 vel
1131 455 1291 492 custodes
1308 456 1366 491 vel
1384 456 1489 491 etiam
1507 456 1706 504 quicunque

216 513 380 550 euntibus
398 513 443 548 ad
465 513 619 548 sanctam
644 512 824 548 civitatem
842 512 901 548 vel
917 512 1191 560 repatriantibus
1208 512 1252 548 ab
1270 512 1393 548 eadem
1414 513 1706 560 impedimentum

215 570 271 607 vel
301 570 539 618 quodcunque
570 583 764 618 gravamen
792 570 924 605 directe
952 570 1008 606 vel
1038 570 1210 606 indirecte
1231 569 1393 618 juvando
1421 570 1479 605 vel
1504 570 1706 606 auxiliando

214 627 316 663 ausus
338 628 395 663 vel
420 626 492 663 aufi
517 628 651 663 fuerint
677 628 808 663 inferre
833 632 981 675 propter
1007 628 1103 675 quod
1127 627 1327 663 obedientie
1353 627 1417 662 filii
1443 627 1480 662 in
1507 627 1625 663 eundo
1650 629 1706 663 vel

214 685 399 721 redeundo
418 685 689 721 molestarentur
707 705 717 714 ·
743 685 1030 721 maledictionem
1054 684 1293 733 apostolorum
1313 684 1409 720 Petri
1428 690 1463 720 et
1482 684 1583 720 Pauli
1600 699 1705 732 quam

214 743 451 791 imprecamur
468 743 501 778 se
520 743 662 778 noverit
679 743 861 778 incurrisse
874 762 882 770 ·
903 743 951 778 Et
968 742 1219 778 nichilominus
1238 755 1283 777 ne
1301 741 1449 778 facultas
1467 742 1570 778 venie
1589 743 1707 778 incen-

214 800 327 836 tivum
351 800 484 836 tribuat
502 800 731 848 delinquendi
750 819 758 828 ·
784 800 950 836 volumus
967 805 1008 835 ut
1026 800 1086 847 qui
1103 799 1302 847 hujusmodi
1321 799 1554 834 ordinationis
1576 799 1707 835 fractor

213 857 320 893 fuerit
330 858 388 893 vel
399 858 553 893 violator
565 877 573 886 ·
586 856 649 893 nifi
662 858 707 893 ad
720 871 786 893 nos
800 857 857 893 seu
872 857 1166 893 Penitentiarium
1180 856 1338 892 nostrum
1357 856 1572 892 cardinalem
1590 870 1707 892 recur-

213 915 287 950 sum
306 915 469 950 habuerit
487 921 523 951 et
539 914 602 950 nifi
615 915 739 950 mortis
757 915 916 963 periculo
940 915 1102 963 premisso
1122 915 1296 949 duntaxat
1314 914 1457 961 dampni
1484 913 1572 949 illati
1591 914 1707 950 debita

213 972 449 1008 satisfactione
476 973 695 1008 absolutione
721 985 796 1007 non
822 972 976 1019 gaudeat
999 972 1251 1019 quoquomodo
1271 991 1279 999 ·
1307 971 1486 1007 Volumus
1504 971 1644 1020 insuper
1671 978 1706 1008 et

215 1030 420 1065 ordinamus
438 1035 479 1065 ut
498 1030 699 1077 Romipede
716 1029 829 1078 patrie
849 1029 1014 1065 Romane
1027 1048 1035 1057 ·
1055 1028 1250 1076 Campanie
1265 1048 1273 1056 -
1294 1027 1414 1064 Tuflie
1429 1047 1437 1056 ·
1459 1028 1592 1077 Apulie
1611 1048 1620 1057 ·
1641 1029 1707 1065 Ca-

215 1087 325 1123 labrie
339 1087 556 1135 principatus
571 1087 720 1122 Laboris
739 1092 774 1122 et
790 1086 892 1122 Italie
910 1087 954 1122 ad
973 1086 1100 1134 pedem
1117 1086 1248 1121 montis
1266 1086 1303 1121 in
1318 1086 1513 1134 predictam
1528 1086 1707 1122 civitatem

216 1157 280 1192 per
305 1157 418 1179 unum
448 1144 602 1180 mensem
627 1144 848 1191 frequentem
873 1142 1099 1179 refidenciam
1125 1143 1256 1179 faciant
1281 1143 1437 1190 qualibet
1463 1143 1520 1179 die
1543 1143 1708 1179 videlicet

215 1200 386 1237 visitando
407 1201 576 1237 Sanctum
595 1203 741 1237 Petrum
761 1221 769 1229 -
796 1201 965 1237 Sanctum
983 1201 1224 1236 Laurencium
1243 1206 1343 1236 extra
1361 1213 1481 1236 muros
1500 1219 1509 1228 ·
1537 1201 1705 1237 Sanctum

215 1259 418 1295 Johannem
447 1259 490 1294 de
513 1259 692 1294 Laterano
712 1278 720 1286 ·
750 1259 914 1294 Sanctam
939 1258 1089 1295 mariam
1115 1263 1276 1293 vocatam
1304 1258 1337 1293 le
1363 1258 1483 1304 major
1502 1277 1510 1285 ·
1542 1258 1706 1294 Sanctam

216 1316 370 1352 Crucem
389 1316 426 1351 in
439 1316 633 1353 Jerusalem
647 1335 655 1344 ·
676 1316 844 1352 Sanctum
863 1315 1102 1351 Sebastianum
1120 1316 1178 1363 qui
1197 1315 1264 1350 fuit
1282 1315 1396 1351 dictus
1419 1316 1457 1350 in
1476 1316 1618 1351 cronica
1634 1316 1706 1352 Ro-

216 1386 321 1408 mana
336 1374 493 1421 Scriptus
508 1393 516 1401 ·
538 1373 582 1408 In
601 1373 662 1409 isto
681 1373 761 1409 loco
780 1372 828 1408 est
845 1373 966 1408 divina
979 1371 1156 1421 promissio
1172 1392 1180 1400 ·
1199 1378 1426 1420 peccatorum
1444 1371 1595 1408 remiffio
1610 1393 1618 1400 ·
1639 1373 1706 1409 cla-

217 1431 301 1466 ritas
319 1436 491 1479 perpetua
508 1430 643 1466 meritis
660 1430 753 1466 beati
772 1431 869 1466 Petri
888 1450 896 1458 ·
925 1430 1115 1466 sebastiani
1138 1430 1303 1477 martyris
1322 1449 1329 1457 -
1358 1435 1393 1465 et
1410 1435 1556 1478 propter
1572 1430 1706 1466 sanctas

216 1488 465 1523 cathecumbas
491 1487 729 1536 apostolorum
749 1488 846 1523 Petri
864 1493 899 1523 et
919 1487 1020 1522 Pauli
1039 1507 1046 1515 -
1075 1493 1111 1523 et
1137 1488 1274 1522 ratione
1299 1487 1461 1522 cimiterii
1489 1487 1607 1523 Sancti
1626 1487 1707 1523 Cal-

216 1545 280 1580 ixti
299 1546 394 1592 quod
413 1545 461 1580 est
478 1545 525 1580 ibi
545 1564 553 1572 ·
581 1550 616 1581 et
638 1545 777 1581 ratione
801 1545 1021 1593 septuaginta
1039 1550 1234 1592 martyrum
1254 1545 1313 1592 qui
1332 1544 1378 1579 ibi
1397 1544 1519 1592 sepulti
1537 1544 1617 1580 sunt
1636 1564 1644 1572 ·
1672 1551 1707 1581 et

217 1603 437 1650 septuaginta
454 1602 681 1650 pontificibus
699 1603 759 1649 qui
772 1615 837 1650 pro
853 1602 925 1638 Dei
939 1615 1059 1637 amore
1073 1602 1271 1637 martirium
1290 1601 1536 1649 pertulerunt·
1556 1600 1708 1638 Vifitent

218 1660 358 1707 insuper
376 1659 571 1707 apostolum
589 1660 650 1707 qui
664 1660 821 1695 veritatis
839 1660 956 1695 extitit
973 1658 1199 1695 lucidiffimus
1214 1659 1414 1707 predicator
1432 1678 1440 1686 ·
1470 1658 1708 1695 Provinciales

217 1730 304 1752 vero
329 1722 364 1752 et
384 1716 516 1752 Gallici
535 1736 543 1744 ·
572 1716 780 1764 Arragones
802 1722 838 1752 et
856 1716 1043 1753 Castellani
1063 1736 1071 1744 ·
1099 1716 1252 1752 Navarri
1272 1736 1280 1744 ·
1308 1716 1453 1763 Anglici
1474 1735 1482 1744 ·
1501 1716 1679 1753 Vascones
1698 1736 1705 1745 ·

221 1774 389 1821 Hungari
412 1793 421 1801 ·
450 1774 547 1809 Scoti
576 1779 611 1809 et
639 1779 755 1809 cetere
783 1774 949 1809 naciones
977 1787 1040 1822 per
1069 1787 1138 1809 ·xv·
1167 1774 1241 1809 dies
1268 1773 1306 1808 in
1334 1773 1428 1809 dicta
1455 1774 1597 1810 civitate
1625 1787 1707 1810 con·
1758 1775 1803 1799 ⁰¹⁸
1830 1783 1866 1798 ⁰¹¹¹

219 1831 320 1866 tinue
338 1829 512 1866 refideant
529 1831 704 1879 predictas
723 1830 880 1867 ecclefias
894 1830 1068 1867 visitantes
1087 1851 1095 1859 ·
1116 1831 1210 1867 Cum
1223 1836 1341 1867 autem
1359 1831 1500 1867 fidelem
1518 1831 1615 1867 istam
1631 1845 1708 1880 pre-

219 1888 349 1924 dictam
385 1888 612 1924 devotionem
646 1889 904 1937 compleverint
934 1888 1136 1924 ostendetur
1162 1889 1211 1924 eis
1237 1888 1415 1924 sudarium
1439 1888 1574 1924 domini
1600 1889 1708 1925 nostri

220 1945 303 1982 Jesu
318 1945 446 1981 Christi
464 1959 508 1981 ex
526 1946 694 1981 mandato
712 1946 830 1981 nostro
850 1966 858 1974 ·
885 1959 956 1993 quo
975 1946 1048 1981 viso
1066 1946 1109 1981 ab
1127 1946 1290 1981 omnibus
1308 1946 1460 1994 peccatis
1478 1946 1544 1981 suis
1561 1945 1627 1982 fint
1650 1947 1708 1982 ab-

219 2002 323 2038 soluti
349 2008 385 2038 et
407 2003 670 2049 indulgenciam
697 2003 849 2039 habeant
874 2003 1088 2039 antedictam
1113 2003 1157 2039 ab
1184 2003 1311 2039 eisdem
1337 2022 1345 2031 ·
1373 2003 1504 2050 nosque
1535 2017 1578 2039 ex
1608 2010 1707 2052 parte

221 2060 355 2095 domini
373 2060 481 2095 nostri
499 2060 582 2097 Jesu
605 2060 733 2096 Christi
754 2061 854 2109 cujus
877 2061 994 2096 sumus
1016 2061 1167 2097 vicarius
1184 2061 1221 2096 in
1239 2061 1342 2096 terris
1360 2061 1561 2096 reducimus
1586 2074 1707 2096 omnes

222 2117 300 2152 illos
318 2118 363 2152 ad
383 2117 509 2153 statum
527 2118 626 2153 illum
646 2118 683 2153 in
701 2131 771 2165 quo
790 2123 891 2154 erant
908 2118 970 2153 illo
988 2118 1044 2154 die
1062 2132 1132 2166 quo
1151 2118 1285 2154 sacrum
1307 2118 1475 2166 baptisma
1498 2123 1707 2166 receperunt

227 2174 270 2209 de
283 2175 402 2221 gracia
414 2175 552 2222 speciali
566 2194 574 2203 ·
595 2175 857 2211 Confirmamus
874 2175 1014 2223 insuper
1031 2180 1066 2211 et
1082 2176 1224 2212 virtutis
1241 2175 1369 2211 robore
1386 2175 1573 2210 solidamus
1587 2187 1707 2209 omnes

225 2231 358 2278 gracias
376 2238 412 2268 et
429 2232 671 2280 indulgencias
689 2232 912 2280 quascunque
930 2233 1166 2269 ducentorum
1184 2233 1400 2268 summorum
1418 2232 1623 2280 pontificum
1647 2231 1707 2277 qui
