2066 2780
265 793 312 823 43

251 1887 299 1916 44

346 178 392 210 88
745 176 1060 213 REGISTRUM
1087 174 1448 212 MORAVIENSE.

346 274 389 309 de
408 275 501 310 Scon
521 294 528 302 ·
550 275 640 310 Rad‘
658 275 783 311 abbate
802 276 846 311 de
866 275 1011 324 Coupre
1024 294 1032 302 ·
1047 274 1206 321 Hugone
1225 272 1350 308 abbate
1369 272 1413 307 de
1432 270 1630 306 Neubothil
1645 290 1653 298 ·
1669 270 1838 319 Raynero

344 331 468 367 abbate
499 333 543 368 de
573 333 714 381 Kynlos
745 352 754 360 ·
787 333 929 368 Comite
962 332 1140 367 Duncano
1166 329 1360 378 justiciario
1393 348 1400 355 ·
1434 327 1601 363 Gilberto
1633 329 1762 364 comite
1793 330 1837 364 de

344 390 551 426 stratheren
579 410 587 419 ·
607 390 782 438 Gylbride
801 390 931 425 comite
950 389 993 424 de
1013 388 1163 435 Anegus
1183 406 1191 414 ·
1213 387 1374 421 Roberto
1394 391 1429 420 et
1448 385 1629 421 Willelmo
1648 386 1837 434 capellanis

344 447 430 481 meis
461 467 469 475 ·
500 447 658 495 Hugone
677 448 721 483 de
739 446 850 494 sigillo
869 459 949 481 meo
968 445 1097 480 clerico
1129 464 1137 472 ·
1170 443 1352 478 W'illelmo
1372 443 1416 478 de
1437 442 1543 490 Haya
1572 462 1580 470 ·
1609 443 1774 479 Galfrido
1793 445 1837 479 de

343 503 511 540 maleuile
530 524 538 532 ·
559 505 739 540 Willelmo
758 505 802 539 de
820 502 990 540 moruilla
1016 521 1024 529 ·
1054 501 1166 549 Apud
1187 500 1385 548 Kyngorne
1405 519 1413 527 ·

342 675 526 711 Concessio
548 676 690 711 Ricardi
709 674 860 723 episcopi
879 674 922 709 de
941 671 1083 709 ecclelia
1100 672 1144 707 de
1165 671 1397 707 Inuerhouen
1418 691 1426 699 ·

340 790 517 826 Omnibus
535 791 653 826 sancte
667 790 788 825 matris
806 787 946 823 ecclesie
961 787 1041 822 filiis
1059 787 1103 822 ad
1118 799 1206 833 quos
1220 785 1280 821 iste
1294 786 1397 821 litere
1411 788 1641 834 pervenerint
1657 788 1833 825 Ricardus

340 847 409 882 Dei
427 848 541 894 gratia
559 845 788 884 moraviensis
815 845 995 893 episcopus
1022 843 1168 879 salutem
1199 863 1206 871 ·
1237 843 1392 879 Noverit
1412 843 1619 880 universitas
1637 845 1749 882 vestra
1767 860 1832 882 nos

338 905 466 940 dediss'e
480 911 515 940 et
529 903 723 940 concessiffe
737 903 885 938 Andree
899 901 1103 950 presbytero
1116 901 1159 937 de
1172 901 1339 948 Brechyn
1351 900 1530 937 ecclesiam
1543 902 1587 938 de
1601 902 1830 940 Inuerhouen

337 963 373 996 in
400 962 545 997 liberam
572 968 607 997 et
634 974 757 1010 puram
781 958 1004 996 elemofinam
1029 972 1110 995 cum
1133 959 1299 994 omnibus
1316 959 1384 994 suis
1396 959 1498 1007 justis
1515 961 1739 1008 pertinentiis
1763 981 1771 989 ·
1797 969 1832 997 et

336 1032 416 1054 eum
437 1020 473 1054 in
492 1020 613 1055 eadem
633 1017 774 1054 ecclesia
791 1017 985 1066 pontificali
1003 1017 1218 1052 au6toritate
1236 1016 1468 1064 personaliter
1481 1017 1660 1053 instituifl'e
1680 1038 1687 1046 ·
1709 1019 1831 1061 Quare

335 1076 498 1112 volumus
516 1083 557 1112 ut
573 1077 729 1125 prefatus
752 1075 917 1110 Andreas
938 1080 1058 1110 teneat
1076 1079 1311 1110 memoratam
1330 1073 1508 1110 ecclefiam
1527 1075 1617 1111 adeo
1635 1076 1793 1123 plenarie
1821 1097 1829 1104 ·

334 1135 450 1180 quiete
477 1140 512 1169 et
538 1134 732 1169 honorifice
758 1132 844 1169 ficut
870 1132 995 1180 aliquis
1021 1132 1111 1167 alius
1138 1132 1288 1168 clericus
1314 1133 1352 1168 in
1377 1138 1456 1168 toto
1485 1133 1686 1181 episcopatu
1711 1134 1830 1170 nostro

332 1191 483 1238 aliquam
503 1190 681 1227 ecclefiam
700 1205 743 1227 ex
761 1191 879 1226 nostra
897 1190 1091 1226 donatione
1109 1190 1256 1226 liberius
1286 1210 1294 1218 ·
1324 1191 1464 1238 plenius
1483 1196 1518 1226 et
1536 1191 1830 1228 honorificentius

331 1254 429 1284 tenet
446 1255 482 1284 et
499 1248 646 1297 possidet
675 1269 683 1277 ·
728 1249 840 1285 Salvis
857 1249 895 1283 in
914 1248 1080 1283 omnibus
1099 1248 1355 1296 episcopalibus
1381 1249 1659 1284 rectitudinibus
1685 1256 1720 1285 et
1747 1263 1829 1285 con-

331 1306 571 1341 suetudinibus
598 1326 606 1334 -
635 1306 686 1342 Ut
713 1312 833 1342 autem
860 1307 925 1342 hec
953 1305 1071 1341 nostra
1097 1306 1244 1342 donatio
1267 1312 1303 1342 et
1326 1305 1500 1342 conceflio
1518 1306 1622 1342 firma
1640 1307 1773 1343 constet
1792 1309 1827 1342 in

330 1363 504 1410 posterum
534 1383 542 1391 ·
575 1377 652 1399 eam
670 1364 840 1412 presentis
859 1364 975 1412 scripti
994 1365 1195 1412 patrocinio
1214 1365 1479 1400 communimus
1509 1384 1517 1392 ·
1548 1370 1584 1400 et
1601 1363 1701 1413 figilli
1720 1365 1827 1401 nostri

328 1420 542 1468 appositione
560 1422 806 1458 roboravimus
835 1442 843 1450 ·
872 1421 1035 1458 Testibus
1054 1422 1253 1471 Gillecryst’
1280 1423 1411 1458 comite
1438 1423 1482 1459 de
1506 1425 1606 1459 marr
1632 1442 1639 1450 ·
1664 1423 1826 1471 magistro

334 1478 492 1514 Roberto
511 1480 761 1516 archidiacono
789 1500 797 1508 ·
819 1480 987 1517 (Dacbeth
1006 1480 1209 1517 macferkar
1233 1500 1242 1508 ·
1270 1480 1465 1516 Lamberto
1491 1500 1499 1508 ·
1528 1480 1695 1516 Galfrido
1714 1482 1827 1530 capel-

331 1536 417 1570 lanis
437 1556 444 1563 -
466 1535 624 1583 Hugone
652 1557 659 1565 ·
692 1537 853 1573 Henrico
873 1558 880 1566 ·
901 1538 1058 1574 Ricardo
1077 1538 1214 1574 clericis
1234 1539 1397 1587 Episcopi
1427 1558 1434 1566 ·
1464 1539 1583 1574 Bricio
1602 1539 1737 1575 decano
1763 1559 1771 1566 ·
1792 1547 1826 1575 et

330 1593 449 1628 multis
466 1594 542 1628 aliis
565 1614 571 1621 -

332 1765 489 1800 Donatio
512 1766 654 1802 Ricardi
674 1768 823 1815 episcopi
842 1769 943 1816 super
961 1769 1103 1805 ecclelia
1121 1771 1165 1806 de
1186 1770 1391 1818 Abirnythy
1407 1790 1414 1797 ·

331 1880 506 1915 Ricardus
526 1881 595 1916 Dei
621 1882 736 1928 gratia
761 1883 990 1919 moraviensis
1019 1886 1200 1934 episcopus
1227 1885 1392 1921 omnibus
1420 1886 1540 1921 sancte
1569 1886 1692 1921 matris
1714 1886 1823 1921 eccle-

328 1936 371 1972 sie
389 1937 469 1972 filiis
487 1937 631 1974 salutem
651 1939 687 1974 in
706 1939 868 1976 Domino
885 1960 893 1969 ·
914 1942 1033 1978 Sciant
1051 1944 1229 1991 presentes
1248 1950 1284 1979 et
1301 1944 1413 1979 futuri
1431 1956 1489 1979 me
1507 1943 1637 1979 dediss'e
1656 1962 1665 1971 ·
1684 1944 1822 1979 conces-

327 1993 396 2029 fiss'e
420 2002 454 2030 et
483 1996 548 2031 hac
577 1997 727 2044 presenti
757 2003 853 2033 carta
877 2012 956 2035 mea
976 2001 1194 2037 confirmasse
1219 2015 1285 2050 pro
1312 2014 1434 2037 amore
1463 2001 1535 2037 Dei
1564 2001 1719 2037 Patricio
1747 2001 1821 2036 filio

327 2051 512 2088 Guillelmi
538 2053 716 2090 ecclesiam
743 2056 787 2091 de
814 2056 1028 2106 Abyrnythy
1052 2072 1133 2094 cum
1160 2060 1326 2096 omnibus
1347 2059 1448 2108 justis
1474 2059 1697 2108 pertinentiis
1725 2059 1792 2094 suis
1811 2079 1819 2086 ·

325 2110 516 2146 tenendam
543 2112 578 2146 in
607 2112 752 2148 liberam
781 2119 816 2148 et
842 2127 966 2162 puram
989 2116 1214 2152 elemosinam
1232 2118 1323 2153 adeo
1340 2117 1451 2153 libere
1471 2136 1479 2145 ·
1498 2117 1616 2164 quiete
1629 2136 1637 2144 ·
1657 2115 1744 2152 ficut
1760 2117 1819 2152 alii

324 2167 441 2203 clerici
461 2168 568 2204 nostri
586 2170 623 2205 in
641 2170 841 2219 episcopatu
859 2171 978 2207 nostro
997 2173 1154 2210 ecclefias
1172 2175 1248 2210 suas
1266 2175 1412 2212 liberius
1425 2180 1548 2211 tenent
1567 2179 1603 2210 et
1620 2172 1796 2222 poffident
1810 2194 1817 2201 ·

323 2225 422 2259 salvis
453 2226 705 2275 episcopalibus
749 2248 757 2256 ·
800 2228 1041 2266 Concessiinus
1069 2232 1174 2267 etiam
1203 2234 1317 2269 eidem
1347 2239 1479 2269 terram
1508 2231 1660 2268 nostram
1690 2232 1819 2267 scilicet

323 2282 502 2319 dimidium
524 2285 716 2321 ‹lauachnm
737 2300 805 2334 quo
829 2287 959 2335 spectat
986 2289 1030 2323 ad
1058 2290 1255 2336 predicstam
1285 2290 1463 2327 ecclesiam
1496 2311 1503 2318 ·
1536 2290 1726 2325 tenendam
1760 2288 1816 2324 libi
