2060 2660
384 174 456 205 ‘28⁸2
783 170 889 207 REG
897 170 1099 207 ISTRUM
1130 169 1448 207 MORAVIENS
1455 171 1494 206 E.

382 276 491 318 prout
521 270 647 305 melius
676 270 807 306 viderit
834 270 1002 319 expedire
1031 269 1214 305 distribuet
1233 289 1241 298 ·
1271 270 1381 312 Quod
1409 267 1433 303 fi
1462 268 1548 303 (1ίᾶὶί
1578 268 1705 304 fratres
1734 270 1889 305 minores

382 328 511 364 ibidem
536 341 610 364 non
639 329 774 364 suerint
798 329 855 364 vel
883 342 1027 364 manere
1054 328 1239 363 noluerint
1258 347 1266 355 ·
1289 327 1393 362 firma
1415 326 1593 361 dictarum
1621 331 1797 362 terrarum
1826 341 1889 374 per

381 385 564 422 confilium
584 387 671 422 di<ffi
693 387 855 435 Episcopi
883 392 918 422 et
944 386 1176 421 successorum
1204 385 1347 419 suorum
1372 396 1412 418 ac
1437 383 1582 431 capituli
1601 384 1832 421 moraviensis
1850 386 1887 420 in

379 443 666 480 sustentationem
692 445 847 480 duorum
875 444 1141 491 capellanorum
1168 443 1205 476 in
1230 440 1373 477 ecclesia
1398 441 1594 476 cathedrali
1620 442 1663 477 de
1686 442 1802 491 Elgyu
1822 457 1886 492 pro

378 502 563 538 animabus
592 503 752 538 omnium
782 502 942 537 fidelium
972 501 1227 536 defunctorum
1256 499 1293 534 in
1320 505 1534 547 perpetuum
1562 499 1885 537 ministraturorum

378 561 520 609 penitus
538 566 770 596 convertetur
790 580 797 588 ·
826 564 994 594 manente
1013 571 1121 606 penes
1141 557 1279 592 dictum
1297 557 1510 605 Episcopum
1529 563 1565 593 et
1583 557 1658 606 ejus
1677 558 1886 595 successores

377 618 596 655 institutione
626 625 662 655 et
690 618 917 654 destitutione
947 617 1128 652 dictorum
1155 615 1422 663 capellanorum
1443 635 1451 643 -
1481 615 1604 658 Quare
1628 616 1712 652 volo
1740 622 1776 652 et
1802 630 1885 653 con-

376 678 466 713 cedo
480 683 521 713 ut
536 678 653 713 dieitus
670 677 862 725 Episcopus
881 681 916 711 et
935 674 1119 710 successuri
1137 673 1188 708 sui
1202 686 1327 709 omnes
1341 673 1493 722 episcopi
1513 675 1753 710 moravienses
1772 676 1885 712 dietas

376 741 488 771 terras
507 748 571 784 per
592 736 708 771 rectas
727 733 850 769 divisas
869 733 945 768 suas
964 737 999 767 et
1018 745 1100 767 cum
1120 731 1286 766 omnibus
1304 732 1529 780 pertinentiis
1547 732 1615 767 suis
1634 732 1670 768 in
1688 732 1792 768 bosco
1813 753 1820 761 ·
1847 734 1883 769 in

374 793 482 841 plano
502 813 510 821 ·
530 794 567 828 in
586 793 695 841 pratis
715 812 723 820 ·
743 793 779 827 in
799 791 933 840 pascuis
952 809 960 817 ·
980 790 1017 824 in
1036 789 1146 824 moris
1165 809 1173 817 ·
1193 789 1231 824 in
1249 788 1402 825 marefiis
1421 809 1429 818 ·
1454 790 1492 824 in
1515 789 1644 838 stagnis
1664 810 1671 818 ·
1691 791 1728 826 in
1748 791 1882 827 molen-

374 851 465 886 dinis
485 871 493 879 ·
519 852 555 886 in
574 851 673 898 aquis
694 870 702 878 ·
728 850 765 884 in
787 848 941 897 piscariis
960 867 968 875 ·
993 848 1030 882 in
1049 848 1114 883 viis
1134 866 1142 875 ·
1166 847 1204 882 in
1227 847 1357 883 semitis
1377 867 1385 875 ·
1410 848 1448 883 in
1469 848 1553 883 feris
1572 867 1580 876 ·
1604 849 1641 884 in
1665 849 1788 885 avibus
1808 870 1815 877 -
1844 851 1880 885 in

372 909 569 945 domesticis
594 915 629 944 et
658 907 808 955 silvagiis
831 912 867 942 et
891 905 1056 941 omnibus
1088 905 1314 954 pertinentiis
1345 904 1567 954 ayfiamentis
1598 917 1634 942 et
1659 907 1881 943 libertatibus

371 967 438 1002 suis
457 967 493 1002 in
513 980 639 1015 puram
659 972 694 1001 et
712 971 922 1014 perpetuam
950 962 1177 999 elemosinam
1203 963 1358 999 habeant
1384 969 1532 1000 teneant
1559 970 1594 1000 et
1620 963 1817 1013 poffideant
1843 967 1879 1001 in

369 1024 546 1072 posterum
578 1025 623 1059 ad
654 1023 940 1059 sustentationem
966 1022 1174 1057 alterutrius
1200 1020 1389 1058 elemosine
1416 1022 1705 1069 supranominate
1729 1024 1819 1059 adeo
1842 1024 1880 1059 li-

368 1083 451 1118 bere
479 1083 597 1130 quiete
633 1082 790 1130 plenarie
820 1087 855 1116 et
883 1080 1081 1116 honorifice
1108 1079 1195 1115 ficut
1225 1080 1343 1128 aliqua
1370 1079 1560 1116 elemosina
1591 1081 1628 1116 in
1656 1086 1734 1116 toto
1766 1095 1878 1130 regno

368 1141 486 1176 scotie
504 1140 648 1176 liberius
673 1140 827 1187 quietius
845 1138 986 1187 plenius
1013 1144 1049 1174 et
1075 1138 1373 1174 honorificentius
1400 1138 1553 1174 habetur
1580 1144 1724 1175 tenetur
1747 1146 1782 1175 et
1803 1141 1878 1188 pos-

366 1197 496 1233 sidetur
516 1218 524 1225 ·
554 1198 635 1246 Ego
661 1203 697 1233 et
720 1197 870 1233 heredes
895 1197 966 1232 mei
997 1209 1122 1232 omnes
1151 1210 1218 1243 pro
1247 1196 1398 1232 servitiis
1424 1197 1692 1245 quibuscunque
1719 1204 1754 1233 et
1781 1200 1879 1234 auxi-

365 1256 419 1290 liis
444 1269 513 1303 que
541 1256 584 1291 de
611 1255 784 1304 predi&is
806 1254 911 1291 terris
936 1254 979 1290 ab
1006 1254 1126 1302 aliquo
1153 1254 1191 1289 in
1217 1254 1397 1303 posterum
1422 1255 1516 1303 exigi
1540 1260 1712 1303 poterunt
1738 1256 1879 1304 plenius

364 1314 656 1362 respondebimus
675 1333 683 1341 ·
714 1314 815 1356 Quas
833 1313 941 1349 etiam
960 1318 1073 1348 terras
1092 1326 1217 1348 omnes
1236 1326 1318 1349 cum
1341 1313 1410 1348 suis
1433 1314 1659 1361 pertinentiis
1679 1334 1687 1341 -
1708 1314 1877 1351 libertati-

364 1372 429 1407 bus
448 1372 563 1407 eidem
585 1372 761 1420 Episcopo
785 1377 821 1407 et
844 1371 913 1407 suis
934 1371 1185 1407 successoribus
1210 1371 1376 1407 omnibus
1399 1372 1444 1407 ad
1466 1371 1754 1409 sustentationem
1780 1375 1876 1411 dicte

362 1429 552 1466 elemosine
586 1431 623 1465 in
660 1436 876 1479 perpetuum
906 1443 973 1478 ego
1005 1436 1041 1465 et
1072 1430 1222 1466 heredes
1249 1430 1319 1465 mei
1347 1435 1474 1465 contra
1501 1443 1625 1466 omnes
1652 1431 1814 1468 homines
1841 1442 1875 1469 et

362 1488 510 1523 feminas
539 1489 854 1524 warandizabimus
874 1508 882 1516 ·
917 1488 1028 1531 Quod
1057 1486 1082 1523 fi
1109 1501 1177 1536 ego
1205 1488 1264 1524 vel
1292 1488 1476 1536 quisquam
1507 1488 1680 1524 heredum
1711 1503 1873 1527 meorum

362 1552 487 1582 contra
514 1546 715 1595 supradiGta
734 1547 791 1582 vel
816 1547 962 1594 aliquod
991 1559 1117 1582 eorum
1144 1546 1264 1594 aliquo
1291 1552 1455 1595 tempore
1481 1547 1605 1583 venire
1629 1548 1874 1597 presumpseri-

362 1618 440 1639 mus
467 1604 596 1653 subjeci
623 1618 679 1640 me
707 1611 740 1640 et
769 1605 919 1641 heredes
944 1618 1043 1641 meos
1067 1618 1192 1640 omnes
1211 1604 1452 1653 jurisdifitioni
1472 1605 1624 1653 episcopi
1643 1607 1873 1643 moraviensis

360 1662 419 1709 qui
448 1676 513 1710 pro
542 1668 702 1711 tempore
729 1663 837 1699 fuerit
865 1669 901 1698 et
923 1663 1003 1699 sede
1021 1668 1172 1699 vacante
1191 1663 1328 1699 decano
1356 1669 1392 1699 et
1421 1663 1577 1711 capitulo
1597 1663 1753 1712 ejusdem
1773 1665 1841 1701 loci
1862 1687 1869 1694 ·

361 1726 400 1755 ut
419 1720 523 1755 liceat
541 1721 590 1756 eis
609 1727 680 1756 tam
706 1734 763 1756 me
786 1734 892 1768 quam
919 1721 1068 1757 heredes
1094 1734 1192 1756 meos
1211 1721 1256 1756 ad
1275 1720 1534 1756 observantiam
1555 1721 1717 1757 omnium
1736 1724 1872 1771 predic-

360 1784 479 1813 torum
512 1785 546 1814 et
575 1778 795 1826 singulorum
825 1778 896 1815 fine
927 1779 1074 1828 strepitu
1106 1779 1268 1827 quolibet
1298 1792 1362 1828 per
1393 1779 1578 1815 censuram
1609 1779 1869 1818 ecclesiasticam

361 1835 550 1872 districtius
578 1837 795 1885 compellere
828 1857 835 1864 -
883 1837 927 1872 In
956 1837 1057 1886 cujus
1091 1838 1140 1873 rei
1175 1837 1415 1873 testimonium
1446 1837 1529 1873 huic
1560 1838 1714 1886 presenti
1742 1839 1870 1889 scripto

360 1893 508 1941 sigillum
528 1907 647 1930 meum
673 1895 817 1943 apposui
838 1915 845 1922 ·
866 1895 932 1930 hiis
951 1895 1095 1931 testibus
1114 1896 1262 1931 domino
1284 1895 1449 1931 Roberto
1470 1895 1540 1931 Dei
1567 1896 1684 1943 gratia
1706 1898 1868 1947 episcopo

360 1951 517 1988 Roffenfi
537 1971 545 1979 ·
574 1953 732 2001 dompno
753 1953 884 1988 Colino
904 1953 1030 1989 abbate
1049 1954 1093 1989 de
1114 1954 1221 1989 Nova
1240 1953 1371 1989 Ferina
1390 1973 1398 1981 ·
1428 1953 1594 2001 magistro
1615 1954 1698 1990 Ada
1717 1955 1761 1991 de
1777 1956 1868 1992 Der-

359 2010 500 2058 lingtun
532 2016 743 2058 precentore
778 2010 935 2046 Roffensi
955 2031 963 2039 ·
993 2012 1139 2047 domino
1169 2012 1318 2048 matheo
1349 2012 1556 2047 succentore
1584 2012 1742 2048 Rossenfi
1760 2041 1769 2049 .
1798 2028 1867 2050 ma-

356 2067 463 2115 gistro
485 2068 632 2116 Rogero
652 2068 859 2104 succentore
878 2068 1020 2105 ecclesie
1035 2069 1267 2106 moraviensis
1287 2090 1295 2098 ·
1324 2070 1472 2105 domino
1486 2070 1668 2106 Willelmo
1683 2071 1727 2106 de
1740 2073 1866 2108 monte

357 2125 429 2161 ulto
449 2145 457 2153 ·
486 2126 634 2161 domino
653 2127 820 2163 Johanne
845 2127 888 2162 de
908 2127 1092 2163 Cambrun
1113 2147 1120 2155 ·
1147 2128 1294 2164 domino
1314 2128 1358 2164 de
1378 2128 1596 2164 Dundemor
1614 2128 1784 2165 militibus
1802 2150 1809 2158 ·
1831 2137 1864 2166 et

355 2184 432 2219 aliis
451 2184 571 2220 multis
592 2205 599 2212 ·
