<?xml version="1.0" encoding="UTF-8"?>
<!DOCTYPE html PUBLIC "-//W3C//DTD XHTML 1.0 Transitional//EN"
    "http://www.w3.org/TR/xhtml1/DTD/xhtml1-transitional.dtd">
<html xmlns="http://www.w3.org/1999/xhtml" xml:lang="en" lang="en">
 <head>
  <title>
</title>
<meta http-equiv="Content-Type" content="text/html;charset=utf-8" />
  <meta name='ocr-system' content='tesseract 3.04.00' />
  <meta name='ocr-capabilities' content='ocr_page ocr_carea ocr_par ocr_line ocrx_word'/>
</head>
<body>
  <div class='ocr_page' id='page_1' title='image "./registrumepisc5800morauoft_0294.png"; bbox 0 0 2060 2660; ppageno 0'>
   <div class='ocr_carea' id='block_1_1' title="bbox 354 172 1454 211">
    <p class='ocr_par' dir='ltr' id='par_1_1' title="bbox 354 172 1454 211">
     <span class='ocr_line' id='line_1_1' title="bbox 354 172 1454 211; baseline 0.001 -3"><span class='ocrx_word' id='word_1_1' title='bbox 354 172 426 209; x_wconf 88' lang='grc'><strong>186</strong></span> <span class='ocrx_word' id='word_1_2' title='bbox 745 174 1062 211; x_wconf 86' lang='lat' dir='ltr'>REGISTRUM</span> <span class='ocrx_word' id='word_1_3' title='bbox 1091 174 1454 211; x_wconf 84' lang='lat' dir='ltr'><strong>MORAVIENSE.</strong></span> 
     </span>
    </p>
   </div>
   <div class='ocr_carea' id='block_1_2' title="bbox 353 270 1856 377">
    <p class='ocr_par' dir='ltr' id='par_1_2' title="bbox 353 270 1856 377">
     <span class='ocr_line' id='line_1_2' title="bbox 353 270 1856 322; baseline 0 -14"><span class='ocrx_word' id='word_1_4' title='bbox 353 278 390 308; x_wconf 85' lang='lat' dir='ltr'><strong>et</strong></span> <span class='ocrx_word' id='word_1_5' title='bbox 417 274 558 309; x_wconf 90' lang='lat' dir='ltr'><strong>monuit</strong></span> <span class='ocrx_word' id='word_1_6' title='bbox 585 287 625 309; x_wconf 90' lang='lat' dir='ltr'><strong>ac</strong></span> <span class='ocrx_word' id='word_1_7' title='bbox 654 273 807 309; x_wconf 82' lang='lat' dir='ltr'>inhibuit</span> <span class='ocrx_word' id='word_1_8' title='bbox 833 274 948 322; x_wconf 90' lang='lat' dir='ltr'><strong>primo</strong></span> <span class='ocrx_word' id='word_1_9' title='bbox 974 273 1129 309; x_wconf 90' lang='lat' dir='ltr'><strong>secundo</strong></span> <span class='ocrx_word' id='word_1_10' title='bbox 1158 278 1194 308; x_wconf 89' lang='lat' dir='ltr'><strong>et</strong></span> <span class='ocrx_word' id='word_1_11' title='bbox 1222 272 1328 308; x_wconf 90' lang='lat' dir='ltr'><strong>tertio</strong></span> <span class='ocrx_word' id='word_1_12' title='bbox 1357 284 1402 306; x_wconf 89' lang='lat' dir='ltr'><strong>ne</strong></span> <span class='ocrx_word' id='word_1_13' title='bbox 1431 270 1556 317; x_wconf 88' lang='lat' dir='ltr'><strong>aliquis</strong></span> <span class='ocrx_word' id='word_1_14' title='bbox 1585 270 1740 307; x_wconf 87' lang='lat' dir='ltr'>minister</span> <span class='ocrx_word' id='word_1_15' title='bbox 1768 273 1856 308; x_wconf 64' lang='lat' dir='ltr'><strong>dieti</strong></span> 
     </span>
     <span class='ocr_line' id='line_1_3' title="bbox 353 326 1856 377; baseline 0 -11"><span class='ocrx_word' id='word_1_16' title='bbox 353 330 489 366; x_wconf 88' lang='lat' dir='ltr'><strong>domini</strong></span> <span class='ocrx_word' id='word_1_17' title='bbox 509 331 710 367; x_wconf 86' lang='lat' dir='ltr'>Alexandri</span> <span class='ocrx_word' id='word_1_18' title='bbox 732 332 777 367; x_wconf 87' lang='lat' dir='ltr'><strong>ad</strong></span> <span class='ocrx_word' id='word_1_19' title='bbox 800 332 912 368; x_wconf 63' lang='lat' dir='ltr'><strong>dustas</strong></span> <span class='ocrx_word' id='word_1_20' title='bbox 930 338 1043 367; x_wconf 85' lang='lat' dir='ltr'><strong>terras</strong></span> <span class='ocrx_word' id='word_1_21' title='bbox 1061 331 1246 366; x_wconf 84' lang='lat' dir='ltr'><strong>accederet</strong></span> <span class='ocrx_word' id='word_1_22' title='bbox 1269 330 1314 364; x_wconf 90' lang='lat' dir='ltr'><strong>ad</strong></span> <span class='ocrx_word' id='word_1_23' title='bbox 1339 326 1582 376; x_wconf 84' lang='lat' dir='ltr'><strong>sayfinandum</strong></span> <span class='ocrx_word' id='word_1_24' title='bbox 1602 330 1856 377; x_wconf 86' lang='lat' dir='ltr'><strong>recognoscen-</strong></span> 
     </span>
    </p>
   </div>
   <div class='ocr_carea' id='block_1_3' title="bbox 353 386 1856 496">
    <p class='ocr_par' dir='ltr' id='par_1_3' title="bbox 353 386 1856 496">
     <span class='ocr_line' id='line_1_4' title="bbox 353 386 1855 438; baseline 0 -14"><span class='ocrx_word' id='word_1_25' title='bbox 353 389 437 424; x_wconf 91' lang='lat' dir='ltr'><strong>dum</strong></span> <span class='ocrx_word' id='word_1_26' title='bbox 457 390 515 425; x_wconf 93' lang='lat' dir='ltr'><strong>vel</strong></span> <span class='ocrx_word' id='word_1_27' title='bbox 537 390 670 438; x_wconf 87' lang='lat' dir='ltr'><strong>aliquid</strong></span> <span class='ocrx_word' id='word_1_28' title='bbox 694 390 792 426; x_wconf 84' lang='lat' dir='ltr'><strong>aliud</strong></span> <span class='ocrx_word' id='word_1_29' title='bbox 819 389 1102 437; x_wconf 80' lang='lat' dir='ltr'><strong>attemptandum</strong></span> <span class='ocrx_word' id='word_1_30' title='bbox 1124 389 1159 422; x_wconf 91' lang='lat' dir='ltr'><strong>in</strong></span> <span class='ocrx_word' id='word_1_31' title='bbox 1179 386 1417 435; x_wconf 84' lang='lat' dir='ltr'><strong>prejudicium</strong></span> <span class='ocrx_word' id='word_1_32' title='bbox 1435 398 1569 421; x_wconf 89' lang='lat' dir='ltr'><strong>corone</strong></span> <span class='ocrx_word' id='word_1_33' title='bbox 1588 387 1684 434; x_wconf 87' lang='lat' dir='ltr'><strong>regie</strong></span> <span class='ocrx_word' id='word_1_34' title='bbox 1703 393 1738 423; x_wconf 89' lang='lat' dir='ltr'><strong>et</strong></span> <span class='ocrx_word' id='word_1_35' title='bbox 1756 401 1855 436; x_wconf 85' lang='lat' dir='ltr'><strong>rega-</strong></span> 
     </span>
     <span class='ocr_line' id='line_1_5' title="bbox 353 442 1856 496; baseline 0 -15"><span class='ocrx_word' id='word_1_36' title='bbox 353 446 394 482; x_wconf 84' lang='lat' dir='ltr'><strong>lis</strong></span> <span class='ocrx_word' id='word_1_37' title='bbox 420 447 602 495; x_wconf 83' lang='lat' dir='ltr'><strong>dignitatis</strong></span> <span class='ocrx_word' id='word_1_38' title='bbox 626 454 662 484; x_wconf 89' lang='lat' dir='ltr'><strong>et</strong></span> <span class='ocrx_word' id='word_1_39' title='bbox 679 448 938 496; x_wconf 66' lang='lat' dir='ltr'><strong>jurisdictionis</strong></span> <span class='ocrx_word' id='word_1_40' title='bbox 956 446 1012 481; x_wconf 87' lang='lat' dir='ltr'><strong>vel</strong></span> <span class='ocrx_word' id='word_1_41' title='bbox 1032 446 1068 480; x_wconf 90' lang='lat' dir='ltr'><strong>in</strong></span> <span class='ocrx_word' id='word_1_42' title='bbox 1087 444 1252 480; x_wconf 90' lang='lat' dir='ltr'><strong>lefionem</strong></span> <span class='ocrx_word' id='word_1_43' title='bbox 1273 443 1445 478; x_wconf 82' lang='lat' dir='ltr'><strong>libertatis</strong></span> <span class='ocrx_word' id='word_1_44' title='bbox 1464 442 1605 480; x_wconf 80' lang='lat' dir='ltr'><strong>ecclesie</strong></span> <span class='ocrx_word' id='word_1_45' title='bbox 1624 445 1856 481; x_wconf 69' lang='lat' dir='ltr'><strong>moraviensis</strong></span> 
     </span>
    </p>
   </div>
   <div class='ocr_carea' id='block_1_4' title="bbox 337 500 1853 2353">
    <p class='ocr_par' dir='ltr' id='par_1_4' title="bbox 337 500 1853 2353">
     <span class='ocr_line' id='line_1_6' title="bbox 350 500 1852 554; baseline -0.001 -13"><span class='ocrx_word' id='word_1_46' title='bbox 350 511 386 541; x_wconf 84' lang='lat' dir='ltr'><strong>et</strong></span> <span class='ocrx_word' id='word_1_47' title='bbox 404 505 499 540; x_wconf 89' lang='lat' dir='ltr'><strong>suani</strong></span> <span class='ocrx_word' id='word_1_48' title='bbox 518 505 580 541; x_wconf 92' lang='lat' dir='ltr'><strong>sub</strong></span> <span class='ocrx_word' id='word_1_49' title='bbox 598 519 690 554; x_wconf 89' lang='lat' dir='ltr'><strong>pena</strong></span> <span class='ocrx_word' id='word_1_50' title='bbox 707 506 867 541; x_wconf 89' lang='lat' dir='ltr'><strong>omnium</strong></span> <span class='ocrx_word' id='word_1_51' title='bbox 887 518 955 551; x_wconf 93' lang='lat' dir='ltr'><strong>que</strong></span> <span class='ocrx_word' id='word_1_52' title='bbox 974 508 1099 538; x_wconf 87' lang='lat' dir='ltr'><strong>contra</strong></span> <span class='ocrx_word' id='word_1_53' title='bbox 1117 502 1304 537; x_wconf 85' lang='lat' dir='ltr'><strong>dominum</strong></span> <span class='ocrx_word' id='word_1_54' title='bbox 1323 500 1482 536; x_wconf 90' lang='lat' dir='ltr'><strong>nostrum</strong></span> <span class='ocrx_word' id='word_1_55' title='bbox 1502 501 1641 549; x_wconf 86' lang='lat' dir='ltr'><strong>Regem</strong></span> <span class='ocrx_word' id='word_1_56' title='bbox 1659 504 1774 539; x_wconf 81' lang='lat' dir='ltr'><strong>amitti</strong></span> <span class='ocrx_word' id='word_1_57' title='bbox 1793 517 1852 552; x_wconf 90' lang='lat' dir='ltr'><strong>po-</strong></span> 
     </span>
     <span class='ocr_line' id='line_1_7' title="bbox 350 559 1852 609; baseline 0.001 -12"><span class='ocrx_word' id='word_1_58' title='bbox 350 568 468 598; x_wconf 84' lang='lat' dir='ltr'><strong>terant</strong></span> <span class='ocrx_word' id='word_1_59' title='bbox 492 583 500 591; x_wconf 92' lang='lat'><strong>·</strong></span> <span class='ocrx_word' id='word_1_60' title='bbox 530 570 566 599; x_wconf 89' lang='lat' dir='ltr'><strong>et</strong></span> <span class='ocrx_word' id='word_1_61' title='bbox 592 564 652 599; x_wconf 88' lang='lat' dir='ltr'><strong>sub</strong></span> <span class='ocrx_word' id='word_1_62' title='bbox 679 563 957 599; x_wconf 82' lang='lat' dir='ltr'><strong>comminatione</strong></span> <span class='ocrx_word' id='word_1_63' title='bbox 984 561 1080 608; x_wconf 93' lang='lat' dir='ltr'><strong>quod</strong></span> <span class='ocrx_word' id='word_1_64' title='bbox 1108 559 1177 607; x_wconf 84' lang='lat' dir='ltr'><strong>ipse</strong></span> <span class='ocrx_word' id='word_1_65' title='bbox 1204 564 1331 594; x_wconf 86' lang='lat' dir='ltr'><strong>contra</strong></span> <span class='ocrx_word' id='word_1_66' title='bbox 1348 559 1436 594; x_wconf 91' lang='lat' dir='ltr'><strong>tales</strong></span> <span class='ocrx_word' id='word_1_67' title='bbox 1454 560 1666 607; x_wconf 86' lang='lat' dir='ltr'><strong>procederet</strong></span> <span class='ocrx_word' id='word_1_68' title='bbox 1683 566 1852 609; x_wconf 85' lang='lat' dir='ltr'><strong>tanquam</strong></span> 
     </span>
     <span class='ocr_line' id='line_1_8' title="bbox 350 617 1852 666; baseline 0 -11"><span class='ocrx_word' id='word_1_69' title='bbox 350 621 527 657; x_wconf 88' lang='lat' dir='ltr'><strong>invasores</strong></span> <span class='ocrx_word' id='word_1_70' title='bbox 545 635 665 657; x_wconf 84' lang='lat' dir='ltr'><strong>rerum</strong></span> <span class='ocrx_word' id='word_1_71' title='bbox 685 619 989 656; x_wconf 84' lang='lat' dir='ltr'><strong>ecclesiasticarum</strong></span> <span class='ocrx_word' id='word_1_72' title='bbox 1009 623 1045 653; x_wconf 87' lang='lat' dir='ltr'><strong>et</strong></span> <span class='ocrx_word' id='word_1_73' title='bbox 1063 617 1250 664; x_wconf 86' lang='lat' dir='ltr'><strong>sacrilegos</strong></span> <span class='ocrx_word' id='word_1_74' title='bbox 1268 630 1308 652; x_wconf 89' lang='lat' dir='ltr'><strong>ac</strong></span> <span class='ocrx_word' id='word_1_75' title='bbox 1327 622 1488 665; x_wconf 84' lang='lat' dir='ltr'><strong>raptores</strong></span> <span class='ocrx_word' id='word_1_76' title='bbox 1502 618 1737 665; x_wconf 64' lang='lat' dir='ltr'><strong>protectionis</strong></span> <span class='ocrx_word' id='word_1_77' title='bbox 1755 620 1852 666; x_wconf 82' lang='lat' dir='ltr'><strong>regie</strong></span> 
     </span>
     <span class='ocr_line' id='line_1_9' title="bbox 349 674 1852 727; baseline 0 -14"><span class='ocrx_word' id='word_1_78' title='bbox 349 685 385 714; x_wconf 90' lang='lat' dir='ltr'><strong>et</strong></span> <span class='ocrx_word' id='word_1_79' title='bbox 403 679 590 727; x_wconf 85' lang='lat' dir='ltr'><strong>apostolice</strong></span> <span class='ocrx_word' id='word_1_80' title='bbox 607 679 798 714; x_wconf 83' lang='lat' dir='ltr'><strong>violatores</strong></span> <span class='ocrx_word' id='word_1_81' title='bbox 816 691 879 726; x_wconf 89' lang='lat' dir='ltr'><strong>per</strong></span> <span class='ocrx_word' id='word_1_82' title='bbox 898 675 1141 712; x_wconf 86' lang='lat' dir='ltr'><strong>omnimodam</strong></span> <span class='ocrx_word' id='word_1_83' title='bbox 1159 675 1342 710; x_wconf 86' lang='lat' dir='ltr'><strong>censuram</strong></span> <span class='ocrx_word' id='word_1_84' title='bbox 1363 674 1624 711; x_wconf 85' lang='lat' dir='ltr'><strong>ecclesiasticam</strong></span> <span class='ocrx_word' id='word_1_85' title='bbox 1643 682 1678 712; x_wconf 89' lang='lat' dir='ltr'><strong>et</strong></span> <span class='ocrx_word' id='word_1_86' title='bbox 1696 690 1760 725; x_wconf 89' lang='lat' dir='ltr'><strong>per</strong></span> <span class='ocrx_word' id='word_1_87' title='bbox 1778 691 1852 713; x_wconf 88' lang='lat' dir='ltr'><strong>om-</strong></span> 
     </span>
     <span class='ocr_line' id='line_1_10' title="bbox 350 733 1853 784; baseline 0 -13"><span class='ocrx_word' id='word_1_88' title='bbox 350 749 412 772; x_wconf 87' lang='lat' dir='ltr'><strong>nes</strong></span> <span class='ocrx_word' id='word_1_89' title='bbox 429 737 514 772; x_wconf 88' lang='lat' dir='ltr'><strong>alias</strong></span> <span class='ocrx_word' id='word_1_90' title='bbox 527 738 601 772; x_wconf 82' lang='lat' dir='ltr'><strong>vias</strong></span> <span class='ocrx_word' id='word_1_91' title='bbox 619 737 746 784; x_wconf 87' lang='lat' dir='ltr'><strong>quibus</strong></span> <span class='ocrx_word' id='word_1_92' title='bbox 764 736 895 771; x_wconf 88' lang='lat' dir='ltr'><strong>arctius</strong></span> <span class='ocrx_word' id='word_1_93' title='bbox 913 734 1022 783; x_wconf 86' lang='lat' dir='ltr'><strong>poffet</strong></span> <span class='ocrx_word' id='word_1_94' title='bbox 1042 733 1085 769; x_wconf 86' lang='lat' dir='ltr'><strong>de</strong></span> <span class='ocrx_word' id='word_1_95' title='bbox 1104 733 1361 769; x_wconf 91' lang='lat' dir='ltr'><strong>consuetudine</strong></span> <span class='ocrx_word' id='word_1_96' title='bbox 1376 738 1411 768; x_wconf 93' lang='lat' dir='ltr'><strong>et</strong></span> <span class='ocrx_word' id='word_1_97' title='bbox 1430 733 1571 782; x_wconf 88' lang='lat' dir='ltr'><strong>dejure</strong></span> <span class='ocrx_word' id='word_1_98' title='bbox 1591 753 1599 762; x_wconf 90' lang='lat'><strong>·</strong></span> <span class='ocrx_word' id='word_1_99' title='bbox 1645 735 1759 783; x_wconf 92' lang='lat' dir='ltr'><strong>Super</strong></span> <span class='ocrx_word' id='word_1_100' title='bbox 1777 737 1853 783; x_wconf 87' lang='lat' dir='ltr'><strong>qui-</strong></span> 
     </span>
     <span class='ocr_line' id='line_1_11' title="bbox 349 791 1850 842; baseline 0.001 -13"><span class='ocrx_word' id='word_1_101' title='bbox 349 793 413 829; x_wconf 91' lang='lat' dir='ltr'><strong>bus</strong></span> <span class='ocrx_word' id='word_1_102' title='bbox 431 795 597 830; x_wconf 87' lang='lat' dir='ltr'><strong>omnibus</strong></span> <span class='ocrx_word' id='word_1_103' title='bbox 615 795 708 830; x_wconf 91' lang='lat' dir='ltr'><strong>idem</strong></span> <span class='ocrx_word' id='word_1_104' title='bbox 728 794 893 829; x_wconf 90' lang='lat' dir='ltr'><strong>dominus</strong></span> <span class='ocrx_word' id='word_1_105' title='bbox 909 792 1101 840; x_wconf 87' lang='lat' dir='ltr'><strong>Episcopus</strong></span> <span class='ocrx_word' id='word_1_106' title='bbox 1120 791 1227 837; x_wconf 91' lang='lat' dir='ltr'><strong>peciit</strong></span> <span class='ocrx_word' id='word_1_107' title='bbox 1241 804 1304 839; x_wconf 91' lang='lat' dir='ltr'><strong>per</strong></span> <span class='ocrx_word' id='word_1_108' title='bbox 1319 804 1375 827; x_wconf 89' lang='lat' dir='ltr'><strong>me</strong></span> <span class='ocrx_word' id='word_1_109' title='bbox 1390 792 1569 827; x_wconf 87' lang='lat' dir='ltr'><strong>notarium</strong></span> <span class='ocrx_word' id='word_1_110' title='bbox 1590 792 1850 842; x_wconf 82' lang='lat' dir='ltr'><strong>infrascriptum</strong></span> 
     </span>
     <span class='ocr_line' id='line_1_12' title="bbox 349 848 1851 901; baseline -0.001 -13"><span class='ocrx_word' id='word_1_111' title='bbox 349 852 424 888; x_wconf 84' lang='lat' dir='ltr'><strong>fieri</strong></span> <span class='ocrx_word' id='word_1_112' title='bbox 449 853 630 901; x_wconf 89' lang='lat' dir='ltr'><strong>publicum</strong></span> <span class='ocrx_word' id='word_1_113' title='bbox 659 852 930 887; x_wconf 87' lang='lat' dir='ltr'><strong>instrumentum</strong></span> <span class='ocrx_word' id='word_1_114' title='bbox 961 869 969 877; x_wconf 95' lang='lat'><strong>·</strong></span> <span class='ocrx_word' id='word_1_115' title='bbox 998 855 1033 885; x_wconf 91' lang='lat' dir='ltr'><strong>et</strong></span> <span class='ocrx_word' id='word_1_116' title='bbox 1055 850 1158 897; x_wconf 89' lang='lat' dir='ltr'><strong>super</strong></span> <span class='ocrx_word' id='word_1_117' title='bbox 1177 849 1244 884; x_wconf 90' lang='lat' dir='ltr'><strong>lioc</strong></span> <span class='ocrx_word' id='word_1_118' title='bbox 1262 848 1365 884; x_wconf 87' lang='lat' dir='ltr'><strong>testes</strong></span> <span class='ocrx_word' id='word_1_119' title='bbox 1382 849 1563 885; x_wconf 87' lang='lat' dir='ltr'><strong>invocavit</strong></span> <span class='ocrx_word' id='word_1_120' title='bbox 1581 850 1719 886; x_wconf 67' lang='lat' dir='ltr'><strong>dietum</strong></span> <span class='ocrx_word' id='word_1_121' title='bbox 1738 852 1851 887; x_wconf 83' lang='lat' dir='ltr'><strong>domi-</strong></span> 
     </span>
     <span class='ocr_line' id='line_1_13' title="bbox 348 907 1849 956; baseline -0.001 -10"><span class='ocrx_word' id='word_1_122' title='bbox 348 923 434 947; x_wconf 85' lang='lat' dir='ltr'><strong>num</strong></span> <span class='ocrx_word' id='word_1_123' title='bbox 455 910 704 946; x_wconf 84' lang='lat' dir='ltr'><strong>Alexandrum</strong></span> <span class='ocrx_word' id='word_1_124' title='bbox 730 915 764 945; x_wconf 89' lang='lat' dir='ltr'><strong>et</strong></span> <span class='ocrx_word' id='word_1_125' title='bbox 789 922 913 944; x_wconf 89' lang='lat' dir='ltr'><strong>omnes</strong></span> <span class='ocrx_word' id='word_1_126' title='bbox 935 908 1203 956; x_wconf 85' lang='lat' dir='ltr'><strong>prenominatos</strong></span> <span class='ocrx_word' id='word_1_127' title='bbox 1230 920 1270 942; x_wconf 81' lang='lat' dir='ltr'><strong>ac</strong></span> <span class='ocrx_word' id='word_1_128' title='bbox 1297 907 1404 955; x_wconf 83' lang='lat' dir='ltr'><strong>ipsam</strong></span> <span class='ocrx_word' id='word_1_129' title='bbox 1431 907 1566 942; x_wconf 86' lang='lat' dir='ltr'><strong>curiam</strong></span> <span class='ocrx_word' id='word_1_130' title='bbox 1591 914 1704 944; x_wconf 90' lang='lat' dir='ltr'><strong>totam</strong></span> <span class='ocrx_word' id='word_1_131' title='bbox 1724 929 1732 937; x_wconf 93' lang='lat'><strong>·</strong></span> <span class='ocrx_word' id='word_1_132' title='bbox 1753 915 1788 945; x_wconf 90' lang='lat' dir='ltr'><strong>et</strong></span> <span class='ocrx_word' id='word_1_133' title='bbox 1804 909 1849 945; x_wconf 91' lang='lat' dir='ltr'><strong>fic</strong></span> 
     </span>
     <span class='ocr_line' id='line_1_14' title="bbox 348 963 1850 1014; baseline -0.001 -10"><span class='ocrx_word' id='word_1_134' title='bbox 348 967 481 1004; x_wconf 82' lang='lat' dir='ltr'><strong>reeessit</strong></span> <span class='ocrx_word' id='word_1_135' title='bbox 501 989 509 996; x_wconf 94' lang='lat'><strong>·</strong></span> <span class='ocrx_word' id='word_1_136' title='bbox 541 969 583 1004; x_wconf 89' lang='lat' dir='ltr'><strong>Iii</strong></span> <span class='ocrx_word' id='word_1_137' title='bbox 601 968 751 1003; x_wconf 83' lang='lat' dir='ltr'><strong>crastino</strong></span> <span class='ocrx_word' id='word_1_138' title='bbox 770 980 856 1002; x_wconf 88' lang='lat' dir='ltr'><strong>vero</strong></span> <span class='ocrx_word' id='word_1_139' title='bbox 875 966 1005 1001; x_wconf 78' lang='lat' dir='ltr'><strong>scilicet</strong></span> <span class='ocrx_word' id='word_1_140' title='bbox 1023 965 1238 1001; x_wconf 92' lang='lat' dir='ltr'><strong>duodecimo</strong></span> <span class='ocrx_word' id='word_1_141' title='bbox 1266 965 1323 1000; x_wconf 89' lang='lat' dir='ltr'><strong>die</strong></span> <span class='ocrx_word' id='word_1_142' title='bbox 1351 963 1476 1000; x_wconf 85' lang='lat' dir='ltr'><strong>mensis</strong></span> <span class='ocrx_word' id='word_1_143' title='bbox 1502 971 1537 1000; x_wconf 90' lang='lat' dir='ltr'><strong>et</strong></span> <span class='ocrx_word' id='word_1_144' title='bbox 1564 966 1647 1001; x_wconf 89' lang='lat' dir='ltr'><strong>anni</strong></span> <span class='ocrx_word' id='word_1_145' title='bbox 1671 967 1850 1014; x_wconf 62' lang='lat' dir='ltr'><strong>predksto-</strong></span> 
     </span>
     <span class='ocr_line' id='line_1_15' title="bbox 347 1022 1848 1074; baseline 0.001 -14"><span class='ocrx_word' id='word_1_146' title='bbox 347 1040 424 1061; x_wconf 77' lang='lat' dir='ltr'><strong>runi</strong></span> <span class='ocrx_word' id='word_1_147' title='bbox 444 1036 526 1062; x_wconf 83' lang='lat' dir='ltr'><strong>ante</strong></span> <span class='ocrx_word' id='word_1_148' title='bbox 550 1026 739 1074; x_wconf 85' lang='lat' dir='ltr'><strong>prandium</strong></span> <span class='ocrx_word' id='word_1_149' title='bbox 759 1026 795 1060; x_wconf 93' lang='lat' dir='ltr'><strong>in</strong></span> <span class='ocrx_word' id='word_1_150' title='bbox 814 1024 925 1060; x_wconf 87' lang='lat' dir='ltr'><strong>castro</strong></span> <span class='ocrx_word' id='word_1_151' title='bbox 945 1024 989 1059; x_wconf 89' lang='lat' dir='ltr'><strong>de</strong></span> <span class='ocrx_word' id='word_1_152' title='bbox 1006 1024 1177 1059; x_wconf 87' lang='lat' dir='ltr'><strong>Rotliven</strong></span> <span class='ocrx_word' id='word_1_153' title='bbox 1197 1024 1233 1058; x_wconf 91' lang='lat' dir='ltr'><strong>in</strong></span> <span class='ocrx_word' id='word_1_154' title='bbox 1251 1023 1284 1058; x_wconf 90' lang='lat' dir='ltr'><strong>le</strong></span> <span class='ocrx_word' id='word_1_155' title='bbox 1304 1022 1495 1059; x_wconf 87' lang='lat' dir='ltr'><strong>Badenacli</strong></span> <span class='ocrx_word' id='word_1_156' title='bbox 1514 1023 1744 1060; x_wconf 72' lang='lat' dir='ltr'><strong>moraviensis</strong></span> <span class='ocrx_word' id='word_1_157' title='bbox 1763 1025 1848 1073; x_wconf 88' lang='lat' dir='ltr'><strong>dyo-</strong></span> 
     </span>
     <span class='ocr_line' id='line_1_16' title="bbox 344 1081 1848 1132; baseline 0 -13"><span class='ocrx_word' id='word_1_158' title='bbox 344 1084 426 1119; x_wconf 88' lang='lat' dir='ltr'><strong>celis</strong></span> <span class='ocrx_word' id='word_1_159' title='bbox 440 1085 554 1132; x_wconf 86' lang='lat' dir='ltr'><strong>primo</strong></span> <span class='ocrx_word' id='word_1_160' title='bbox 570 1085 606 1119; x_wconf 91' lang='lat' dir='ltr'><strong>in</strong></span> <span class='ocrx_word' id='word_1_161' title='bbox 621 1084 755 1132; x_wconf 88' lang='lat' dir='ltr'><strong>capella</strong></span> <span class='ocrx_word' id='word_1_162' title='bbox 769 1089 804 1118; x_wconf 89' lang='lat' dir='ltr'><strong>et</strong></span> <span class='ocrx_word' id='word_1_163' title='bbox 818 1082 893 1131; x_wconf 86' lang='lat' dir='ltr'><strong>post</strong></span> <span class='ocrx_word' id='word_1_164' title='bbox 907 1083 942 1117; x_wconf 91' lang='lat' dir='ltr'><strong>in</strong></span> <span class='ocrx_word' id='word_1_165' title='bbox 957 1095 1098 1117; x_wconf 90' lang='lat' dir='ltr'><strong>camera</strong></span> <span class='ocrx_word' id='word_1_166' title='bbox 1111 1094 1242 1129; x_wconf 86' lang='lat' dir='ltr'><strong>magna</strong></span> <span class='ocrx_word' id='word_1_167' title='bbox 1255 1081 1331 1130; x_wconf 87' lang='lat' dir='ltr'><strong>post</strong></span> <span class='ocrx_word' id='word_1_168' title='bbox 1344 1081 1462 1116; x_wconf 86' lang='lat' dir='ltr'><strong>aulam</strong></span> <span class='ocrx_word' id='word_1_169' title='bbox 1479 1100 1487 1109; x_wconf 90' lang='lat'><strong>·</strong></span> <span class='ocrx_word' id='word_1_170' title='bbox 1505 1081 1702 1117; x_wconf 86' lang='lat' dir='ltr'><strong>constitutis</strong></span> <span class='ocrx_word' id='word_1_171' title='bbox 1717 1082 1848 1119; x_wconf 84' lang='lat' dir='ltr'><strong>ibidem</strong></span> 
     </span>
     <span class='ocr_line' id='line_1_17' title="bbox 343 1138 1847 1191; baseline -0.001 -13"><span class='ocrx_word' id='word_1_172' title='bbox 343 1143 572 1191; x_wconf 84' lang='lat' dir='ltr'><strong>personaliter</strong></span> <span class='ocrx_word' id='word_1_173' title='bbox 590 1142 716 1178; x_wconf 82' lang='lat' dir='ltr'><strong>eodem</strong></span> <span class='ocrx_word' id='word_1_174' title='bbox 736 1140 935 1177; x_wconf 90' lang='lat' dir='ltr'><strong>reverendo</strong></span> <span class='ocrx_word' id='word_1_175' title='bbox 954 1141 991 1175; x_wconf 91' lang='lat' dir='ltr'><strong>in</strong></span> <span class='ocrx_word' id='word_1_176' title='bbox 1007 1139 1146 1176; x_wconf 89' lang='lat' dir='ltr'><strong>Christo</strong></span> <span class='ocrx_word' id='word_1_177' title='bbox 1161 1145 1260 1188; x_wconf 86' lang='lat' dir='ltr'><strong>patre</strong></span> <span class='ocrx_word' id='word_1_178' title='bbox 1280 1139 1427 1174; x_wconf 82' lang='lat' dir='ltr'><strong>domino</strong></span> <span class='ocrx_word' id='word_1_179' title='bbox 1447 1138 1659 1175; x_wconf 89' lang='lat' dir='ltr'><strong>Alexandro</strong></span> <span class='ocrx_word' id='word_1_180' title='bbox 1681 1140 1751 1176; x_wconf 90' lang='lat' dir='ltr'><strong>Dei</strong></span> <span class='ocrx_word' id='word_1_181' title='bbox 1768 1155 1847 1189; x_wconf 88' lang='lat' dir='ltr'><strong>gra-</strong></span> 
     </span>
     <span class='ocr_line' id='line_1_18' title="bbox 342 1197 1846 1248; baseline 0.001 -14"><span class='ocrx_word' id='word_1_182' title='bbox 342 1200 390 1235; x_wconf 86' lang='lat' dir='ltr'><strong>tia</strong></span> <span class='ocrx_word' id='word_1_183' title='bbox 408 1199 621 1236; x_wconf 70' lang='lat' dir='ltr'><strong>moraviensi</strong></span> <span class='ocrx_word' id='word_1_184' title='bbox 648 1200 809 1248; x_wconf 89' lang='lat' dir='ltr'><strong>episcopo</strong></span> <span class='ocrx_word' id='word_1_185' title='bbox 837 1205 872 1234; x_wconf 88' lang='lat' dir='ltr'><strong>et</strong></span> <span class='ocrx_word' id='word_1_186' title='bbox 900 1199 1000 1234; x_wconf 57' lang='lat' dir='ltr'><strong>dieto</strong></span> <span class='ocrx_word' id='word_1_187' title='bbox 1022 1198 1169 1233; x_wconf 90' lang='lat' dir='ltr'><strong>domino</strong></span> <span class='ocrx_word' id='word_1_188' title='bbox 1191 1197 1403 1233; x_wconf 90' lang='lat' dir='ltr'><strong>Alexandro</strong></span> <span class='ocrx_word' id='word_1_189' title='bbox 1428 1197 1616 1233; x_wconf 85' lang='lat' dir='ltr'><strong>Senescalli</strong></span> <span class='ocrx_word' id='word_1_190' title='bbox 1635 1199 1782 1234; x_wconf 88' lang='lat' dir='ltr'><strong>domino</strong></span> <span class='ocrx_word' id='word_1_191' title='bbox 1802 1200 1846 1235; x_wconf 92' lang='lat' dir='ltr'><strong>de</strong></span> 
     </span>
     <span class='ocr_line' id='line_1_19' title="bbox 343 1256 1846 1305; baseline 0.001 -13"><span class='ocrx_word' id='word_1_192' title='bbox 343 1256 533 1293; x_wconf 85' lang='lat' dir='ltr'><strong>Badenacli</strong></span> <span class='ocrx_word' id='word_1_193' title='bbox 553 1277 561 1285; x_wconf 90' lang='lat'><strong>·</strong></span> <span class='ocrx_word' id='word_1_194' title='bbox 582 1258 666 1292; x_wconf 91' lang='lat' dir='ltr'><strong>duni</strong></span> <span class='ocrx_word' id='word_1_195' title='bbox 687 1256 747 1305; x_wconf 79' lang='lat' dir='ltr'><strong>ipsi</strong></span> <span class='ocrx_word' id='word_1_196' title='bbox 766 1258 810 1292; x_wconf 93' lang='lat' dir='ltr'><strong>ad</strong></span> <span class='ocrx_word' id='word_1_197' title='bbox 829 1257 982 1292; x_wconf 87' lang='lat' dir='ltr'><strong>invicem</strong></span> <span class='ocrx_word' id='word_1_198' title='bbox 1001 1256 1237 1304; x_wconf 86' lang='lat' dir='ltr'><strong>loquerentur</strong></span> <span class='ocrx_word' id='word_1_199' title='bbox 1255 1256 1357 1304; x_wconf 90' lang='lat' dir='ltr'><strong>super</strong></span> <span class='ocrx_word' id='word_1_200' title='bbox 1377 1256 1476 1292; x_wconf 70' lang='lat' dir='ltr'><strong>di&amp;o</strong></span> <span class='ocrx_word' id='word_1_201' title='bbox 1494 1256 1654 1304; x_wconf 84' lang='lat' dir='ltr'><strong>procefl&#39;u</strong></span> <span class='ocrx_word' id='word_1_202' title='bbox 1673 1257 1770 1293; x_wconf 61' lang='lat' dir='ltr'><strong>fafito</strong></span> <span class='ocrx_word' id='word_1_203' title='bbox 1789 1259 1846 1294; x_wconf 92' lang='lat' dir='ltr'><strong>die</strong></span> 
     </span>
     <span class='ocr_line' id='line_1_20' title="bbox 341 1315 1847 1363; baseline 0.001 -12"><span class='ocrx_word' id='word_1_204' title='bbox 341 1316 543 1363; x_wconf 85' lang='lat' dir='ltr'><strong>precedenti</strong></span> <span class='ocrx_word' id='word_1_205' title='bbox 562 1321 687 1351; x_wconf 77' lang='lat' dir='ltr'><strong>conti-a</strong></span> <span class='ocrx_word' id='word_1_206' title='bbox 705 1316 845 1351; x_wconf 62' lang='lat' dir='ltr'><strong>dietum</strong></span> <span class='ocrx_word' id='word_1_207' title='bbox 863 1315 1048 1350; x_wconf 89' lang='lat' dir='ltr'><strong>dominum</strong></span> <span class='ocrx_word' id='word_1_208' title='bbox 1072 1315 1287 1363; x_wconf 89' lang='lat' dir='ltr'><strong>Episcopum</strong></span> <span class='ocrx_word' id='word_1_209' title='bbox 1310 1320 1347 1350; x_wconf 84' lang='lat' dir='ltr'><strong>et</strong></span> <span class='ocrx_word' id='word_1_210' title='bbox 1370 1315 1414 1349; x_wconf 89' lang='lat' dir='ltr'><strong>de</strong></span> <span class='ocrx_word' id='word_1_211' title='bbox 1436 1315 1592 1362; x_wconf 90' lang='lat' dir='ltr'><strong>quodam</strong></span> <span class='ocrx_word' id='word_1_212' title='bbox 1615 1315 1755 1363; x_wconf 89' lang='lat' dir='ltr'><strong>judicio</strong></span> <span class='ocrx_word' id='word_1_213' title='bbox 1777 1315 1847 1353; x_wconf 85' lang='lat' dir='ltr'><strong>live</strong></span> 
     </span>
     <span class='ocr_line' id='line_1_21' title="bbox 340 1372 1846 1421; baseline 0.002 -13"><span class='ocrx_word' id='word_1_214' title='bbox 340 1374 483 1409; x_wconf 82' lang='lat' dir='ltr'><strong>decreto</strong></span> <span class='ocrx_word' id='word_1_215' title='bbox 503 1374 585 1409; x_wconf 85' lang='lat' dir='ltr'><strong>dato</strong></span> <span class='ocrx_word' id='word_1_216' title='bbox 605 1374 641 1409; x_wconf 92' lang='lat' dir='ltr'><strong>in</strong></span> <span class='ocrx_word' id='word_1_217' title='bbox 660 1374 759 1409; x_wconf 88' lang='lat' dir='ltr'><strong>curia</strong></span> <span class='ocrx_word' id='word_1_218' title='bbox 778 1379 878 1409; x_wconf 87' lang='lat' dir='ltr'><strong>tenta</strong></span> <span class='ocrx_word' id='word_1_219' title='bbox 896 1393 904 1401; x_wconf 94' lang='lat'><strong>·</strong></span> <span class='ocrx_word' id='word_1_220' title='bbox 934 1379 969 1408; x_wconf 87' lang='lat' dir='ltr'><strong>et</strong></span> <span class='ocrx_word' id='word_1_221' title='bbox 988 1373 1183 1421; x_wconf 83' lang='lat' dir='ltr'><strong>Episcopus</strong></span> <span class='ocrx_word' id='word_1_222' title='bbox 1202 1372 1313 1421; x_wconf 88' lang='lat' dir='ltr'><strong>ipsum</strong></span> <span class='ocrx_word' id='word_1_223' title='bbox 1333 1373 1517 1408; x_wconf 90' lang='lat' dir='ltr'><strong>dominum</strong></span> <span class='ocrx_word' id='word_1_224' title='bbox 1539 1373 1791 1410; x_wconf 86' lang='lat' dir='ltr'><strong>Alexandrum</strong></span> <span class='ocrx_word' id='word_1_225' title='bbox 1810 1382 1846 1411; x_wconf 86' lang='lat' dir='ltr'><strong>et</strong></span> 
     </span>
     <span class='ocr_line' id='line_1_22' title="bbox 338 1429 1844 1479; baseline 0.001 -12"><span class='ocrx_word' id='word_1_226' title='bbox 338 1432 511 1468; x_wconf 73' lang='lat' dir='ltr'><strong>assessores</strong></span> <span class='ocrx_word' id='word_1_227' title='bbox 538 1438 573 1467; x_wconf 85' lang='lat' dir='ltr'><strong>et</strong></span> <span class='ocrx_word' id='word_1_228' title='bbox 601 1431 815 1467; x_wconf 81' lang='lat' dir='ltr'><strong>consiliarios</strong></span> <span class='ocrx_word' id='word_1_229' title='bbox 840 1432 918 1467; x_wconf 91' lang='lat' dir='ltr'><strong>suos</strong></span> <span class='ocrx_word' id='word_1_230' title='bbox 945 1436 1113 1479; x_wconf 84' lang='lat' dir='ltr'><strong>argueret</strong></span> <span class='ocrx_word' id='word_1_231' title='bbox 1137 1431 1239 1479; x_wconf 88' lang='lat' dir='ltr'><strong>super</strong></span> <span class='ocrx_word' id='word_1_232' title='bbox 1265 1429 1367 1479; x_wconf 88' lang='lat' dir='ltr'><strong>ipsius</strong></span> <span class='ocrx_word' id='word_1_233' title='bbox 1386 1431 1563 1479; x_wconf 86' lang='lat' dir='ltr'><strong>process&#39;us</strong></span> <span class='ocrx_word' id='word_1_234' title='bbox 1582 1437 1617 1467; x_wconf 88' lang='lat' dir='ltr'><strong>et</strong></span> <span class='ocrx_word' id='word_1_235' title='bbox 1629 1432 1757 1479; x_wconf 85' lang='lat' dir='ltr'><strong>judicii</strong></span> <span class='ocrx_word' id='word_1_236' title='bbox 1775 1432 1844 1469; x_wconf 88' lang='lat' dir='ltr'><strong>five</strong></span> 
     </span>
     <span class='ocr_line' id='line_1_23' title="bbox 339 1489 1846 1539; baseline 0.001 -14"><span class='ocrx_word' id='word_1_237' title='bbox 339 1490 469 1525; x_wconf 86' lang='lat' dir='ltr'><strong>decreti</strong></span> <span class='ocrx_word' id='word_1_238' title='bbox 490 1491 674 1537; x_wconf 85' lang='lat' dir='ltr'><strong>iniquitate</strong></span> <span class='ocrx_word' id='word_1_239' title='bbox 696 1504 817 1539; x_wconf 88' lang='lat' dir='ltr'><strong>ymmo</strong></span> <span class='ocrx_word' id='word_1_240' title='bbox 841 1490 961 1526; x_wconf 88' lang='lat' dir='ltr'><strong>verius</strong></span> <span class='ocrx_word' id='word_1_241' title='bbox 989 1489 1153 1525; x_wconf 88' lang='lat' dir='ltr'><strong>nullitate</strong></span> <span class='ocrx_word' id='word_1_242' title='bbox 1173 1509 1180 1517; x_wconf 94' lang='lat'>·</span> <span class='ocrx_word' id='word_1_243' title='bbox 1202 1489 1385 1536; x_wconf 87' lang='lat' dir='ltr'><strong>multaque</strong></span> <span class='ocrx_word' id='word_1_244' title='bbox 1405 1489 1487 1524; x_wconf 89' lang='lat' dir='ltr'><strong>hinc</strong></span> <span class='ocrx_word' id='word_1_245' title='bbox 1506 1490 1589 1525; x_wconf 86' lang='lat' dir='ltr'><strong>inde</strong></span> <span class='ocrx_word' id='word_1_246' title='bbox 1608 1491 1814 1526; x_wconf 83' lang='lat' dir='ltr'><strong>dicerentur</strong></span> <span class='ocrx_word' id='word_1_247' title='bbox 1835 1511 1846 1519; x_wconf 83' lang='lat'><em>—</em></span> 
     </span>
     <span class='ocr_line' id='line_1_24' title="bbox 340 1547 1844 1596; baseline 0.002 -14"><span class='ocrx_word' id='word_1_248' title='bbox 340 1548 483 1583; x_wconf 79' lang='lat' dir='ltr'><strong>tandem</strong></span> <span class='ocrx_word' id='word_1_249' title='bbox 503 1549 571 1596; x_wconf 85' lang='lat' dir='ltr'><strong>ipse</strong></span> <span class='ocrx_word' id='word_1_250' title='bbox 591 1549 756 1583; x_wconf 88' lang='lat' dir='ltr'><strong>dominus</strong></span> <span class='ocrx_word' id='word_1_251' title='bbox 778 1548 986 1584; x_wconf 85' lang='lat' dir='ltr'><strong>Alexander</strong></span> <span class='ocrx_word' id='word_1_252' title='bbox 1004 1548 1109 1596; x_wconf 91' lang='lat' dir='ltr'><strong>plene</strong></span> <span class='ocrx_word' id='word_1_253' title='bbox 1129 1548 1341 1583; x_wconf 78' lang='lat' dir='ltr'><strong>informatus</strong></span> <span class='ocrx_word' id='word_1_254' title='bbox 1360 1567 1368 1575; x_wconf 94' lang='lat'><strong>·</strong></span> <span class='ocrx_word' id='word_1_255' title='bbox 1394 1547 1651 1584; x_wconf 87' lang='lat' dir='ltr'><strong>deliberatione</strong></span> <span class='ocrx_word' id='word_1_256' title='bbox 1670 1549 1767 1596; x_wconf 87' lang='lat' dir='ltr'><strong>prius</strong></span> <span class='ocrx_word' id='word_1_257' title='bbox 1785 1549 1844 1585; x_wconf 87' lang='lat' dir='ltr'><strong>ha-</strong></span> 
     </span>
     <span class='ocr_line' id='line_1_25' title="bbox 341 1605 1846 1654; baseline 0.001 -13"><span class='ocrx_word' id='word_1_258' title='bbox 341 1605 412 1641; x_wconf 83' lang='lat' dir='ltr'><strong>bita</strong></span> <span class='ocrx_word' id='word_1_259' title='bbox 430 1620 510 1641; x_wconf 90' lang='lat' dir='ltr'><strong>cuin</strong></span> <span class='ocrx_word' id='word_1_260' title='bbox 530 1606 672 1642; x_wconf 85' lang='lat' dir='ltr'><strong>confilio</strong></span> <span class='ocrx_word' id='word_1_261' title='bbox 692 1607 752 1642; x_wconf 91' lang='lat' dir='ltr'><strong>suo</strong></span> <span class='ocrx_word' id='word_1_262' title='bbox 773 1607 816 1642; x_wconf 90' lang='lat' dir='ltr'><strong>de</strong></span> <span class='ocrx_word' id='word_1_263' title='bbox 835 1620 906 1654; x_wconf 91' lang='lat' dir='ltr'><strong>quo</strong></span> <span class='ocrx_word' id='word_1_264' title='bbox 925 1613 1012 1642; x_wconf 87' lang='lat' dir='ltr'><strong>tunc</strong></span> <span class='ocrx_word' id='word_1_265' title='bbox 1031 1612 1134 1642; x_wconf 92' lang='lat' dir='ltr'><strong>erant</strong></span> <span class='ocrx_word' id='word_1_266' title='bbox 1154 1606 1330 1642; x_wconf 87' lang='lat' dir='ltr'><strong>Patricius</strong></span> <span class='ocrx_word' id='word_1_267' title='bbox 1348 1606 1392 1641; x_wconf 94' lang='lat' dir='ltr'><strong>de</strong></span> <span class='ocrx_word' id='word_1_268' title='bbox 1412 1605 1592 1641; x_wconf 83' lang='lat' dir='ltr'><strong>Crauford</strong></span> <span class='ocrx_word' id='word_1_269' title='bbox 1612 1625 1620 1633; x_wconf 90' lang='lat'><strong>·</strong></span> <span class='ocrx_word' id='word_1_270' title='bbox 1641 1606 1846 1642; x_wconf 72' lang='lat' dir='ltr'><strong>VVillelinus</strong></span> 
     </span>
     <span class='ocr_line' id='line_1_26' title="bbox 340 1664 1843 1713; baseline 0.001 -15"><span class='ocrx_word' id='word_1_271' title='bbox 340 1664 384 1699; x_wconf 88' lang='lat' dir='ltr'><strong>de</strong></span> <span class='ocrx_word' id='word_1_272' title='bbox 403 1664 555 1700; x_wconf 88' lang='lat' dir='ltr'><strong>Caiiiera</strong></span> <span class='ocrx_word' id='word_1_273' title='bbox 574 1684 582 1692; x_wconf 92' lang='lat'><strong>·</strong></span> <span class='ocrx_word' id='word_1_274' title='bbox 604 1665 812 1700; x_wconf 85' lang='lat' dir='ltr'><strong>Alexander</strong></span> <span class='ocrx_word' id='word_1_275' title='bbox 831 1667 918 1701; x_wconf 70' lang='lat' dir='ltr'><strong>(Dan</strong></span> <span class='ocrx_word' id='word_1_276' title='bbox 938 1684 946 1692; x_wconf 89' lang='lat'><strong>·</strong></span> <span class='ocrx_word' id='word_1_277' title='bbox 966 1665 1145 1701; x_wconf 69' lang='lat' dir='ltr'><strong>martinus</strong></span> <span class='ocrx_word' id='word_1_278' title='bbox 1164 1664 1208 1700; x_wconf 88' lang='lat' dir='ltr'><strong>de</strong></span> <span class='ocrx_word' id='word_1_279' title='bbox 1228 1664 1363 1700; x_wconf 86' lang='lat' dir='ltr'><strong>Caldor</strong></span> <span class='ocrx_word' id='word_1_280' title='bbox 1383 1683 1391 1691; x_wconf 91' lang='lat'><strong>·</strong></span> <span class='ocrx_word' id='word_1_281' title='bbox 1411 1670 1446 1699; x_wconf 87' lang='lat' dir='ltr'><strong>et</strong></span> <span class='ocrx_word' id='word_1_282' title='bbox 1466 1664 1648 1700; x_wconf 78' lang='lat' dir='ltr'><strong>Robertus</strong></span> <span class='ocrx_word' id='word_1_283' title='bbox 1666 1665 1710 1700; x_wconf 93' lang='lat' dir='ltr'><strong>de</strong></span> <span class='ocrx_word' id='word_1_284' title='bbox 1730 1665 1843 1713; x_wconf 81' lang='lat' dir='ltr'><strong>Apyl-</strong></span> 
     </span>
     <span class='ocr_line' id='line_1_27' title="bbox 339 1722 1843 1772; baseline 0.001 -16"><span class='ocrx_word' id='word_1_285' title='bbox 339 1728 402 1757; x_wconf 85' lang='lat' dir='ltr'><strong>ton</strong></span> <span class='ocrx_word' id='word_1_286' title='bbox 422 1722 537 1770; x_wconf 88' lang='lat' dir='ltr'><strong>scripti</strong></span> <span class='ocrx_word' id='word_1_287' title='bbox 557 1723 714 1770; x_wconf 87' lang='lat' dir='ltr'><strong>superius</strong></span> <span class='ocrx_word' id='word_1_288' title='bbox 733 1742 741 1750; x_wconf 91' lang='lat'><strong>·</strong></span> <span class='ocrx_word' id='word_1_289' title='bbox 761 1729 797 1758; x_wconf 89' lang='lat' dir='ltr'><strong>et</strong></span> <span class='ocrx_word' id='word_1_290' title='bbox 821 1723 988 1758; x_wconf 87' lang='lat' dir='ltr'><strong>dominus</strong></span> <span class='ocrx_word' id='word_1_291' title='bbox 1008 1723 1211 1758; x_wconf 82' lang='lat' dir='ltr'><strong>Willelmus</strong></span> <span class='ocrx_word' id='word_1_292' title='bbox 1230 1723 1274 1758; x_wconf 90' lang='lat' dir='ltr'><strong>de</strong></span> <span class='ocrx_word' id='word_1_293' title='bbox 1293 1722 1548 1770; x_wconf 84' lang='lat' dir='ltr'><strong>Fodryngliani</strong></span> <span class='ocrx_word' id='word_1_294' title='bbox 1574 1722 1674 1757; x_wconf 88' lang='lat' dir='ltr'><strong>miles</strong></span> <span class='ocrx_word' id='word_1_295' title='bbox 1692 1723 1752 1770; x_wconf 91' lang='lat' dir='ltr'><strong>qui</strong></span> <span class='ocrx_word' id='word_1_296' title='bbox 1766 1723 1843 1772; x_wconf 86' lang='lat' dir='ltr'><strong>jam</strong></span> 
     </span>
     <span class='ocr_line' id='line_1_28' title="bbox 339 1780 1843 1828; baseline 0.001 -14"><span class='ocrx_word' id='word_1_297' title='bbox 339 1786 501 1815; x_wconf 84' lang='lat' dir='ltr'><strong>recenter</strong></span> <span class='ocrx_word' id='word_1_298' title='bbox 519 1780 564 1814; x_wconf 87' lang='lat' dir='ltr'><strong>ad</strong></span> <span class='ocrx_word' id='word_1_299' title='bbox 583 1780 692 1828; x_wconf 89' lang='lat' dir='ltr'><strong>ipsum</strong></span> <span class='ocrx_word' id='word_1_300' title='bbox 713 1781 897 1816; x_wconf 88' lang='lat' dir='ltr'><strong>dominum</strong></span> <span class='ocrx_word' id='word_1_301' title='bbox 919 1780 1170 1816; x_wconf 84' lang='lat' dir='ltr'><strong>Alexandrum</strong></span> <span class='ocrx_word' id='word_1_302' title='bbox 1189 1786 1339 1816; x_wconf 87' lang='lat' dir='ltr'><strong>venerat</strong></span> <span class='ocrx_word' id='word_1_303' title='bbox 1359 1799 1367 1807; x_wconf 89' lang='lat'><strong>·</strong></span> <span class='ocrx_word' id='word_1_304' title='bbox 1387 1786 1422 1815; x_wconf 89' lang='lat' dir='ltr'><strong>et</strong></span> <span class='ocrx_word' id='word_1_305' title='bbox 1441 1781 1485 1815; x_wconf 91' lang='lat' dir='ltr'><strong>de</strong></span> <span class='ocrx_word' id='word_1_306' title='bbox 1507 1780 1651 1815; x_wconf 89' lang='lat' dir='ltr'><strong>istorum</strong></span> <span class='ocrx_word' id='word_1_307' title='bbox 1671 1782 1843 1816; x_wconf 86' lang='lat' dir='ltr'><strong>concordi</strong></span> 
     </span>
     <span class='ocr_line' id='line_1_29' title="bbox 340 1836 1841 1887; baseline 0.001 -15"><span class='ocrx_word' id='word_1_308' title='bbox 340 1836 482 1872; x_wconf 84' lang='lat' dir='ltr'><strong>conlilio</strong></span> <span class='ocrx_word' id='word_1_309' title='bbox 497 1857 505 1865; x_wconf 93' lang='lat'><strong>·</strong></span> <span class='ocrx_word' id='word_1_310' title='bbox 521 1844 636 1873; x_wconf 86' lang='lat' dir='ltr'><strong>totum</strong></span> <span class='ocrx_word' id='word_1_311' title='bbox 652 1838 752 1873; x_wconf 88' lang='lat' dir='ltr'><strong>suum</strong></span> <span class='ocrx_word' id='word_1_312' title='bbox 767 1839 960 1886; x_wconf 75' lang='lat' dir='ltr'><strong>processum</strong></span> <span class='ocrx_word' id='word_1_313' title='bbox 977 1845 1012 1874; x_wconf 89' lang='lat' dir='ltr'><strong>et</strong></span> <span class='ocrx_word' id='word_1_314' title='bbox 1027 1839 1163 1874; x_wconf 66' lang='lat' dir='ltr'><strong>dietum</strong></span> <span class='ocrx_word' id='word_1_315' title='bbox 1178 1838 1356 1887; x_wconf 86' lang='lat' dir='ltr'><strong>judicium</strong></span> <span class='ocrx_word' id='word_1_316' title='bbox 1373 1838 1431 1874; x_wconf 89' lang='lat' dir='ltr'><strong>seu</strong></span> <span class='ocrx_word' id='word_1_317' title='bbox 1447 1839 1630 1874; x_wconf 89' lang='lat' dir='ltr'><strong>decretum</strong></span> <span class='ocrx_word' id='word_1_318' title='bbox 1646 1838 1757 1874; x_wconf 84' lang='lat' dir='ltr'><strong>latum</strong></span> <span class='ocrx_word' id='word_1_319' title='bbox 1773 1838 1841 1874; x_wconf 84' lang='lat' dir='ltr'><strong>five</strong></span> 
     </span>
     <span class='ocr_line' id='line_1_30' title="bbox 339 1895 1842 1945; baseline 0.001 -15"><span class='ocrx_word' id='word_1_320' title='bbox 339 1895 461 1930; x_wconf 83' lang='lat' dir='ltr'><strong>datuin</strong></span> <span class='ocrx_word' id='word_1_321' title='bbox 481 1896 515 1931; x_wconf 90' lang='lat' dir='ltr'><strong>iii</strong></span> <span class='ocrx_word' id='word_1_322' title='bbox 536 1896 633 1931; x_wconf 84' lang='lat' dir='ltr'><strong>curia</strong></span> <span class='ocrx_word' id='word_1_323' title='bbox 651 1902 818 1943; x_wconf 85' lang='lat' dir='ltr'><strong>tanquam</strong></span> <span class='ocrx_word' id='word_1_324' title='bbox 838 1910 1022 1945; x_wconf 80' lang='lat' dir='ltr'><strong>perperam</strong></span> <span class='ocrx_word' id='word_1_325' title='bbox 1042 1898 1177 1932; x_wconf 71' lang='lat' dir='ltr'><strong>fa&amp;um</strong></span> <span class='ocrx_word' id='word_1_326' title='bbox 1198 1903 1233 1932; x_wconf 88' lang='lat' dir='ltr'><strong>et</strong></span> <span class='ocrx_word' id='word_1_327' title='bbox 1252 1897 1374 1932; x_wconf 88' lang='lat' dir='ltr'><strong>datum</strong></span> <span class='ocrx_word' id='word_1_328' title='bbox 1394 1903 1567 1944; x_wconf 89' lang='lat' dir='ltr'><strong>quantum</strong></span> <span class='ocrx_word' id='word_1_329' title='bbox 1587 1897 1632 1932; x_wconf 89' lang='lat' dir='ltr'><strong>de</strong></span> <span class='ocrx_word' id='word_1_330' title='bbox 1650 1896 1747 1932; x_wconf 66' lang='lat' dir='ltr'><strong>faeto</strong></span> <span class='ocrx_word' id='word_1_331' title='bbox 1761 1910 1842 1945; x_wconf 85' lang='lat' dir='ltr'><strong>pro-</strong></span> 
     </span>
     <span class='ocr_line' id='line_1_31' title="bbox 339 1954 1845 2003; baseline 0 -14"><span class='ocrx_word' id='word_1_332' title='bbox 339 1954 508 1989; x_wconf 68' lang='lat' dir='ltr'><strong>cesserant</strong></span> <span class='ocrx_word' id='word_1_333' title='bbox 526 1954 707 1989; x_wconf 82' lang='lat' dir='ltr'><strong>revocavit</strong></span> <span class='ocrx_word' id='word_1_334' title='bbox 727 1960 761 1989; x_wconf 88' lang='lat' dir='ltr'><strong>et</strong></span> <span class='ocrx_word' id='word_1_335' title='bbox 780 1955 978 1990; x_wconf 85' lang='lat' dir='ltr'><strong>annullavit</strong></span> <span class='ocrx_word' id='word_1_336' title='bbox 997 1961 1032 1990; x_wconf 93' lang='lat' dir='ltr'><strong>et</strong></span> <span class='ocrx_word' id='word_1_337' title='bbox 1049 1969 1115 2003; x_wconf 88' lang='lat' dir='ltr'><strong>pro</strong></span> <span class='ocrx_word' id='word_1_338' title='bbox 1134 1956 1308 1991; x_wconf 84' lang='lat' dir='ltr'><strong>revocatis</strong></span> <span class='ocrx_word' id='word_1_339' title='bbox 1327 1961 1362 1990; x_wconf 89' lang='lat' dir='ltr'><strong>et</strong></span> <span class='ocrx_word' id='word_1_340' title='bbox 1380 1954 1573 1990; x_wconf 88' lang='lat' dir='ltr'><strong>annullatis</strong></span> <span class='ocrx_word' id='word_1_341' title='bbox 1589 1968 1711 2003; x_wconf 78' lang='lat' dir='ltr'><strong>ymmo</strong></span> <span class='ocrx_word' id='word_1_342' title='bbox 1729 1955 1845 2003; x_wconf 86' lang='lat' dir='ltr'><strong>magis</strong></span> 
     </span>
     <span class='ocr_line' id='line_1_32' title="bbox 339 2012 1840 2060; baseline 0.002 -14"><span class='ocrx_word' id='word_1_343' title='bbox 339 2012 383 2047; x_wconf 90' lang='lat' dir='ltr'><strong>de</strong></span> <span class='ocrx_word' id='word_1_344' title='bbox 401 2012 433 2047; x_wconf 85' lang='lat' dir='ltr'><strong>se</strong></span> <span class='ocrx_word' id='word_1_345' title='bbox 452 2012 559 2047; x_wconf 85' lang='lat' dir='ltr'><strong>nullis</strong></span> <span class='ocrx_word' id='word_1_346' title='bbox 574 2018 608 2047; x_wconf 89' lang='lat' dir='ltr'><strong>et</strong></span> <span class='ocrx_word' id='word_1_347' title='bbox 623 2026 685 2060; x_wconf 87' lang='lat' dir='ltr'><strong>per</strong></span> <span class='ocrx_word' id='word_1_348' title='bbox 699 2026 772 2047; x_wconf 90' lang='lat' dir='ltr'><strong>iion</strong></span> <span class='ocrx_word' id='word_1_349' title='bbox 785 2012 943 2060; x_wconf 86' lang='lat' dir='ltr'><strong>judicem</strong></span> <span class='ocrx_word' id='word_1_350' title='bbox 959 2014 1058 2049; x_wconf 87' lang='lat' dir='ltr'><strong>suum</strong></span> <span class='ocrx_word' id='word_1_351' title='bbox 1074 2014 1208 2050; x_wconf 65' lang='lat' dir='ltr'><strong>saetam</strong></span> <span class='ocrx_word' id='word_1_352' title='bbox 1225 2014 1348 2049; x_wconf 81' lang='lat' dir='ltr'><strong>habuit</strong></span> <span class='ocrx_word' id='word_1_353' title='bbox 1363 2020 1398 2049; x_wconf 91' lang='lat' dir='ltr'><strong>et</strong></span> <span class='ocrx_word' id='word_1_354' title='bbox 1413 2013 1532 2048; x_wconf 87' lang='lat' dir='ltr'><strong>haberi</strong></span> <span class='ocrx_word' id='word_1_355' title='bbox 1548 2013 1663 2048; x_wconf 88' lang='lat' dir='ltr'><strong>voluit</strong></span> <span class='ocrx_word' id='word_1_356' title='bbox 1678 2026 1742 2060; x_wconf 87' lang='lat' dir='ltr'><strong>pro</strong></span> <span class='ocrx_word' id='word_1_357' title='bbox 1757 2013 1790 2048; x_wconf 82' lang='lat' dir='ltr'><strong>se</strong></span> <span class='ocrx_word' id='word_1_358' title='bbox 1804 2020 1840 2049; x_wconf 82' lang='lat' dir='ltr'><strong>et</strong></span> 
     </span>
     <span class='ocr_line' id='line_1_33' title="bbox 338 2070 1840 2120; baseline 0 -14"><span class='ocrx_word' id='word_1_359' title='bbox 338 2070 585 2106; x_wconf 75' lang='lat' dir='ltr'><strong>successoribus</strong></span> <span class='ocrx_word' id='word_1_360' title='bbox 604 2070 670 2105; x_wconf 89' lang='lat' dir='ltr'><strong>suis</strong></span> <span class='ocrx_word' id='word_1_361' title='bbox 689 2070 842 2105; x_wconf 86' lang='lat' dir='ltr'><strong>dominis</strong></span> <span class='ocrx_word' id='word_1_362' title='bbox 860 2072 903 2106; x_wconf 89' lang='lat' dir='ltr'><strong>de</strong></span> <span class='ocrx_word' id='word_1_363' title='bbox 924 2072 1113 2108; x_wconf 78' lang='lat' dir='ltr'><strong>Badenacli</strong></span> <span class='ocrx_word' id='word_1_364' title='bbox 1134 2073 1261 2108; x_wconf 86' lang='lat' dir='ltr'><strong>futuris</strong></span> <span class='ocrx_word' id='word_1_365' title='bbox 1280 2092 1288 2100; x_wconf 94' lang='lat'><strong>·</strong></span> <span class='ocrx_word' id='word_1_366' title='bbox 1319 2072 1363 2107; x_wconf 91' lang='lat' dir='ltr'><strong>In</strong></span> <span class='ocrx_word' id='word_1_367' title='bbox 1385 2085 1538 2120; x_wconf 88' lang='lat' dir='ltr'><strong>quorum</strong></span> <span class='ocrx_word' id='word_1_368' title='bbox 1563 2070 1699 2119; x_wconf 87' lang='lat' dir='ltr'><strong>signum</strong></span> <span class='ocrx_word' id='word_1_369' title='bbox 1723 2077 1840 2107; x_wconf 87' lang='lat' dir='ltr'><strong>totuin</strong></span> 
     </span>
     <span class='ocr_line' id='line_1_34' title="bbox 337 2128 1840 2178; baseline 0.001 -15"><span class='ocrx_word' id='word_1_370' title='bbox 337 2128 436 2164; x_wconf 80' lang='lat' dir='ltr'><strong>&#39;illuni</strong></span> <span class='ocrx_word' id='word_1_371' title='bbox 466 2129 663 2174; x_wconf 75' lang='lat' dir='ltr'><strong>processum</strong></span> <span class='ocrx_word' id='word_1_372' title='bbox 693 2142 773 2164; x_wconf 87' lang='lat' dir='ltr'><strong>euni</strong></span> <span class='ocrx_word' id='word_1_373' title='bbox 803 2130 947 2164; x_wconf 85' lang='lat' dir='ltr'><strong>decreto</strong></span> <span class='ocrx_word' id='word_1_374' title='bbox 976 2144 1039 2178; x_wconf 86' lang='lat' dir='ltr'><strong>per</strong></span> <span class='ocrx_word' id='word_1_375' title='bbox 1068 2131 1206 2166; x_wconf 65' lang='lat' dir='ltr'><strong>dietum</strong></span> <span class='ocrx_word' id='word_1_376' title='bbox 1232 2131 1453 2166; x_wconf 74' lang='lat' dir='ltr'><strong>VVillelinum</strong></span> <span class='ocrx_word' id='word_1_377' title='bbox 1481 2130 1525 2165; x_wconf 90' lang='lat' dir='ltr'><strong>de</strong></span> <span class='ocrx_word' id='word_1_378' title='bbox 1552 2130 1705 2165; x_wconf 86' lang='lat' dir='ltr'><strong>Caiiiera</strong></span> <span class='ocrx_word' id='word_1_379' title='bbox 1731 2129 1840 2165; x_wconf 84' lang='lat' dir='ltr'><strong>secre-</strong></span> 
     </span>
     <span class='ocr_line' id='line_1_35' title="bbox 337 2186 1842 2234; baseline 0 -12"><span class='ocrx_word' id='word_1_380' title='bbox 337 2186 466 2222; x_wconf 78' lang='lat' dir='ltr'><strong>tarium</strong></span> <span class='ocrx_word' id='word_1_381' title='bbox 491 2186 590 2221; x_wconf 87' lang='lat' dir='ltr'><strong>suuin</strong></span> <span class='ocrx_word' id='word_1_382' title='bbox 619 2192 654 2221; x_wconf 87' lang='lat' dir='ltr'><strong>et</strong></span> <span class='ocrx_word' id='word_1_383' title='bbox 681 2186 898 2234; x_wconf 83' lang='lat' dir='ltr'><strong>figilliferum</strong></span> <span class='ocrx_word' id='word_1_384' title='bbox 923 2188 966 2222; x_wconf 89' lang='lat' dir='ltr'><strong>de</strong></span> <span class='ocrx_word' id='word_1_385' title='bbox 991 2189 1110 2223; x_wconf 86' lang='lat' dir='ltr'><strong>rotulo</strong></span> <span class='ocrx_word' id='word_1_386' title='bbox 1134 2190 1233 2224; x_wconf 89' lang='lat' dir='ltr'><strong>curie</strong></span> <span class='ocrx_word' id='word_1_387' title='bbox 1256 2189 1349 2224; x_wconf 90' lang='lat' dir='ltr'><strong>illius</strong></span> <span class='ocrx_word' id='word_1_388' title='bbox 1371 2189 1440 2224; x_wconf 83' lang='lat' dir='ltr'><strong>diei</strong></span> <span class='ocrx_word' id='word_1_389' title='bbox 1463 2187 1640 2223; x_wconf 84' lang='lat' dir='ltr'><strong>absciffum</strong></span> <span class='ocrx_word' id='word_1_390' title='bbox 1664 2187 1760 2222; x_wconf 85' lang='lat' dir='ltr'><strong>idem</strong></span> <span class='ocrx_word' id='word_1_391' title='bbox 1778 2188 1842 2222; x_wconf 85' lang='lat' dir='ltr'><strong>do·</strong></span> 
     </span>
     <span class='ocr_line' id='line_1_36' title="bbox 337 2243 1841 2294; baseline 0.001 -14"><span class='ocrx_word' id='word_1_392' title='bbox 337 2245 453 2280; x_wconf 84' lang='lat' dir='ltr'><strong>minus</strong></span> <span class='ocrx_word' id='word_1_393' title='bbox 469 2243 678 2280; x_wconf 83' lang='lat' dir='ltr'><strong>Alexander</strong></span> <span class='ocrx_word' id='word_1_394' title='bbox 693 2245 778 2279; x_wconf 90' lang='lat' dir='ltr'><strong>milii</strong></span> <span class='ocrx_word' id='word_1_395' title='bbox 793 2246 933 2280; x_wconf 85' lang='lat' dir='ltr'><strong>notario</strong></span> <span class='ocrx_word' id='word_1_396' title='bbox 955 2246 1173 2294; x_wconf 73' lang='lat' dir='ltr'><strong>infrascripto</strong></span> <span class='ocrx_word' id='word_1_397' title='bbox 1192 2247 1285 2282; x_wconf 84' lang='lat' dir='ltr'><strong>tradi</strong></span> <span class='ocrx_word' id='word_1_398' title='bbox 1303 2247 1387 2282; x_wconf 87' lang='lat' dir='ltr'><strong>fecit</strong></span> <span class='ocrx_word' id='word_1_399' title='bbox 1404 2245 1689 2282; x_wconf 85' lang='lat' dir='ltr'><strong>comburendum</strong></span> <span class='ocrx_word' id='word_1_400' title='bbox 1704 2265 1712 2272; x_wconf 93' lang='lat'><strong>·</strong></span> <span class='ocrx_word' id='word_1_401' title='bbox 1732 2259 1841 2292; x_wconf 86' lang='lat' dir='ltr'><strong>quem</strong></span> 
     </span>
     <span class='ocr_line' id='line_1_37' title="bbox 338 2302 1840 2353; baseline 0.002 -17"><span class='ocrx_word' id='word_1_402' title='bbox 338 2302 533 2352; x_wconf 72' lang='lat' dir='ltr'><strong>processum</strong></span> <span class='ocrx_word' id='word_1_403' title='bbox 546 2316 631 2338; x_wconf 89' lang='lat' dir='ltr'><strong>cum</strong></span> <span class='ocrx_word' id='word_1_404' title='bbox 647 2303 792 2339; x_wconf 87' lang='lat' dir='ltr'><strong>decreto</strong></span> <span class='ocrx_word' id='word_1_405' title='bbox 811 2303 847 2338; x_wconf 90' lang='lat' dir='ltr'><strong>iii</strong></span> <span class='ocrx_word' id='word_1_406' title='bbox 866 2304 1041 2353; x_wconf 88' lang='lat' dir='ltr'><strong>presentia</strong></span> <span class='ocrx_word' id='word_1_407' title='bbox 1055 2305 1285 2340; x_wconf 86' lang='lat' dir='ltr'><strong>dominorum</strong></span> <span class='ocrx_word' id='word_1_408' title='bbox 1301 2305 1481 2341; x_wconf 64' lang='lat' dir='ltr'><strong>dietoruin</strong></span> <span class='ocrx_word' id='word_1_409' title='bbox 1498 2303 1663 2352; x_wconf 81' lang='lat' dir='ltr'><strong>Episcopi</strong></span> <span class='ocrx_word' id='word_1_410' title='bbox 1676 2309 1711 2339; x_wconf 87' lang='lat' dir='ltr'><strong>et</strong></span> <span class='ocrx_word' id='word_1_411' title='bbox 1727 2304 1840 2339; x_wconf 71' lang='lat' dir='ltr'><strong>Alex-</strong></span> 
     </span>
    </p>
   </div>
  </div>
 </body>
</html>
