1912 2660
165 394 236 427 253

265 124 337 156 8Q8
666 120 981 158 REGISTRUM
1010 120 1374 158 MORAVIENSE.

267 277 451 313 Sententia
468 278 782 314 commissariorum
802 279 904 326 super
923 278 1069 314 decimis
1087 283 1249 313 ortorum
1269 277 1313 312 de
1332 276 1452 324 Elgyn
1472 296 1481 304 ·

265 392 358 429 Cum
378 394 471 429 inter
489 395 726 430 reverendum
745 394 782 429 in
802 393 941 429 Christo
960 399 1098 440 patrem
1117 391 1303 427 dominum
1322 391 1544 428 VVillelmum
1564 393 1636 429 Dei
1657 396 1771 441 gratia

264 450 466 500 episcopum
485 451 745 488 moraviensem
773 464 817 486 ex
843 455 942 498 parte
969 463 1042 484 una
1060 469 1068 476 ·
1097 454 1132 484 et
1155 448 1343 484 discretum
1363 449 1480 484 virum
1506 450 1690 486 dominum
1710 452 1772 489 Jo-

264 509 419 545 hannem
432 509 476 545 de
496 509 722 545 Abirkerdor
735 508 906 544 vicarium
921 507 964 542 de
984 507 1102 553 Elgyn
1122 519 1165 541 ex
1179 506 1291 541 altera
1304 525 1311 533 ·
1333 506 1434 555 super
1449 508 1594 543 decimis
1609 515 1771 545 ortorum

264 572 337 602 tam
364 580 543 602 novorum
570 580 676 614 quam
698 566 928 612 antiquorum
949 564 991 599 lis
1015 570 1051 599 et
1071 563 1205 611 questio
1230 570 1438 600 moveretur
1457 585 1465 593 ·
1493 566 1586 601 idem
1608 580 1772 603 reveren-

265 624 332 660 dus
350 630 451 673 pater
469 638 549 660 cum
569 624 670 660 causa
688 624 748 658 illa
762 623 872 671 ipsum
888 627 1052 669 tangeret
1069 621 1196 657 nolens
1214 622 1252 656 in
1266 621 1337 668 ipsa
1350 623 1545 670 procedere
1565 644 1572 652 ·
1602 626 1775 672 cognitio-

266 695 349 718 nem
370 681 471 730 ipsms
490 687 525 717 et
544 681 876 717 determinationem
896 692 961 727 pro
980 679 1041 714 suo
1061 679 1235 714 duntaxat
1253 684 1415 728 tempore
1434 700 1442 708 ·
1470 681 1572 717 nobis
1591 681 1773 719 Willelmo

267 741 311 775 de
331 739 517 776 Chessielm
545 739 761 775 thesaurario
789 743 824 773 et
853 737 1013 774 ,Iohanni
1043 737 1086 772 de
1112 737 1245 785 Inneys
1274 737 1511 785 prebendario
1544 740 1587 775 de
1619 740 1774 776 Duffous

268 811 348 833 011111
368 796 632 845 emergentibus
650 795 889 831 incidentibus
909 794 1193 843 dependentibus
1218 800 1254 830 et
1278 796 1450 831 connexis
1469 796 1641 833 commisit
1661 818 1668 825 ·
1697 798 1775 834 Nos

266 868 353 891 vero
381 855 582 890 willelmus
609 860 644 889 et
678 854 862 890 Johannes
888 853 1041 901 predicti
1061 873 1069 881 ·
1097 853 1227 888 auditis
1253 852 1331 888 vifis
1358 858 1394 889 et
1421 854 1612 890 1111011οἃ15
1639 855 1775 892 statutis

266 913 544 959 provincialibus
568 912 668 959 regni
689 911 807 947 Scotie
835 915 870 946 ct
896 911 1093 946 rationibus
1111 910 1294 958 utriusque
1313 912 1423 959 partis
1443 931 1451 939 ·
1482 912 1609 948 Christi
1630 915 1774 950 nominc

268 972 433 1006 invocato
453 990 461 998 ·
481 971 640 1005 sedentes
658 982 723 1017 pro
742 968 913 1003 tribunali
932 974 968 1004 et
985 969 1155 1005 habentes
1182 982 1246 1017 pre
1272 969 1384 1004 oculis
1411 969 1523 1005 solum
1549 971 1670 1007 Deum
1691 992 1698 1000 ·
1732 973 1775 1007 de

268 1029 465 1077 peritorum
493 1026 636 1063 consilio
656 1046 663 1054 ·
692 1040 755 1074 per
773 1026 865 1062 hanc
884 1026 1037 1062 nostram
1057 1027 1282 1062 diffinitivam
1302 1027 1509 1063 sententiam
1530 1043 1635 1076 quam
1654 1030 1691 1064 in
1710 1030 1775 1064 hiis

267 1087 401 1135 scriptis
418 1085 633 1132 proferimus
657 1084 938 1133 pronunciamus
957 1084 1182 1120 decernimus
1206 1090 1241 1120 et
1260 1084 1481 1121 declaramus
1499 1087 1595 1133 quod
1614 1088 1673 1123 ubi
1693 1101 1776 1123 con-

267 1144 331 1180 stat
350 1144 534 1179 evidenter
552 1143 596 1178 de
615 1142 783 1178 clausuris
802 1147 964 1177 ortorum
984 1142 1216 1190 antiquorum
1234 1142 1430 1178 secundum
1455 1144 1696 1191 prolixitatem
1721 1160 1775 1181 01-

267 1208 386 1237 torum
402 1201 602 1237 clausorum
628 1213 726 1236 nunc
750 1199 974 1236 existentium
993 1201 1090 1248 quod
1117 1200 1255 1236 decime
1273 1200 1418 1236 illorum
1438 1207 1601 1238 ortorum
1620 1204 1665 1238 ad
1684 1204 1775 1239 vica-

267 1260 360 1295 rium
375 1259 577 1307 pertineant
592 1264 627 1294 et
639 1271 713 1294 non
724 1258 770 1293 ad
785 1257 999 1307 Episcopum
1014 1278 1022 1286 ·
1040 1258 1279 1294 Declaramus
1291 1264 1410 1294 tamen
1423 1260 1518 1307 quod
1533 1258 1556 1295 fi
1570 1261 1678 1308 aliqui
1697 1262 1777 1297 bur-

267 1316 390 1365 genses
407 1316 465 1352 vel
484 1316 544 1352 alii
562 1316 655 1352 infra
672 1316 827 1364 burgum
846 1329 958 1365 prope
978 1321 1076 1352 ortos
1094 1316 1259 1364 antiquos
1277 1316 1428 1352 fecerint
1443 1322 1540 1353 ortos
1552 1331 1665 1354 novos
1683 1320 1777 1354 ultra

268 1380 379 1410 metas
391 1374 620 1422 antiquorum
638 1380 801 1410 ortorum
815 1393 823 1402 ·
843 1374 941 1422 quod
953 1374 1089 1410 decime
1102 1374 1247 1410 illorum
1262 1375 1307 1410 ad
1325 1374 1538 1423 Episcopum
1550 1377 1752 1424 pertineant
1768 1397 1775 1404 ·

269 1434 381 1468 linum
409 1446 496 1468 vero
522 1432 643 1481 porrei
669 1432 728 1468 vel
754 1432 874 1468 caules
900 1432 945 1467 ad
971 1432 1144 1468 vicarium
1181 1432 1385 1480 pertineant
1414 1433 1619 1481 ubicunque
1644 1435 1777 1471 fuerint

268 1491 437 1526 seminate
456 1510 464 1518 ·
494 1490 542 1526 Et
559 1489 584 1526 fi
608 1490 794 1538 contingat
815 1490 933 1538 aliqua
951 1490 1058 1526 dubia
1075 1490 1177 1539 super
1201 1490 1269 1526 hiis
1290 1503 1473 1539 emergere
1492 1492 1529 1527 in
1547 1492 1709 1528 futurum
1728 1494 1778 1528 in-

270 1549 565 1598 terpretationem
590 1555 625 1585 et
649 1549 928 1585 declarationem
955 1549 1153 1585 eorundem
1180 1548 1282 1584 nobis
1308 1549 1504 1597 specialiter
1530 1550 1748 1587 reservamus
1768 1573 1776 1580 ·

271 1607 386 1643 Le&a
397 1607 468 1642 lata
479 1612 514 1642 et
533 1606 716 1655 inscriptis
731 1607 968 1655 pronunciata
978 1607 1046 1643 fuit
1057 1607 1122 1643 hec
1137 1606 1255 1642 nostra
1269 1606 1457 1642 diffinitiva
1470 1607 1642 1643 sententia
1656 1622 1775 1644 coram

272 1664 441 1700 ambabus
462 1664 620 1713 partibus
642 1664 863 1713 presentibus
885 1664 922 1700 in
946 1663 1089 1701 ecclesia
1112 1663 1327 1701 moraviensi
1348 1665 1549 1713 penultimo
1573 1666 1630 1701 die
1652 1666 1778 1702 meniis

275 1722 359 1771 maij
376 1735 470 1758 anno
490 1722 639 1758 Domini
661 1726 820 1760 ·cr)⁰·ccc⁰·
840 1721 1071 1771 nonogesimo
1090 1735 1188 1758 nono
1208 1723 1245 1758 in
1263 1722 1371 1758 domo
1391 1722 1575 1770 capitulari
1596 1743 1603 1751 -
