2060 2660
568 181 885 218 REGISTRUM
912 182 1275 220 MORAVIENSE.
1593 192 1664 224 915

172 284 283 319 serat·
302 288 338 319 et
363 282 465 330 super
489 281 549 316 illa
566 280 747 316 amiflione
760 280 936 328 judicium
956 281 993 316 in
1012 282 1110 316 curia.
1127 282 1199 329 ipsa
1218 282 1339 318 datum
1365 283 1446 319 esset
1466 304 1473 312 ·
1502 285 1666 320 dubitans

172 341 268 388 quod
285 340 395 386 ipsum
413 345 660 375 tenementum
684 352 748 387 per
766 338 858 373 viam
875 338 968 386 juris
992 351 1204 386 recuperare
1223 352 1298 374 non
1315 340 1425 386 posset
1444 359 1451 368 ·
1471 342 1665 377 amicorum

171 398 231 433 usa
244 396 386 434 confilio
403 417 410 425 ·
431 410 538 432 omne
550 397 611 445 jus
625 396 722 444 quod
739 396 863 431 habuit
876 396 934 431 vel
952 396 1082 431 habere
1100 397 1218 444 potuit
1237 397 1274 431 in
1293 397 1364 442 ipsa
1378 397 1523 433 dimidia
1541 399 1667 434 davata

171 463 264 492 terre
282 455 339 491 vel
357 455 401 490 ad
419 455 526 503 ipsam
546 455 602 490 die
617 454 770 490 Veneris
784 454 821 489 in
835 453 919 489 sesto
938 454 1032 489 beati
1045 453 1241 490 Clementis
1254 454 1349 502 Pape
1363 454 1400 488 in
1415 455 1576 490 manibus
1593 456 1668 491 nos-

171 513 233 549 tris
250 526 338 561 pure
356 513 466 548 libere
485 518 520 548 et
538 511 740 560 simpliciter
757 525 821 560 per
838 511 963 547 fustem
982 517 1018 547 et
1035 511 1203 547 baculum
1221 524 1329 559 quem
1347 516 1435 547 tunc
1453 512 1491 547 in
1509 513 1669 548 manibus

171 571 313 607 tenebat
336 584 401 619 pro
426 571 459 606 se
486 576 522 606 et
548 570 737 606 heredibus
757 570 826 605 suis
847 569 980 605 sursum
1005 569 1161 605 reddidit
1180 574 1215 605 et
1233 568 1424 617 resignavit
1442 569 1480 604 in
1496 570 1671 616 presentia

170 628 313 675 capituli
328 628 435 664 nostri
451 634 537 663 tunc
551 634 699 675 propter
713 628 780 663 hoc
795 627 1037 677 capitulariter
1052 627 1262 675 congregati
1281 646 1288 655 ·
1315 626 1488 663 subiciens
1505 627 1538 662 se
1556 628 1668 675 gratie

170 686 285 722 nostre
311 691 348 722 et
374 686 519 734 capituli
542 686 715 721 antedicti
735 705 743 714 ·
770 686 849 721 Nos
866 698 953 721 vero
968 685 1075 733 super
1093 685 1161 721 hoc
1179 685 1292 733 sepius
1310 689 1394 720 ante
1418 690 1454 720 et
1477 690 1564 720 tunc
1588 698 1670 720 cum

171 744 268 780 dicto
287 744 443 792 capitulo
461 743 580 779 nostro
599 744 777 791 frequent-i
796 743 1053 779 deliberatione
1077 748 1114 778 et
1134 748 1275 778 maturo
1295 740 1440 778 confilio
1458 743 1649 791 prehabitis
1662 762 1670 770 ·

169 802 275 851 ipsam
296 802 478 838 dimidiam
497 802 661 837 davatam
681 802 724 837 de
743 801 965 850 mydilhaleh
983 814 1065 837 cum
1085 800 1310 849 pertinentiis
1323 800 1392 836 suis
1404 820 1412 828 ·
1426 799 1471 836 fic
1485 800 1587 836 nobis
1600 801 1671 836 sur-

169 861 243 896 sum
262 860 438 896 redditam
457 865 492 895 et
509 858 711 908 simpliciter
728 858 939 907 resignatam
952 879 960 886 ·
975 858 1134 896 Johanni
1149 859 1193 894 de
1209 858 1323 894 Dolas
1338 860 1442 895 <Dore
1461 863 1496 893 et
1511 858 1671 906 predicte

170 920 316 966 megote
329 937 337 946 ·
350 918 411 965 qui
423 923 510 953 tunc
525 918 569 952 de
583 916 812 952 matrimonio
827 917 921 952 inter
935 917 967 952 se
982 917 1228 952 contrahendo
1242 928 1364 951 coram
1375 916 1478 951 nobis
1491 916 1524 951 se
1538 916 1672 952 adinvi-

171 989 247 1011 cem
268 975 473 1023 obligarunt
485 994 493 1002 ·
510 975 553 1010 de
573 975 742 1010 consensu
761 980 796 1010 et
813 974 947 1010 assensu
966 974 1054 1010 dicti
1073 974 1219 1023 capituli
1237 973 1345 1010 nostri
1364 974 1527 1010 dedimus
1541 979 1577 1009 et
1591 987 1673 1010 con-

172 1032 331 1069 cessimus
358 1038 393 1069 et
419 1038 544 1068 tenore
570 1032 785 1080 presentium
812 1032 937 1068 damus
956 1038 992 1068 et
1010 1032 1240 1068 concedimus
1265 1045 1391 1068 eorum
1412 1031 1515 1067 alteri
1540 1032 1673 1067 diutius

172 1091 343 1140 superstiti
362 1096 397 1126 et
416 1090 554 1126 duobus
572 1090 761 1126 heredibus
785 1103 829 1125 ex
855 1088 934 1138 ipfis
961 1090 1119 1138 legitime
1145 1089 1438 1126 descendentibus
1458 1109 1466 1117 ·
1487 1103 1552 1138 pro
1570 1088 1673 1138 ipsius

172 1151 195 1187 J
198 1150 348 1186 ohannis
366 1155 402 1185 et
419 1149 591 1184 heredum
610 1148 754 1183 suorum
772 1148 894 1183 labore
909 1153 944 1183 et
958 1148 1099 1183 servitio
1115 1148 1217 1183 nobis
1231 1153 1267 1183 et
1281 1147 1530 1184 successoribus
1548 1147 1674 1184 nostris

174 1214 209 1244 ct
235 1206 376 1244 ecclefie
402 1205 564 1254 impenfis
585 1211 621 1241 et
644 1205 798 1241 fideliter
821 1205 1068 1253 impendendis
1087 1224 1096 1233 ·
1123 1205 1308 1241 reddendo
1326 1206 1411 1241 inde
1428 1205 1530 1241 nobis
1549 1211 1585 1241 et
1602 1206 1674 1242 suc-

175 1265 363 1302 cefforibus
378 1264 503 1300 nostris
522 1264 691 1312 episcopis
706 1262 985 1300 (Doravienfibus
1003 1263 1073 1311 ipse
1092 1270 1127 1299 et
1145 1263 1294 1299 heredes
1311 1263 1362 1298 sui
1375 1264 1560 1299 annuatim
1574 1264 1675 1310 quin-

175 1337 243 1371 que
256 1323 384 1358 solidos
398 1322 526 1357 usualis
537 1327 681 1357 monete
695 1321 740 1356 ad
754 1320 878 1356 festum
892 1320 1140 1356 Penthecostes
1155 1326 1191 1356 et
1203 1321 1326 1356 Sanfifi
1337 1321 1485 1358 martini
1498 1321 1536 1356 in
1547 1321 1674 1369 hyeme

174 1395 238 1430 per
257 1380 398 1428 equales
416 1380 599 1427 portiones
618 1399 626 1407 ·
652 1385 688 1414 et
712 1379 875 1414 faciendo
893 1378 1105 1414 forinsecum
1124 1379 1303 1414 servitium
1323 1379 1460 1414 domini
1477 1378 1585 1414 nostri
1605 1379 1675 1415 Re-

175 1440 228 1487 gis
245 1443 419 1486 quantum
438 1438 593 1485 pertinet
611 1437 656 1472 ad
675 1437 807 1472 dictam
833 1442 964 1472 terram
984 1456 992 1464 ·
1021 1442 1056 1472 et
1081 1436 1243 1473 faciendo
1268 1437 1376 1472 modo
1398 1436 1566 1472 consueto
1585 1437 1674 1472 mul-

175 1504 292 1532 turam
311 1496 356 1531 ad
374 1495 622 1530 molendinum
643 1494 801 1530 nostrum
821 1494 864 1530 de
884 1494 1044 1542 (Dalathy
1067 1494 1170 1542 super
1188 1494 1294 1543 Lofl'y
1313 1500 1349 1531 et
1366 1493 1527 1542 stagnum
1546 1493 1649 1543 ipfius
1665 1515 1672 1522 ·

175 1567 240 1602 pro
260 1554 357 1589 omni
376 1553 446 1588 alio
465 1552 606 1588 servitio
625 1553 813 1588 exactione
832 1558 867 1587 et
886 1552 1062 1588 demanda
1079 1552 1225 1588 seculari
1244 1571 1252 1579 -
1281 1551 1422 1594 Quibus
1449 1552 1587 1588 duobus
1607 1572 1614 1580 ·
1636 1572 1644 1580 ·
1665 1572 1673 1579 ·

177 1629 1672 1639 ····················································

121 1829 124 1831 Α
176 1784 299 1820 Litera
316 1784 338 1821 J
342 1783 513 1820 usticiarie
532 1784 691 1820 concefl'a
708 1784 870 1833 episcopo
889 1783 1101 1821 moraviensi
1120 1783 1332 1820 Alexandro
1351 1803 1359 1811 ·

81 1894 149 1931 186
178 1899 359 1945 Robertus
388 1899 460 1934 Dei
490 1900 605 1947 gratia
634 1900 716 1935 Rex
744 1900 951 1936 Scottorum
978 1900 1143 1936 omnibus
1165 1899 1285 1948 probis
1310 1899 1513 1935 hominibus
1536 1900 1603 1935 suis
1629 1900 1674 1935 ad

176 1971 264 2005 quos
281 1957 460 2006 presentes
478 1957 580 1993 litere
599 1958 829 2006 pervenerint
847 1958 994 1994 salutem
1014 1978 1022 1986 ·
1051 1958 1175 1994 Sciatis
1200 1957 1297 2005 quod
1323 1956 1554 1993 conceflimus
1576 1971 1674 1994 reve-

176 2015 288 2051 rendo
306 2015 344 2050 in
363 2014 502 2051 Christo
521 2016 613 2063 patri
633 2015 843 2052 Alexandro
868 2016 1030 2065 episcopo
1054 2014 1268 2053 moravienfi
1287 2035 1294 2044 ·
1315 2016 1470 2052 caritatis
1487 2016 1620 2051 intuitu
1638 2021 1673 2051 et

176 2073 220 2108 ob
239 2073 391 2109 diversas
409 2073 527 2109 causas
545 2073 772 2110 rationabiles
790 2087 856 2110 nos
875 2079 1061 2110 moventes
1079 2080 1115 2110 et
1132 2075 1299 2123 precipue
1313 2079 1459 2122 propter
1472 2080 1584 2109 terras
1598 2073 1672 2108 suas

175 2129 415 2166 ecclefiasticas
443 2144 507 2179 per
535 2131 768 2179 pestilentiam
797 2138 833 2168 et
861 2133 1061 2181 predonum
1089 2133 1248 2168 incursus
1274 2132 1391 2168 varios
1404 2132 1479 2180 jam
1498 2131 1643 2166 vastatas
1663 2151 1670 2158 ·

175 2188 270 2236 quod
296 2202 359 2237 per
383 2189 416 2224 se
441 2189 498 2225 vel
521 2189 690 2224 ballivum
711 2190 811 2225 suum
830 2196 893 2226 aut
914 2190 1023 2226 alium
1049 2204 1113 2240 per
1139 2191 1251 2239 ipsum
1278 2190 1323 2225 ad
1349 2190 1416 2225 hoc
1443 2188 1670 2225 constitutum

177 2245 232 2281 vel
250 2245 535 2282 constituendum
554 2247 767 2295 cognoscere
785 2246 887 2296 poflit
905 2255 941 2284 et
959 2249 1124 2297 cognosci
1146 2248 1262 2284 facere
1290 2248 1333 2283 de
1361 2246 1523 2282 omnibus
1549 2251 1584 2280 et
1607 2243 1669 2280 fin-
