2060 2660
573 187 890 224 REGISTRUM
918 188 1279 228 MORAVIENSE.
1599 199 1668 235 195

178 286 330 322 viensem
357 298 400 321 ex
427 290 526 331 parte
554 299 627 321 una
653 291 689 321 et
714 286 870 321 nobilem
898 287 1013 322 virum
1044 288 1238 335 Hugonem
1272 289 1388 325 Fresel
1417 292 1600 327 dominum
1627 293 1670 327 de

178 343 317 379 Loveth
344 356 388 378 ex
409 342 521 378 altera
544 363 553 370 ·
578 343 743 378 videlicet
765 344 861 390 quod
882 343 1000 379 dietus
1020 344 1132 392 Hugo
1159 344 1230 380 fine
1257 346 1373 392 aliqua
1398 347 1559 383 ulteriori
1586 349 1670 384 dila-

176 400 273 435 tione
298 400 355 435 vel
381 399 595 447 allegatione
617 400 765 448 alicujus
791 401 939 446 periculi
961 400 1029 436 five
1053 415 1182 449 guerre
1200 400 1268 437 five
1286 403 1431 438 alterius
1449 404 1544 439 casus
1561 405 1673 453 cujus-

175 470 314 503 cunque
337 470 358 492 a
380 457 437 492 die
459 458 695 493 confetffionis
717 457 933 505 presentium
956 459 1197 506 contingentis
1215 459 1326 494 solvet
1344 460 1505 506 predicto
1524 461 1669 496 domino

175 514 347 562 Episcopo
367 514 458 549 ·xx‘¹·
485 515 591 549 libras
617 514 867 562 sterlingorum
894 516 1023 550 usualis
1049 521 1193 551 monete
1217 517 1261 551 ad
1287 515 1370 551 festa
1389 516 1610 552 Pentecostes
1636 524 1671 553 et

174 571 295 607 Sancti
314 572 461 608 martini
480 573 643 619 proximo
662 572 783 607 sutura
800 586 864 620 per
882 573 1024 620 equales
1047 573 1230 621 portiones
1249 593 1257 600 ·
1278 578 1313 608 et
1330 578 1450 620 preter
1467 573 1563 608 illam
1581 574 1670 609 sum-

173 641 265 663 mam
288 629 546 676 quinquaginta
567 629 695 664 solidos
713 630 758 664 ad
776 629 900 665 festum
920 630 1042 665 Samffi
1061 630 1208 666 (Dartini
1232 630 1474 678 supradictum
1494 650 1501 658 ·
1527 630 1670 666 remisfis

173 686 319 721 omnino
348 687 513 722 omnibus
542 688 668 722 debitis
695 692 768 722 tam
796 687 933 722 annalis
960 688 1004 723 de
1029 687 1249 736 Kyntallirty
1285 707 1293 715 ·
1322 688 1392 723 Eff’
1416 693 1451 723 et
1473 688 1670 724 (Dunichok

171 757 276 791 quam
295 745 513 780 decimarum
536 745 734 792 garbalium
758 745 801 780 de
820 745 982 780 Vardlau
1006 758 1070 791 per
1093 745 1230 780 dietum
1253 744 1449 792 Hugonem
1475 744 1601 780 debitis
1626 746 1670 780 de

171 802 331 836 terminis
349 807 385 838 et
402 803 622 850 temporibus
641 803 829 838 retroactis
847 822 854 830 ·
881 801 965 838 Hoc
987 802 1129 850 adjeeto
1151 802 1248 849 quod
1270 815 1314 838 ex
1337 802 1398 837 illo
1422 807 1508 837 tunc
1529 802 1669 837 nullum

171 859 465 906 impedimentum
491 859 657 907 prestabit
684 865 831 908 propter
861 860 1099 907 quodcunque
1130 859 1329 908 periculum
1360 859 1571 907 contingens
1602 858 1669 895 five

169 929 298 963 guerre
325 915 393 952 five
422 917 566 952 alterius
593 917 690 952 casus
718 917 958 965 cujuscunque
983 917 1069 964 quin
1096 923 1228 953 extunc
1254 917 1298 952 de
1324 917 1443 952 annali
1470 930 1532 964 per
1558 917 1668 964 ipsum

171 973 329 1008 debitum
354 975 398 1010 de
419 974 629 1023 Kyntallirti
656 980 691 1010 et
717 975 761 1010 de
787 974 820 1010 le
840 975 910 1010 Eff’
935 988 975 1010 ac
999 975 1042 1010 de
1068 974 1268 1011 munichok
1293 974 1402 1010 libere
1428 974 1613 1010 satisfaciet
1635 980 1670 1009 et

170 1031 215 1066 ad
247 1031 392 1079 plenum
413 1051 421 1059 ·
448 1037 483 1067 et
507 1032 614 1067 etiam
632 1033 728 1079 quod
748 1032 792 1068 de
811 1037 930 1068 cetero
949 1045 1015 1068 nec
1034 1045 1097 1080 per
1114 1032 1147 1067 se
1165 1045 1231 1068 nec
1249 1045 1312 1080 per
1330 1032 1409 1067 suos
1426 1031 1541 1066 ullum
1562 1032 1670 1079 impe-

171 1088 370 1124 dimentum
397 1089 562 1137 prestabit
589 1090 676 1137 quin
705 1090 823 1125 dictus
854 1090 1021 1125 dominus
1052 1089 1245 1138 Episcopus
1277 1090 1320 1124 de
1352 1089 1496 1125 decimis
1528 1089 1594 1124 suis
1625 1090 1668 1124 de

171 1145 331 1181 Vardlau
349 1146 459 1182 libere
477 1145 581 1192 possit
600 1147 784 1195 disponere
803 1161 868 1195 pro
892 1147 950 1182 sue
973 1147 1073 1182 libito
1095 1147 1290 1182 voluntatis
1309 1166 1317 1174 ·
1347 1147 1394 1182 Et
1412 1152 1574 1195 preterea
1591 1160 1669 1193 pre-

170 1203 287 1238 ἀὶἇὶυε
309 1204 420 1252 Hugo
439 1203 606 1240 conceflit
624 1210 659 1240 et
677 1205 848 1252 obligavit
874 1205 907 1240 se
931 1205 1001 1240 fide
1025 1205 1107 1240 data
1129 1205 1225 1252 quod
1250 1204 1317 1240 erit
1338 1204 1453 1239 bonus
1476 1204 1609 1239 amicus
1633 1209 1669 1239 et
1699 1212 1718 1233 '⁸-

169 1261 282 1296 fidelis
309 1262 472 1309 predicto
500 1262 647 1297 domino
667 1262 841 1310 Episcopo
860 1262 1062 1297 hominibus
1081 1267 1117 1297 et
1134 1262 1238 1297 terris
1258 1262 1325 1297 suis
1342 1260 1511 1297 univerfis
1534 1267 1569 1297 et
1590 1275 1668 1310 pre-

168 1318 271 1366 cipue
290 1319 426 1354 duabus
444 1319 536 1354 villis
555 1320 598 1354 de
620 1319 812 1367 Kynmilijs
838 1339 845 1347 ·
871 1333 937 1355 nec
962 1320 1011 1355 eis
1029 1320 1086 1355 vel
1105 1319 1180 1354 aliis
1198 1319 1302 1354 terris
1321 1319 1388 1354 suis
1405 1318 1575 1354 univerfis
1593 1319 1668 1354 ubi—

167 1388 308 1423 cunque
327 1376 523 1412 constitutis
544 1376 738 1412 molestiam
762 1382 824 1412 aut
848 1390 1041 1424 gravamen
1068 1377 1215 1412 inferret
1236 1389 1302 1411 nec
1329 1389 1392 1424 per
1418 1376 1497 1411 suos
1521 1381 1582 1411 aut
1603 1389 1667 1424 per

166 1432 253 1467 alios
272 1433 309 1468 in
328 1439 500 1480 quantum
528 1434 716 1469 commode
742 1434 875 1482 poterit
900 1434 1023 1470 inferri
1050 1434 1233 1482 permittet
1256 1453 1264 1461 ·
1294 1439 1330 1469 et
1351 1446 1416 1481 pro
1443 1433 1604 1481 dampnis
1628 1434 1666 1468 in

166 1489 243 1537 ipfis
261 1490 447 1526 commissis
466 1497 501 1527 et
520 1492 784 1527 committendis
806 1492 1057 1539 recuperandis
1075 1492 1231 1527 laborem
1251 1491 1351 1526 suum
1370 1491 1522 1526 fideliter
1540 1497 1576 1526 et
1594 1491 1666 1527 effi-

168 1547 297 1582 caciter
315 1548 524 1584 ministrabit
543 1568 550 1576 ·
575 1555 610 1584 et
628 1548 651 1584 fi
670 1549 854 1596 contingat
872 1549 984 1597 ipsum
1002 1549 1038 1584 in
1057 1548 1232 1584 solutione
1251 1549 1347 1584 dicte
1365 1548 1498 1583 summe
1516 1549 1665 1596 pecunie

166 1610 201 1639 et
219 1605 356 1640 annalis
374 1606 418 1641 ad
437 1606 608 1641 terminos
626 1606 847 1654 supradietos
866 1606 1017 1642 deficere
1035 1606 1092 1642 vel
1110 1606 1147 1641 in
1166 1606 1311 1641 decimis
1329 1606 1373 1641 de
1392 1605 1563 1640 Wardlau
1584 1606 1665 1641 affe-

166 1662 290 1697 dandis
313 1663 432 1710 aliquo
456 1668 619 1711 tempore
643 1663 938 1711 impedimentum
961 1663 1114 1711 prestare
1131 1668 1209 1699 tota
1225 1663 1361 1698 summa
1378 1675 1475 1697 nunc
1494 1662 1612 1697 debita
1629 1669 1665 1698 et

164 1719 301 1754 remifi'a
327 1720 511 1756 reviviscet
535 1726 570 1756 et
592 1720 693 1756 stabit
716 1721 753 1756 in
776 1721 866 1756 statu
891 1734 962 1768 quo
984 1734 1081 1756 nunc
1100 1720 1147 1757 est
1165 1734 1205 1756 ac
1222 1719 1247 1755 fi
1264 1720 1364 1755 nulla
1381 1718 1532 1755 remiffio
1550 1720 1665 1756 fuiss'et

164 1777 323 1812 concessa
337 1797 345 1805 ·
371 1776 557 1825 obligavit
572 1779 676 1814 etiam
693 1778 726 1814 se
740 1779 923 1827 predictus
940 1778 1052 1826 Hugo
1066 1778 1162 1825 quod
1177 1791 1321 1813 omnem
1340 1777 1496 1813 debitam
1516 1777 1664 1825 diligen-

127 1844 129 1847 ·
164 1834 247 1869 tiam
266 1835 449 1883 impendet
466 1836 511 1870 ad
530 1836 809 1884 recuperandam
828 1836 925 1871 illam
950 1841 1087 1884 partem
1105 1835 1242 1871 annalis
1260 1835 1304 1871 de
1325 1834 1547 1883 Kyntallirty
1565 1840 1600 1870 et
1618 1835 1662 1870 de

164 1891 197 1927 le
216 1892 286 1927 Eff’
306 1905 375 1939 que
393 1893 570 1940 contingit
594 1899 731 1941 partem
755 1893 883 1928 nobilis
901 1894 967 1929 viri
988 1893 1160 1928 Willelmi
1177 1893 1222 1928 de
1240 1892 1383 1928 Fenton
1402 1892 1445 1928 de
1464 1893 1567 1927 terris
1585 1906 1661 1940 pre-

164 1949 268 1985 dietis
286 1950 330 1985 de
351 1950 572 1998 Kyntallirty
591 1970 599 1978 ·
629 1951 676 1986 Et
694 1951 739 1986 ad
757 1950 818 1986 ista
835 1951 988 1986 fideliter
1007 1950 1225 1987 observanda
1241 1950 1403 1999 predi&e
1420 1956 1538 1998 partes
1552 1948 1661 1997 figilla

164 2006 222 2042 sua
240 2007 391 2055 presenti
410 2009 537 2056 scripto
557 2006 699 2043 viciflim
719 2008 959 2056 apposuerunt
981 2013 1016 2044 et
1037 2008 1108 2044 fide
1132 2008 1249 2044 media
1270 2007 1532 2044 roboraverunt
1551 2026 1558 2034 ·
1587 2006 1660 2042 Da-

162 2069 238 2099 tum
257 2065 351 2114 apud
373 2065 551 2114 Inuernys
569 2066 626 2103 die
645 2071 680 2102 et
698 2079 793 2101 anno
811 2066 1019 2114 supradietis
1038 2085 1046 2094 ·
