2060 2660
347 173 418 205 ⁶228
742 168 1058 206 REGISTRUM
1086 168 1450 205 MORAVIENSE.

348 267 548 316 hujusmodi
563 266 795 304 verisimiliter
808 273 950 316 poterat
964 268 1129 315 ignorare
1143 272 1264 302 utrum
1282 266 1320 301 in
1338 264 1574 314 prejudicium
1591 264 1699 301 status
1716 267 1844 315 regalis

347 331 383 360 et
405 336 538 361 corone
562 325 660 373 regie
686 326 770 361 talia
787 326 996 362 viderentur
1019 325 1221 361 redundare
1247 336 1288 359 ac
1313 323 1409 358 fafita
1428 322 1571 358 fuerant
1588 336 1652 371 per
1669 325 1746 359 veri
1769 325 1845 373 sup-

345 381 555 430 preffionem
582 396 623 419 ac
649 382 722 419 falfi
748 383 1005 431 suggestionem
1034 401 1043 410 ·
1071 380 1322 417 donationibus
1353 385 1474 415 tamen
1504 378 1782 417 conceffionibus
1809 389 1844 419 et

346 440 645 476 infeodationibus
662 453 726 488 per
741 441 878 476 dietum
893 440 1094 488 supremum
1111 438 1297 473 dominum
1312 436 1471 472 nostrum
1484 437 1623 485 Regem
1635 437 1845 476 sereniflime

346 497 492 533 domine
509 497 626 533 nostre
645 498 785 545 Regine
805 498 848 533 de
867 497 927 532 sua
944 497 1027 531 dote
1046 495 1105 531 seu
1124 494 1318 530 donatione
1335 499 1484 542 propter
1507 495 1649 543 nuptias
1676 496 1734 532 vel
1760 497 1845 532 alias

346 555 390 590 de
409 555 512 590 terris
530 561 566 591 et
583 554 844 603 possessionibus
863 555 969 600 usque
988 553 1024 587 in
1042 552 1246 600 predictum
1261 551 1355 586 diem
1373 549 1433 586 fibi
1452 551 1620 587 concessis
1638 572 1647 581 ·
1676 566 1717 589 ac
1735 554 1845 590 infeo-

346 612 490 648 datione
520 613 606 648 alias
636 625 699 661 per
728 612 865 647 distum
893 610 1052 645 nostrum
1082 609 1221 656 Regem
1253 608 1328 643 filio
1359 608 1421 644 suo
1451 608 1663 645 Alexandro
1692 611 1845 648 Stewart

346 670 498 706 secundo
522 671 645 718 genito
665 689 673 698 ·
700 669 833 706 Comiti
860 667 1019 705 marchie
1040 667 1085 702 de
1109 666 1281 701 comitatu
1310 666 1472 703 marchie
1497 672 1533 702 et
1559 667 1719 703 dominio
1744 669 1844 704 vallis

347 727 515 763 Anandie
530 733 566 763 et
577 727 723 764 (Daunie
738 726 839 761 sa6Hs
852 745 860 753 -
875 738 915 760 ac
930 725 1036 760 etiam
1049 723 1302 759 donationibus
1315 729 1351 759 et
1365 723 1666 760 infeudationibus
1677 726 1842 762 villarum

346 785 498 820 Comitis
515 784 696 821 Orchadie
720 790 755 819 et
780 784 823 819 de
842 782 1018 819 Cathania
1043 781 1245 817 cancellarii
1269 781 1386 817 Scotie
1411 781 1456 817 de
1479 782 1650 818 comitatu
1670 783 1844 820 Cathanie

345 855 426 877 cum
441 842 663 890 pertinentiis
677 847 712 877 et
726 841 873 876 annexis
884 859 892 867 ·
908 852 1051 874 necnon
1063 839 1316 874 donationibus
1330 844 1366 874 et
1380 838 1681 875 infeodationibus
1695 854 1758 889 per
1773 842 1843 878 dic-

345 905 422 934 tum
441 899 626 935 dominum
640 898 798 934 nostrum
815 898 953 944 Regem
969 896 1072 932 saetis
1090 901 1126 932 et
1143 895 1311 931 concessis
1327 897 1527 932 reverendo
1545 897 1583 932 in
1597 897 1737 934 Christo
1751 899 1842 947 patri

345 956 491 991 domino
508 956 680 1004 Episcopo
694 953 906 992 moraviensi
921 959 956 989 et
970 954 1038 989 suis
1052 953 1301 989 successoribus
1315 953 1456 990 ecclesie
1471 954 1701 991 moraviensis
1715 956 1843 1004 episco-

344 1014 396 1061 pis
414 1014 458 1048 de
477 1013 641 1048 omnibus
659 1019 694 1048 et
711 1011 855 1060 singulis
874 1012 978 1047 terris
992 1011 1077 1047 alias
1093 1011 1302 1060 [forisfactis
1314 1010 1351 1057 Ρ]
1367 1025 1430 1060 per
1447 1013 1628 1059 quondam
1646 1012 1841 1061 Hugonem

344 1071 388 1106 de
403 1071 566 1118 Douglas
581 1071 747 1106 comitem
763 1070 806 1105 de
819 1068 987 1105 Ormond
1002 1074 1038 1105 et
1049 1068 1253 1106 Johannem
1267 1070 1311 1105 de
1325 1069 1488 1117 Douglas
1500 1069 1585 1105 olim
1598 1070 1642 1105 de
1655 1070 1842 1119 Balwanye

342 1128 435 1163 infra
451 1128 719 1163 vicecomitatus
737 1128 781 1163 de
802 1127 978 1162 Inuernes
996 1132 1032 1162 et
1046 1127 1156 1162 Bamf
1162 1126 1366 1175 jacentibus
1380 1140 1448 1174 que
1462 1140 1526 1175 per
1539 1127 1629 1176 ipsos
1646 1127 1841 1175 Hugonem

343 1191 378 1220 et
395 1185 598 1221 ,Iohannem
620 1190 656 1221 et
678 1184 937 1233 predecessores
961 1184 1040 1220 suos
1058 1184 1102 1220 de
1121 1184 1284 1233 episcopo
1303 1190 1339 1220 et
1356 1183 1499 1221 ecclefia
1516 1184 1729 1222 moraviensi
1747 1191 1842 1222 tene-

342 1242 472 1277 bantur
489 1243 526 1277 in
544 1242 658 1290 capite
677 1261 686 1270 ·
706 1242 750 1278 de
768 1242 917 1277 baronia
935 1242 995 1277 sua
1013 1242 1057 1277 de
1077 1242 1185 1290 Spine
1203 1242 1428 1290 pertinentiis
1446 1248 1482 1278 et
1499 1243 1646 1278 annexis
1664 1242 1819 1291 ejusdem
1832 1263 1840 1271 ·

341 1304 449 1347 prout
468 1299 505 1334 in
524 1300 629 1335 cartis
646 1299 758 1335 literis
782 1305 818 1336 et
842 1300 1030 1336 evidentiis
1049 1299 1137 1335 dicti
1156 1300 1307 1348 supremi
1327 1300 1464 1336 domini
1482 1300 1590 1336 nostri
1610 1300 1720 1348 Regis
1739 1301 1842 1336 dietis

342 1357 486 1392 domine
515 1357 631 1393 nostre
652 1357 793 1405 Regine
822 1363 858 1393 et
889 1357 1042 1393 dominis
1062 1357 1263 1393 Comitibus
1282 1358 1442 1394 marchie
1460 1363 1496 1393 et
1514 1358 1689 1394 Cathanie
1708 1371 1747 1394 ac
1766 1371 1842 1406 pre-

341 1415 414 1450 fato
433 1414 579 1450 domino
598 1415 772 1464 Episcopo
791 1413 1005 1452 moraviensi
1024 1415 1173 1463 desuper
1191 1415 1364 1451 confe6fis
1382 1415 1487 1451 latius
1506 1416 1711 1451 continetur
1725 1435 1734 1443 ·
1754 1416 1842 1451 dun-

343 1477 441 1507 taxat
471 1473 626 1520 exceptis
660 1492 669 1501 ·
713 1473 945 1521 quasquidem
981 1472 1193 1509 donationes
1224 1479 1260 1509 et
1290 1472 1529 1509 conceffiones
1561 1473 1665 1509 dietis
1699 1473 1842 1509 domine

344 1529 484 1576 Regine
509 1530 709 1566 Comitibus
735 1531 895 1568 (Darchie
922 1536 957 1566 et
984 1530 1159 1567 Cathanie
1186 1537 1222 1567 et
1251 1531 1398 1566 domino
1427 1531 1602 1580 Episcopo
1629 1530 1840 1567 moraviensi

344 1587 550 1634 supradi6fis
569 1593 604 1623 et
622 1601 746 1624 eorum
774 1589 964 1625 heredibus
991 1592 1027 1624 et
1053 1588 1302 1624 succefforibus
1327 1594 1369 1624 ut
1392 1589 1611 1637 premittitur
1636 1589 1739 1624 faecis
1765 1601 1841 1636 pre-

343 1643 435 1678 fatus
453 1644 618 1680 dominus
635 1645 752 1681 noster
772 1647 852 1682 Rex
866 1660 932 1694 pro
952 1646 984 1681 se
1003 1646 1193 1682 heredibus
1211 1652 1247 1682 et
1264 1646 1512 1682 succefforibus
1526 1646 1594 1681 suis
1611 1646 1841 1694 personaliter

344 1707 379 1735 et
402 1702 546 1749 proprio
565 1708 665 1738 motu
684 1709 844 1739 maturea
865 1704 994 1740 visatus
1018 1710 1054 1740 et
1078 1717 1122 1740 ex
1140 1709 1237 1740 certa
1260 1704 1402 1740 scientia
1420 1703 1630 1752 approbavit
1654 1703 1840 1739 ratificavit

344 1764 380 1793 et
398 1764 571 1806 perpetuo
588 1760 811 1796 confirmavit
830 1767 865 1796 et
884 1775 925 1797 ea
944 1762 981 1797 in
1000 1761 1166 1798 omnibus
1183 1767 1220 1797 et
1238 1775 1301 1810 per
1319 1762 1441 1797 omnia
1458 1761 1709 1797 inviolabiliter
1726 1761 1839 1796 teneri

344 1821 379 1850 et
401 1815 577 1851 observari
600 1817 757 1853 decrevit
777 1818 883 1866 juxta
909 1819 1087 1855 diGtarum
1114 1825 1354 1855 cartarumet
1379 1819 1564 1854 literarum
1583 1818 1839 1854 continentiam

344 1879 507 1908 tenorem
526 1879 561 1908 et
580 1874 746 1910 effectum
766 1895 774 1903 ·
803 1876 916 1924 Super
934 1878 1061 1924 quibus
1079 1877 1244 1912 omnibus
1263 1882 1299 1913 et
1316 1875 1459 1924 fingulis
1477 1876 1656 1924 prenotati
1675 1876 1840 1911 dominus

345 1929 461 1965 noster
477 1930 558 1966 Rex
570 1950 578 1958 ·
592 1931 737 1967 domina
751 1933 890 1980 Regina
902 1953 910 1962 ·
925 1934 1055 1971 Comes
1068 1934 1224 1971 Orcadie
1242 1939 1278 1970 et
1293 1934 1468 1971 Cathanie
1480 1953 1489 1962 ·
1508 1947 1548 1969 ac
1567 1933 1785 1970 reverendus
1802 1933 1839 1968 in

346 1986 485 2022 Christo
502 1993 601 2035 pater
617 1989 808 2037 Episcopus
824 1991 1052 2027 moraviensis
1066 1991 1125 2027 fibi
1143 1992 1220 2028 fieri
1238 1992 1419 2040 petierunt
1436 2004 1550 2027 unum
1564 1991 1621 2027 vel
1635 1991 1738 2039 plura
1754 1991 1839 2039 pub·

344 2044 451 2079 licum
481 2045 539 2080 seu
567 2045 708 2093 publica
735 2047 1007 2084 instrumentum
1036 2050 1094 2085 seu
1122 2049 1354 2085 instrumenta
1382 2049 1442 2085 sub
1466 2048 1659 2097 sigillorum
1687 2049 1838 2097 supremi

345 2102 480 2136 domini
498 2102 606 2138 nostri
623 2103 733 2150 Regis
752 2105 1050 2153 dominorumque
1069 2106 1337 2155 appensionibus
1351 2120 1391 2143 ac
1406 2107 1627 2142 notariorum
1645 2106 1839 2153 infrascrip-

345 2165 465 2194 torum
479 2158 582 2207 signis
596 2166 632 2196 et
646 2161 953 2209 subscriptionibus
967 2163 1205 2211 consignanda
1220 2184 1228 2193 ·
1259 2165 1356 2200 A&a
1374 2170 1476 2200 erant
1493 2164 1559 2199 hec
1576 2164 1671 2211 apud
1689 2162 1836 2198 castrum

346 2216 390 2251 de
413 2216 619 2266 Stryveling
644 2218 681 2253 in
708 2219 845 2266 privata
866 2220 1001 2268 capella
1028 2221 1181 2269 ejusdem
1209 2222 1308 2258 castri
1326 2223 1387 2258 sub
1406 2235 1501 2257 anno
1520 2222 1576 2257 die
1594 2220 1710 2256 mense
1729 2220 1839 2256 indic-
