2060 2660
337 168 406 206 170
734 164 1051 201 REGISTRUM
1080 163 1443 200 MORAVIENSE.

335 262 595 299 ecclesiasticam
617 263 661 299 de
680 263 852 311 Fynross'y
868 263 1046 299 violenter
1064 269 1098 299 et
1118 262 1284 310 injuriose
1302 262 1396 309 cepit
1413 266 1449 295 et
1467 260 1592 307 ligavit
1611 265 1646 295 et
1665 260 1703 295 in
1721 273 1838 297 carce-

335 334 409 356 rem
429 321 607 369 privatum
622 321 772 356 adduxit
790 340 798 349 ·
818 321 855 356 in
872 320 1108 368 prejudicium
1127 319 1299 354 libertatis
1317 316 1542 353 ecclesiastice
1561 336 1569 344 ·
1590 317 1635 352 ob
1654 318 1750 364 quod
1764 318 1838 353 sen-

335 379 481 414 tentiam
501 378 879 414 excommunicationis
897 378 969 425 ipso
988 377 1083 412 saeto
1103 375 1307 411 incurrebat
1327 379 1448 422 preter
1466 374 1502 409 id
1521 374 1617 421 quod
1641 375 1678 409 in
1702 376 1836 423 regiam

335 436 547 484 majestatem
575 434 747 472 commisit
772 455 780 463 ·
811 440 847 470 et
873 433 950 482 ipsis
977 433 1143 468 multuris
1161 432 1224 467 isto
1242 444 1338 466 anno
1357 444 1420 478 per
1439 431 1550 479 ipsum
1569 433 1745 480 perceptis
1763 433 1837 481 spo-

334 494 432 529 liavit
452 507 514 542 per
532 494 604 529 vim
624 499 659 529 et
677 494 721 529 de
739 493 835 528 fa&0
861 511 869 519 ·
894 491 1061 526 adversus
1080 503 1185 536 quam
1208 488 1453 536 spoliationem
1480 489 1567 524 dieti
1588 489 1691 525 Prior
1709 495 1745 526 et
1764 503 1837 526 mo-

334 551 437 587 nachi
455 552 602 587 fuerunt
620 556 655 586 et
673 551 752 585 sunt
770 562 833 597 per
851 547 1029 584 ecclesiam
1049 546 1306 582 sententialiter
1323 545 1474 581 restituti
1494 565 1502 574 ·
1521 546 1606 582 licet
1623 547 1693 595 ipse
1711 547 1755 582 ab
1773 548 1836 582 illo

334 610 491 657 process'ii
511 609 555 644 ad
573 609 688 644 sedem
707 606 931 655 apostolicam
950 604 1141 653 appellavit
1169 623 1177 631 ·
1205 608 1241 638 et
1266 603 1359 639 male
1388 604 1471 650 quia
1496 603 1671 640 sententia
1694 618 1739 640 ex
1765 618 1836 653 quo

333 667 561 716 appellationi
589 664 812 701 renunciavit
830 664 874 699 de
892 663 988 698 sacto
1008 674 1126 697 coram
1146 661 1247 696 vobis
1265 660 1384 709 postea
1408 661 1570 697 Priorem
1597 662 1773 698 trahendo
1799 663 1836 698 in

334 739 408 761 rem
435 723 570 760 tranfiit
590 724 787 772 judicatam
808 741 815 749 ·
845 720 985 763 Quibus
1009 732 1083 754 non
1111 718 1329 754 obstantibus
1346 719 1430 755 licet
1448 719 1549 755 vobis
1568 720 1663 756 clare
1682 719 1836 769 exposita

332 783 465 818 suerint
484 795 546 817 vos
565 787 600 817 et
618 781 735 816 dststus
753 779 935 816 Johannes
953 777 1079 825 quibus
1097 776 1198 812 nulla
1215 776 1418 825 jurisdifitio
1443 778 1627 826 competiit
1651 791 1718 814 nec
1741 792 1836 815 coni-

332 846 453 888 petere
471 840 588 888 potuit
606 839 643 873 in
663 839 727 873 hac
745 842 845 885 parte
861 856 868 863 ·
889 841 1014 871 contra
1025 834 1313 883 jurisdictionem
1333 833 1475 870 ecclesie
1493 836 1537 870 ad
1553 849 1658 883 quam
1677 836 1836 884 pofl'effo-

332 898 424 932 rium
437 897 614 945 judicium
633 896 810 931 di&arum
831 894 1068 928 niulturaruni
1088 892 1228 928 ratione
1248 892 1382 928 Prioris
1401 898 1436 928 et
1455 893 1713 929 monachorum
1736 893 1780 930 fic
1798 894 1834 929 in

333 953 570 1002 pofl'essioneni
598 953 829 988 indu&oruin
857 951 992 998 liquido
1017 950 1175 985 noscitur
1200 950 1380 998 pertinere
1409 970 1417 978 ·
1445 956 1481 986 et
1507 957 1634 986 contra
1651 952 1836 988 consuetu-

333 1013 432 1048 dines
450 1013 550 1059 regni
570 1010 640 1046 fine
660 1010 763 1045 litera
780 1009 837 1044 vel
856 1008 955 1044 brevi
982 1008 1174 1056 placitabili
1194 1008 1278 1043 dato
1298 1028 1306 1036 ·
1327 1008 1385 1044 sed
1404 1022 1479 1044 non
1497 1010 1658 1045 coiieefl'o
1677 1011 1773 1057 quod
1791 1011 1836 1046 ad

332 1070 485 1105 seculare
512 1070 628 1104 forum
656 1068 850 1116 pertineret
868 1065 954 1102 sicut
973 1079 1040 1102 nec
1059 1066 1215 1114 pertinet
1234 1086 1242 1094 ·
1271 1079 1351 1101 cum
1371 1080 1435 1115 per
1457 1067 1516 1101 ·xl·
1536 1067 1610 1102 dies
1629 1073 1665 1103 et
1681 1067 1777 1103 ultra
1795 1074 1836 1104 ut

331 1127 548 1175 premittitur
572 1127 608 1161 in
636 1125 780 1174 pacifica
798 1122 1002 1172 poffellione
1021 1126 1219 1159 extiterunt
1239 1143 1247 1152 ·
1267 1129 1303 1160 et
1320 1122 1392 1160 fine
1413 1125 1583 1160 mandato
1601 1125 1658 1161 vel
1677 1126 1836 1161 commis-

331 1183 424 1220 sione
455 1197 559 1231 quam
591 1183 774 1219 ostendere
802 1181 960 1217 voluistis
988 1182 1072 1217 licet
1094 1195 1114 1217 a
1137 1182 1237 1217 vobis
1261 1195 1343 1218 cuin
1370 1182 1538 1218 instancia
1560 1183 1672 1231 petita
1700 1183 1807 1219 fuerit
1826 1204 1833 1211 ·

330 1247 429 1289 parte
457 1242 562 1277 etiam
589 1241 722 1276 Prioris
746 1240 905 1288 legitime
931 1252 1006 1275 non
1034 1240 1142 1275 citata
1164 1259 1171 1268 ·
1198 1245 1234 1275 et
1255 1239 1331 1288 post
1349 1241 1597 1288 exceptionem
1615 1241 1725 1289 partis
1744 1242 1835 1278 exci-

330 1300 457 1347 pientis
469 1299 756 1347 jurisdi<ffionem
775 1298 876 1334 vobis
900 1311 975 1333 non
1002 1303 1207 1346 competere
1234 1311 1302 1334 nec
1325 1303 1530 1347 competere
1556 1299 1650 1347 poss'e
1674 1299 1710 1334 in
1734 1300 1836 1335 causa

330 1357 384 1392 vel
403 1357 551 1405 persona
570 1377 578 1384 ·
598 1370 672 1392 non
691 1356 920 1392 admittentes
944 1356 1041 1403 quod
1068 1369 1188 1392 coram
1210 1355 1333 1404 judice
1360 1355 1587 1392 ecclesiastico
1613 1357 1651 1391 in
1677 1357 1755 1393 foro
1781 1370 1835 1393 ec-

330 1413 428 1450 clefie
454 1414 514 1450 ista
538 1415 640 1450 causa
664 1414 777 1450 decisa
794 1415 912 1449 fuerat
937 1420 973 1449 et
995 1406 1169 1449 sententia
1192 1414 1229 1448 in
1252 1427 1327 1450 rein
1341 1414 1539 1462 judicatam
1558 1413 1742 1450 transierat
1761 1435 1769 1443 ·
1795 1428 1835 1451 ac

329 1471 403 1519 post
421 1478 455 1507 et
474 1478 599 1508 contra
616 1472 865 1507 inhibitionem
879 1471 1034 1507 nostram
1049 1471 1110 1507 sub
1125 1484 1218 1519 pena
1232 1472 1613 1507 excommunicationis
1626 1485 1672 1508 ne
1686 1472 1723 1508 in
1739 1473 1836 1508 dffika

330 1530 431 1564 causa
449 1530 687 1577 procederetis
705 1530 763 1565 vel
786 1530 822 1564 in
849 1529 1117 1565 enervationem
1136 1534 1199 1565 aut
1217 1530 1491 1565 diminutionem
1505 1529 1764 1577 jurisdififionis
1782 1543 1836 1566 ec-

332 1585 430 1622 clesie
452 1587 583 1633 aliquid
607 1587 866 1634 attemptaretis
885 1606 893 1614 ·
913 1586 1006 1622 salva
1032 1586 1136 1622 vestri
1163 1587 1365 1623 reverentia
1391 1587 1435 1622 de
1461 1587 1558 1622 fa&o
1584 1600 1660 1623 non
1687 1588 1731 1623 de
1751 1587 1835 1636 jure

332 1657 394 1692 per
412 1645 530 1692 laycos
549 1645 653 1679 etiam
673 1644 798 1692 prefati
819 1644 952 1679 Prioris
970 1644 1132 1679 inimicos
1151 1650 1186 1680 et
1204 1645 1292 1680 alios
1314 1644 1491 1691 suspectos
1509 1650 1545 1680 et
1562 1645 1779 1681 adversarios
1797 1646 1834 1681 in

332 1702 397 1737 liac
415 1707 514 1750 parte
533 1701 709 1749 quandam
732 1702 1021 1737 informationem
1045 1702 1222 1750 recepistis
1244 1708 1286 1737 ut
1312 1702 1426 1738 dicitis
1448 1716 1521 1738 una
1546 1703 1635 1738 hora
1660 1703 1834 1739 duntaxat

333 1758 529 1794 brevillima
555 1779 562 1786 ·
592 1764 626 1794 et
651 1764 776 1794 contra
799 1759 1030 1794 donationem
1054 1765 1089 1795 et
1111 1760 1387 1796 declarationem
1416 1760 1530 1808 regias
1558 1761 1737 1808 predifihis
1762 1781 1769 1789 ·
1798 1767 1834 1797 et

334 1822 460 1852 contra
477 1817 682 1852 sententiani
704 1815 844 1852 ecclesie
863 1816 970 1851 latam
989 1830 1054 1865 pro
1071 1817 1195 1853 Priore
1214 1822 1255 1852 ut
1273 1818 1493 1866 premittitur
1507 1838 1515 1846 ·
1531 1818 1669 1854 diestum
1684 1819 1833 1854 militem

334 1871 376 1909 fic
396 1874 741 1909 excommunicatum
764 1873 799 1908 in
814 1873 938 1909 statum
958 1887 1032 1909 non
1047 1875 1206 1911 solvendi
1225 1875 1399 1911 multuras
1413 1875 1598 1911 reduxistis
1612 1881 1720 1924 prout
1733 1877 1833 1912 vobis

333 1931 466 1979 placuit
485 1951 493 1959 ·
513 1929 583 1966 fine
601 1931 759 1978 procefl'u
778 1931 848 1966 alio
867 1931 925 1966 vel
949 1931 1122 1968 sententia
1143 1933 1210 1969 rite
1229 1933 1301 1968 lata
1319 1952 1327 1961 ·
1346 1946 1387 1968 ac
1399 1933 1492 1981 juris
1510 1933 1722 1969 beneficium
1740 1935 1832 1982 parti

335 1988 466 2024 Prioris
486 1988 687 2024 auferentes
705 1993 741 2023 et
759 1987 967 2024 defensionis
986 1990 1124 2038 copiam
1144 1991 1362 2038 denegantes
1384 1991 1496 2039 ipsum
1517 2004 1558 2026 ac
1580 1992 1773 2027 monachos
1790 2005 1831 2027 ac

334 2046 528 2094 prioratum
553 2045 653 2080 suum
679 2046 783 2081 dictis
806 2046 971 2081 multuris
989 2053 1025 2082 et
1043 2061 1165 2083 earum
1191 2047 1396 2096 poss'eflione
1423 2048 1589 2097 spoliastis
1615 2048 1771 2084 indebite
1795 2055 1831 2084 et

334 2103 457 2152 injuste
476 2123 484 2131 ·
514 2103 636 2145 Quare
654 2115 719 2137 nos
738 2102 945 2139 Alexander
960 2104 1189 2140 moraviensis
1207 2106 1388 2154 episcopus
1406 2106 1563 2154 prefatus
1580 2111 1616 2141 et
1634 2106 1829 2154 capitulum

334 2160 474 2197 ecclesie
492 2158 721 2197 moraviensis
735 2160 956 2196 nobilitatem
975 2161 1122 2197 vestram
1141 2176 1221 2198 cuni
1238 2163 1401 2199 instantia
1415 2163 1627 2210 requirimus
1641 2164 1808 2210 quatinus
1820 2183 1828 2191 ·

334 2233 415 2255 cum
433 2233 478 2255 ex
496 2219 593 2254 (1ίᾶὶο
612 2218 771 2266 process'u
789 2218 903 2253 vestro
922 2219 1098 2266 prioratus
1118 2221 1161 2256 de
1182 2221 1398 2270 Pluscardyn
1416 2220 1456 2256 fit
1474 2221 1562 2256 lesus
1581 2221 1776 2257 enormiter
1794 2228 1830 2257 et

334 2277 489 2324 graviter
515 2289 556 2312 ac
582 2274 786 2324 pofl'essione
812 2276 1030 2324 percipiendi
1052 2278 1164 2314 distas
1182 2279 1358 2315 multuras
1375 2279 1458 2315 licet
1475 2279 1519 2314 de
1537 2278 1632 2314 facto
1651 2284 1686 2314 et
1704 2278 1829 2327 injuste
