2060 2660
579 158 895 195 REGISTRUM
924 158 1285 195 MORAVIENSE.
1623 168 1665 199 81

174 267 293 296 torum
315 265 351 295 et
372 258 520 306 sigillum
542 258 693 293 Abbatis
711 258 755 293 de
777 256 1054 292 Aberbrothock
1078 269 1150 291 una
1173 269 1253 291 cum
1278 256 1388 304 sigillo
1413 260 1563 306 predicti
1581 260 1670 309 Gyl-

172 318 263 354 berti
283 337 291 346 ·
319 316 481 352 Testibus
499 315 660 351 W‘altero
679 315 723 350 de
742 314 905 352 moravia
931 313 1005 349 filio
1032 313 1213 360 quondam
1232 313 1402 349 Willelmi
1422 315 1465 351 de
1483 318 1644 353 moravia
1659 338 1667 346 =

172 374 354 410 Willelmo
369 374 413 409 de
428 373 591 410 moravia
605 373 717 408 milite
736 392 744 400 ·
772 371 1003 407 Erkenbaldo
1022 371 1066 406 de
1081 370 1221 418 Duglas
1239 370 1347 406 fratre
1365 373 1545 418 quondam
1561 374 1666 410 Bricii

171 431 320 480 episcopi
340 451 348 459 ·
378 431 572 479 Radulpho
595 430 779 479 capellano
803 429 891 464 (1ὶᾶὶί
914 428 1066 477 episcopi
1090 448 1098 456 ·
1129 428 1284 476 Symone
1307 434 1342 463 et
1362 428 1511 464 Andrea
1534 431 1668 467 clericis

170 489 256 525 diffi
275 489 426 537 episcopi
442 508 449 516 ·
477 488 615 524 Actum
630 501 726 523 anno
744 487 857 535 gratie
878 486 1113 523 ·<o⁰·cc⁰·xxvi·
1132 486 1170 521 in
1187 485 1309 533 vigilia
1327 485 1501 522 Omnium
1521 487 1668 524 Saneto-

168 560 247 582 rum
266 546 304 582 in
322 545 464 582 ecclesia
482 546 676 582 cathedrali
695 546 790 594 apud
809 544 929 592 Elgyn
948 564 955 572 ·

167 718 384 767 Compositio
410 719 504 754 inter
532 718 724 766 Episcopos
747 717 909 754 moravie
937 722 972 753 et
998 715 1118 752 Roffie
1139 717 1242 765 super
1259 716 1343 765 jure
1365 717 1538 753 diocesani
1558 718 1666 754 eccle-

166 775 290 812 siarum
310 777 354 812 de
375 776 600 824 Kyltallergy
620 781 655 811 et
674 775 865 810 Ardross'er
884 794 892 803 ·
916 780 952 810 et
970 775 1014 810 de
1032 787 1105 810 una
1122 779 1224 822 petra
1242 787 1322 810 cere
1340 774 1508 810 solvenda
1526 775 1666 811 ecclesie

166 833 378 870 moraviensi
395 847 459 882 per
478 834 690 882 Episcopum
713 833 916 868 Roffensem
935 831 1078 880 singulis
1096 832 1197 867 annis
1210 852 1218 860 ·

118 952 136 967 ⁴*
166 949 345 985 Nove-rint
371 962 495 985 omnes
521 949 589 985 hoc
615 949 782 997 scriptum
805 949 912 984 visuri
935 948 993 984 vel
1016 948 1172 983 audituri
1196 948 1292 995 quod
1316 961 1397 983 cum
1422 948 1504 984 effet
1525 954 1665 984 contro-

164 1005 275 1042 versia
301 1007 394 1042 inter
422 1007 607 1042 dominum
633 1006 821 1042 Andream
845 1006 1047 1054 episcopum
1066 1005 1325 1042 moraviensem
1348 1019 1392 1040 ex
1415 1012 1514 1053 parte
1536 1020 1608 1042 una
1630 1013 1664 1043 et

165 1064 351 1100 dominum
377 1065 436 1099 ·R·
462 1065 663 1113 episcopum
687 1064 891 1100 Rofl'ensem
919 1070 955 1100 et
981 1064 1177 1112 capitulum
1204 1063 1280 1112 ejus
1310 1077 1354 1099 ex
1380 1064 1449 1099 alia
1473 1084 1481 1092 ·
1500 1065 1664 1112 predieffi

166 1122 317 1158 Andrea
335 1122 548 1159 moraviensi
566 1123 727 1171 episcopo
751 1127 895 1170 petente
918 1123 1065 1157 nomine
1088 1122 1146 1157 sue
1173 1120 1314 1157 ecclesie
1342 1135 1461 1157 coram
1482 1122 1664 1170 judicibus

165 1180 338 1228 delegatis
357 1194 377 1215 a
395 1180 541 1216 domino
562 1181 658 1228 Papa
676 1200 684 1208 ·
704 1180 833 1215 scilicet
850 1179 1112 1215 venerabilibus
1129 1180 1214 1215 viris
1229 1178 1371 1214 Abbate
1391 1179 1434 1215 de
1453 1180 1532 1215 Der
1551 1200 1559 1208 ·
1589 1181 1663 1216 De-

165 1250 255 1273 cano
274 1243 310 1273 et
329 1237 597 1274 Archidiacono
617 1236 866 1273 Aberdonenfi
885 1257 892 1265 ·
913 1238 956 1273 de
972 1237 1163 1273 Ardrofl'er
1177 1242 1212 1272 et
1226 1237 1270 1272 de
1285 1236 1538 1285 Gylltalargyn
1554 1239 1663 1274 eccle-

163 1293 224 1330 sias
243 1295 280 1330 in
298 1295 555 1343 subjeetionem
572 1309 643 1343 quo
662 1296 707 1330 ad
719 1295 780 1343 jus
798 1295 983 1343 dyocesani
1009 1314 1017 1322 ·
1046 1300 1081 1330 et
1105 1294 1203 1330 misso
1230 1295 1267 1329 in
1293 1293 1535 1342 possessionem
1562 1296 1662 1331 causa

162 1352 212 1388 rei
232 1353 402 1388 servande
422 1372 430 1380 ·
449 1366 545 1388 anno
563 1353 679 1401 elapso
703 1353 798 1388 sacto
817 1366 904 1388 vero
927 1352 1111 1400 possessore
1139 1371 1147 1379 ·
1175 1352 1321 1387 tandem
1348 1352 1391 1387 de
1416 1351 1560 1388 consilio
1580 1367 1662 1401 pru-

162 1410 310 1446 dentum
340 1430 347 1439 ·
376 1424 441 1459 pro
471 1411 567 1446 bono
594 1416 630 1446 et
655 1410 809 1446 utilitate
837 1410 1019 1457 utriusque
1045 1410 1174 1445 scilicet
1200 1408 1340 1445 ecclesie
1368 1410 1598 1446 moraviensis
1626 1418 1661 1448 et

162 1467 336 1504 Roffenfis
351 1489 359 1496 ·
379 1469 593 1504 auctoritate
610 1468 857 1516 predieffirum
869 1467 1032 1516 judicum
1051 1467 1312 1502 interveniente
1340 1486 1348 1495 ·
1377 1468 1421 1503 de
1439 1468 1605 1504 consensu
1625 1476 1661 1504 et

160 1525 292 1561 assensu
312 1526 549 1574 capitulorum
570 1526 753 1573 utriusque
772 1524 912 1561 ecclesie
931 1530 966 1561 et
984 1525 1197 1560 clericorum
1217 1544 1225 1552 ·
1250 1524 1344 1560 inter
1362 1525 1449 1573 ipsas
1467 1525 1527 1560 sub
1546 1526 1660 1562 forma

159 1584 254 1630 pacis
272 1584 314 1618 lis
332 1583 380 1619 est
397 1584 552 1620 finaliter
570 1583 682 1631 sopita
700 1603 708 1611 ·
728 1583 858 1619 scilicet
876 1583 973 1631 quod
992 1582 1143 1631 episcopi
1161 1582 1401 1619 moravienses
1419 1581 1596 1618 ecclesiam
1616 1585 1659 1619 de

161 1640 412 1689 Kyntalargyn
437 1654 508 1688 quo
535 1641 580 1676 ad
601 1641 662 1689 jus
688 1641 875 1689 dyocesani
898 1639 1122 1689 poflidebunt
1148 1659 1156 1667 ·
1180 1639 1334 1688 episcopi
1360 1653 1447 1676 vero
1476 1640 1659 1678 Roffenses

159 1697 336 1734 ecclesiam
355 1699 399 1734 de
419 1698 611 1734 Ardroffer
628 1712 699 1745 quo
718 1699 763 1734 ad
781 1700 902 1734 onmia
926 1696 1150 1734 ecclesiastica
1175 1698 1213 1732 in
1238 1703 1452 1745 perpetuum
1478 1698 1660 1735 habebunt

159 1754 244 1791 ficut
258 1756 517 1803 predeeeffores
532 1769 657 1792 eorum
671 1757 769 1804 prius
784 1769 861 1792 eam
876 1761 1072 1792 tenuerunt
1084 1775 1092 1783 ·
1118 1755 1211 1791 Item
1225 1755 1343 1791 dietus
1355 1755 1416 1790 ·A·
1429 1756 1658 1793 moraviensis

115 1826 118 1829 ⁴
159 1813 338 1862 episcopus
359 1827 424 1862 pro
443 1814 476 1850 se
495 1819 531 1851 et
548 1814 797 1850 successoribus
815 1814 882 1849 suis
901 1814 945 1849 de
963 1813 1095 1849 assensu
1118 1814 1228 1849 totius
1251 1813 1397 1861 capituli
1421 1814 1471 1849 sui
1495 1815 1562 1850 toti
1583 1815 1658 1863 juri

158 1869 182 1905 fi
207 1871 292 1919 quid
318 1872 356 1907 in
384 1871 527 1908 ecclesia
553 1872 597 1907 de
623 1872 814 1907 Ardrosser
840 1872 964 1907 habuit
985 1871 1043 1907 vel
1069 1871 1199 1907 habere
1225 1872 1343 1919 potuit
1369 1872 1593 1908 renunciavit
1621 1879 1656 1908 et

158 1929 254 1964 omni
273 1929 407 1965 actioni
425 1935 460 1965 et
478 1930 721 1978 impetrationi
740 1949 748 1958 ·
768 1930 996 1978 solempniter
1013 1929 1227 1977 promittens
1250 1930 1347 1977 quod
1371 1929 1512 1965 nullum
1533 1930 1593 1978 jus
1620 1931 1656 1966 in

158 1985 298 2023 ecclefia
316 1987 360 2022 de
379 1986 570 2023 Ardrosser
588 2000 654 2023 nec
673 1988 710 2022 in
728 1987 847 2035 aliquo
866 1988 911 2022 ad
929 1987 1036 2035 ipsam
1051 1987 1232 2035 speetante
1250 1987 1401 2035 amplius
1419 2001 1485 2023 nec
1502 1988 1572 2036 ipse
1590 2001 1656 2024 nec

157 2044 362 2080 successores
380 2045 431 2079 sui
444 2045 686 2080 vendicabunt
701 2065 709 2073 ·
734 2045 909 2093 Episcopo
923 2043 1080 2080 Rofl'enfi
1093 2059 1159 2093 pro
1173 2045 1206 2081 se
1221 2050 1257 2081 et
1270 2045 1518 2081 successoribus
1529 2046 1596 2081 suis
1611 2047 1654 2081 de

157 2101 321 2137 consensu
349 2102 493 2150 capituli
520 2102 571 2137 sui
595 2108 630 2138 et
655 2103 866 2138 clericorum
886 2103 1031 2138 suorum
1049 2116 1120 2150 quo
1139 2103 1185 2138 ad
1203 2101 1381 2139 ecclesiam
1401 2103 1444 2138 de
1465 2103 1654 2151 Kyntalar-

155 2171 227 2206 gyn
245 2159 370 2195 eodem
390 2160 497 2195 modo
516 2173 580 2208 per
598 2160 719 2195 omnia
736 2160 970 2196 renunciante
990 2166 1025 2196 et
1043 2161 1138 2196 idem
1162 2174 1225 2209 per
1250 2161 1370 2196 omnia
1394 2161 1624 2208 promittente
1644 2181 1651 2188 ·

157 2216 323 2252 Preterea
340 2217 533 2265 Episcopus
557 2216 731 2253 Ross'enfis
754 2218 851 2254 dedit
878 2218 915 2253 in
942 2223 1155 2266 perpetuum
1182 2219 1226 2254 de
1253 2218 1421 2253 consensu
1447 2218 1590 2265 capituli
1617 2225 1652 2254 et

155 2272 294 2309 ecclesie
313 2274 371 2310 sue
389 2281 425 2310 et
444 2275 529 2310 cleri
554 2288 662 2311 unam
685 2281 822 2324 petram
844 2275 965 2324 [cere]
985 2274 1127 2312 ecclefie
1145 2276 1338 2312 cathedrali
1358 2275 1401 2311 de
1421 2275 1539 2323 Elgyn
1559 2294 1566 2303 ·
1585 2289 1650 2324 pro

935 2345 957 2368 L
