2060 2660
552 197 866 234 REGISTRUM
897 197 1256 236 MORAVIENSE.
1579 209 1647 241 153

154 300 219 336 bus
241 299 285 336 ad
311 299 378 334 hoc
404 297 599 346 specialiter
622 297 758 332 voeatis
784 301 820 332 et
845 296 979 343 rogatis
998 315 1006 323 ·
1035 296 1083 331 Et
1109 309 1177 344 ego
1203 297 1386 334 Johannes
1413 300 1533 338 Boner
1561 303 1646 339 Ros-

154 357 254 394 seniis
280 355 467 404 dyoceseos
493 355 641 390 clericus
667 354 883 390 aufitoritate
909 353 1083 401 imperiali
1109 353 1271 401 publicus
1294 357 1454 392 notarius
1479 360 1646 406 premiffis

154 414 318 451 omnibus
347 418 384 449 et
413 411 557 461 fingulis
583 425 657 448 una
684 425 765 447 cum
795 412 899 447 dictis
927 411 1070 446 testibus
1097 411 1307 459 supradidffis
1334 413 1474 460 presens
1503 415 1646 453 interfui

154 485 263 519 eaque
288 470 333 506 fic
358 470 436 506 fieri
462 470 536 505 vidi
563 475 600 506 et
624 470 746 505 audivi
773 482 814 505 ac
841 469 946 504 etiam
976 481 1085 504 manu
1113 482 1192 504 mea
1219 469 1403 518 conscripsi
1431 477 1466 507 et
1493 472 1530 508 in
1557 474 1647 510 hanc

153 529 328 578 publicam
356 528 507 564 sormam
534 527 657 575 redegi
682 526 850 575 fignoque
875 540 955 562 meo
983 531 1019 562 et
1041 527 1188 562 nomine
1214 527 1383 563 consueto
1405 527 1537 576 fignavi
1564 537 1619 567 etc
1638 552 1646 559 ·

153 587 230 623 Nos
247 586 357 634 igitur
373 586 558 623 Johannes
580 584 721 621 ecclefie
740 583 970 622 moraviensis
988 584 1170 633 episcopus
1187 585 1390 620 antedifilms
1417 605 1426 613 ·
1454 590 1648 624 communi-

152 649 231 680 cato
250 643 538 692 jurisperitorum
565 642 709 679 confilio
737 662 745 670 ·
773 642 964 678 undecimo
991 642 1048 677 die
1074 641 1199 677 menfis
1226 643 1313 679 maii
1340 662 1348 670 ·
1377 656 1472 679 anno
1497 644 1647 681 Domini

153 706 310 740 ·‹n⁴'·ccc⁰·
328 700 492 737 vicefimo
510 702 640 736 octavo
669 720 676 729 ·
704 701 742 736 in
759 700 916 749 capitulo
935 699 1146 735 cathedralis
1164 699 1306 736 ecclefie
1325 701 1554 738 moraviensis
1572 717 1648 751 pre-

152 760 247 796 ἀίἇὶθ
266 779 274 787 ·
294 759 480 808 sepedi6fis
493 758 658 807 magistro
678 758 737 793 ·R·
755 762 967 806 precentore
983 777 991 785 ·
1011 762 1047 793 et
1065 757 1212 793 domino
1232 760 1294 794 m·
1313 758 1518 796 succentore
1534 761 1648 808 perso-

151 818 279 853 naliter
296 816 583 865 comparentibus
601 829 720 852 coram
740 815 842 851 nobis
861 835 869 843 ·
889 813 1057 851 affidente
1075 815 1177 851 nobis
1189 816 1350 851 virorum
1365 817 1595 864 prudentium
1614 826 1649 854 et

150 875 324 911 nobilium
343 875 574 911 multitudine
593 873 732 923 copiosa
750 893 758 902 ·
779 872 909 910 Christi
926 873 1074 909 nomine
1091 873 1258 909 invocato
1277 892 1285 901 ·
1312 875 1589 922 pronunciamus
1612 883 1647 912 et

151 933 357 968 ordinamus
382 932 479 980 quod
506 945 630 968 omnes
656 930 904 968 contentiones
929 936 964 967 et
988 930 1226 967 controversie
1244 937 1280 967 et
1298 931 1404 967 etiam
1424 932 1552 981 injurie
1569 935 1649 970 hac-

151 996 255 1026 tenus
272 995 351 1026 orte
368 989 463 1026 inter
479 995 598 1038 partes
615 989 833 1038 supradifitas
852 988 1033 1025 occasione
1050 989 1214 1037 predicta
1231 989 1275 1025 de
1294 995 1413 1025 cetero
1432 990 1562 1027 ceffent
1575 1005 1649 1027 om-

151 1048 238 1083 nino
257 1053 293 1083 et
309 1048 539 1083 remittantur
561 1048 643 1083 hinc
667 1053 703 1083 et
726 1047 811 1083 inde
835 1047 954 1082 osculo
978 1047 1073 1095 pacis
1098 1047 1361 1083 interveniente
1389 1053 1425 1083 et
1447 1048 1649 1086 voluntarie

150 1106 283 1141 tradito
297 1105 340 1141 ab
355 1111 506 1153 utraque
519 1110 619 1153 parte
631 1125 640 1133 ·
661 1105 944 1140 Pronunciamus
958 1105 1064 1140 etiam
1080 1110 1116 1140 et
1129 1104 1336 1140 ordinamus
1350 1106 1447 1153 quod
1466 1106 1510 1142 de
1528 1113 1648 1143 cetero

151 1163 238 1198 certi
266 1162 332 1198 fint
359 1163 448 1198 fines
474 1168 511 1199 et
537 1163 666 1199 limites
692 1163 787 1199 inter
808 1162 993 1211 parochias
1016 1163 1060 1198 de
1084 1162 1229 1198 Rathed
1255 1168 1291 1198 et
1317 1163 1360 1199 de
1388 1163 1536 1213 Alweys
1562 1164 1648 1202 ficut

151 1221 288 1256 rivulus
306 1220 485 1256 descendit
503 1226 538 1256 et
557 1220 681 1256 defluit
699 1233 718 1255 a
735 1220 834 1256 fonte
854 1220 976 1256 Sancti
996 1220 1093 1255 Petri
1110 1220 1218 1267 usque
1240 1220 1277 1255 in
1298 1220 1441 1256 rubium
1462 1222 1619 1259 rivulum
1638 1244 1647 1251 ·

151 1283 187 1313 et
203 1277 290 1314 ficut
308 1278 368 1313 ille
386 1278 509 1313 rubius
530 1278 667 1313 rivulus
691 1278 816 1313 defluit
836 1282 872 1313 et
894 1276 1073 1313 descendit
1090 1290 1153 1325 per
1170 1277 1271 1313 suum
1288 1278 1474 1326 antiquum
1494 1285 1529 1316 et
1547 1287 1648 1316 natu—

151 1335 261 1371 ralem
285 1335 428 1371 alveum
453 1349 497 1371 ex
515 1335 680 1371 orientali
706 1340 806 1384 parte
830 1335 874 1371 de
898 1335 931 1371 le
952 1334 1000 1370 est
1019 1347 1198 1383 graunges
1215 1335 1323 1383 usque
1341 1335 1386 1371 ad
1404 1349 1502 1373 mare
1521 1357 1530 1365 ·
1563 1338 1648 1374 Pro-

150 1393 362 1428 nunciamus
389 1394 495 1428 etiam
521 1399 556 1429 et
588 1393 794 1429 ordinamus
820 1392 917 1440 quod
946 1405 1070 1428 omnae
1097 1393 1234 1428 decime
1260 1398 1333 1428 tam
1362 1394 1514 1442 majores
1540 1409 1646 1443 quam

151 1450 306 1486 minores
326 1456 361 1486 et
380 1451 500 1486 omnia
516 1451 601 1499 jura
621 1450 837 1500 parochialia
859 1450 1106 1498 contingentia
1123 1463 1168 1486 ex
1186 1450 1398 1486 occidentali
1422 1458 1522 1500 parte
1544 1453 1647 1502 ipfius

150 1508 258 1543 fontis
276 1513 312 1544 et
329 1508 435 1543 rivuli
453 1509 655 1556 pertineant
673 1514 709 1544 et
726 1508 909 1544 solvantur
930 1508 1152 1556 integraliter
1171 1507 1313 1544 ecclefie
1334 1509 1496 1557 predk‘ste
1514 1511 1558 1546 de
1580 1513 1649 1547 Ra-

151 1566 236 1601 thed
260 1571 296 1601 et
318 1566 526 1602 Succentori
552 1566 706 1614 ejusdem
730 1564 872 1602 ecclesie
889 1566 1028 1601 ratione
1048 1585 1056 1594 ·
1075 1565 1176 1601 salvis
1191 1565 1403 1613 ‚Precentori
1426 1572 1463 1602 et
1484 1567 1649 1605 succeffo-

150 1623 247 1658 ribus
269 1623 338 1658 suis
361 1629 515 1670 quatuor
536 1624 663 1659 marcis
688 1624 817 1659 annuis
842 1623 940 1671 prius
966 1622 1026 1658 fibi
1050 1623 1234 1659 reservatis
1256 1636 1337 1659 cum
1360 1624 1452 1660 tofto
1475 1631 1512 1661 et
1533 1626 1649 1663 crofto

150 1694 219 1728 que
238 1680 405 1716 Andreas
427 1681 608 1729 episcopus
626 1680 857 1718 moraviensis
875 1681 990 1716 eidem
1008 1679 1192 1728 aflignavit
1219 1700 1227 1709 ·
1255 1686 1291 1716 et
1308 1694 1391 1717 cum
1409 1695 1452 1718 eo
1470 1684 1568 1730 quod
1586 1684 1650 1720 sol-

150 1743 255 1774 vetur
272 1751 292 1773 a
310 1738 493 1774 monachis
511 1739 555 1774 de
576 1739 706 1774 Kinlos
723 1739 869 1774 nomine
889 1738 1107 1774 decimarum
1124 1738 1337 1787 predialium
1356 1739 1401 1774 de
1420 1739 1544 1789 Burgy
1556 1761 1564 1769 ·
1579 1755 1649 1790 qua

123 1840 126 1843 ἢ
150 1796 324 1831 solutione
342 1796 600 1832 monachorum
619 1795 659 1832 fit
677 1797 746 1845 ipse
762 1796 957 1832 Precentor
971 1801 1162 1832 contentus
1179 1796 1224 1832 de
1241 1801 1361 1832 cetero
1375 1810 1441 1845 pro
1456 1799 1554 1834 omni
1565 1799 1649 1848 jure

150 1853 207 1889 vel
225 1853 414 1889 exatffione
432 1854 528 1901 quod
547 1854 605 1890 vel
623 1867 692 1902 que
709 1853 769 1890 fibi
783 1854 954 1902 competit
967 1854 1024 1890 vel
1038 1858 1241 1902 competere
1258 1855 1377 1902 potuit
1393 1858 1648 1903 quoquomodo

150 1911 282 1947 virtute
300 1912 546 1947 reservationis
569 1913 714 1960 antique
732 1912 769 1947 in
787 1912 933 1947 decimis
952 1911 1169 1960 predialibus
1192 1912 1237 1947 de
1256 1911 1405 1961 Burgyn
1430 1915 1620 1951 antediGtis
1639 1936 1647 1943 ·

154 1968 245 2004 Item
263 1969 542 2017 pronunciamus
560 1975 596 2005 et
615 1970 822 2005 ordinamus
840 1969 937 2017 quod
961 1982 1085 2005 omnes
1106 1970 1243 2006 decime
1267 1975 1338 2005 tam
1363 1970 1516 2020 majores
1542 1986 1647 2020 quam

152 2026 306 2062 minores
333 2032 369 2062 et
395 2028 517 2062 omnia
539 2027 624 2075 jura
653 2027 870 2076 parochialia
896 2027 1142 2075 contingentia
1167 2041 1211 2063 ex
1238 2028 1403 2063 orientali
1430 2035 1532 2076 parte
1560 2031 1647 2067 dicti

152 2083 257 2119 fontis
275 2090 311 2120 et
328 2085 434 2120 rivuli
449 2085 652 2133 pertineant
670 2091 706 2121 et
719 2084 901 2121 solvantur
915 2085 960 2121 de
974 2091 1095 2121 cetero
1109 2084 1250 2121 ecclefie
1264 2086 1425 2134 predicte
1440 2087 1485 2123 de
1499 2087 1648 2137 Always

152 2146 187 2176 et
205 2140 411 2177 Precentori
430 2142 584 2190 ejusdem
607 2141 747 2178 ecclefie
768 2143 907 2178 ratione
926 2162 934 2170 ·
963 2142 1185 2179 Ordinamus
1202 2143 1309 2179 etiam
1328 2149 1364 2179 et
1381 2144 1576 2192 specialiter
1593 2160 1645 2182 re-

151 2198 327 2234 servamus
344 2205 498 2247 quatuor
516 2213 651 2235 marcas
668 2200 918 2248 sterlingorum
936 2213 1073 2236 annuas
1087 2201 1296 2237 Succentori
1314 2214 1378 2249 per
1393 2201 1643 2239 Precentorem

153 2254 333 2292 solvendas
358 2258 542 2293 annuatim
568 2258 695 2293 eisdem
720 2258 881 2293 terminis
904 2263 940 2294 et
964 2258 1087 2294 diebus
1108 2271 1149 2294 ac
1176 2259 1395 2307 temporibus
1418 2259 1544 2306 quibus
1561 2274 1643 2307 qua-

152 2318 234 2348 tuor
256 2327 373 2350 marce
396 2328 515 2351 annue
538 2315 739 2363 supradifite
761 2329 805 2352 ex
827 2316 973 2363 antiqua
994 2316 1231 2352 reservatione
1251 2316 1458 2352 Precentori
1480 2330 1543 2364 per
1562 2318 1644 2353 Suc-

876 2385 900 2409 U
