1912 2660
181 882 254 918 4290

175 1872 243 1911 291

283 150 356 188 870
680 144 997 182 REGISTRUM
1025 144 1389 183 MORAVIENSE.

284 245 476 292 burgenses
494 245 537 281 de
553 244 672 294 Elgyn
687 245 771 280 illuc
785 245 981 280 intraverat
994 264 1002 272 ·
1018 244 1061 279 ad
1077 257 1182 291 quem
1198 245 1287 279 dixit
1302 244 1495 292 Episcopus
1509 244 1606 291 quod
1624 257 1690 280 nec
1708 244 1789 280 bur-

283 302 406 351 genses
424 316 491 338 nec
509 302 635 350 aliquis
653 303 743 338 alius
761 302 1013 338 auctoritatem
1027 301 1084 337 vel
1102 300 1278 336 licenfiam
1297 300 1450 349 prestare
1467 307 1664 349 potuerunt
1678 321 1687 330 ·
1707 315 1788 338 cum

284 374 375 408 aqua
389 360 449 396 illa
462 366 570 409 prout
584 366 670 396 tunc
685 361 826 396 alveum
841 360 942 395 suum
956 359 1100 394 tenebat
1115 358 1256 394 ecclefie
1271 359 1329 393 sue
1345 357 1575 394 moravienfis
1589 364 1625 395 et
1641 359 1699 395 sua
1713 367 1789 396 erat

284 423 319 454 et
333 418 467 453 nullius
481 418 627 454 alterius
640 438 647 446 -
662 424 697 454 et
711 422 857 466 propter
869 417 937 451 hoc
949 416 1051 464 petiit
1065 416 1107 450 ab
1123 416 1184 450 illo
1196 414 1255 450 fibi
1269 415 1345 450 dari
1356 429 1469 451 unum
1482 429 1629 452 namum
1641 418 1788 454 nomine

283 475 411 511 arreste
436 476 597 524 predicte
621 475 785 511 navicule
805 494 813 502 ·
841 474 902 521 qui
920 473 1080 521 porrexit
1098 473 1134 507 in
1153 486 1263 507 manu
1284 473 1437 520 predicti
1461 474 1597 509 domini
1622 474 1784 523 Episcopi

283 547 393 569 unam
408 547 555 581 parvam
570 534 718 569 securim
732 552 739 560 ·
753 545 858 579 quam
874 531 1019 566 nomine
1031 529 1186 577 magistri
1200 530 1250 565 sui
1264 529 1324 565 fibi
1339 531 1415 566 dari
1430 531 1532 580 petiit
1545 532 1590 567 ad
1605 532 1762 580 plegium
1775 553 1783 562 ·

283 592 380 638 quod
399 589 565 628 concessit
583 590 767 640 predictus
786 589 980 637 Episcopus
995 607 1003 616 ·
1023 587 1281 623 restituendum
1295 587 1354 623 fibi
1369 602 1450 624 cum
1464 595 1647 637 peteretur
1661 591 1704 626 ab
1720 604 1761 626 eo
1777 611 1785 618 ·

284 764 430 800 Arresta
447 764 671 812 quorundam
691 762 1036 812 purpresturantiuln
1053 767 1186 797 terram
1205 761 1468 798 ecclesiasticam
1488 782 1495 790 ·

285 878 376 915 Item
397 879 523 914 eodem
543 878 599 913 die
620 897 627 905 ·
651 890 746 913 anno
766 883 832 913 etc·
853 875 1070 924 octogesimo
1089 877 1197 912 tertio
1218 896 1226 905 ·
1245 877 1302 913 die
1321 882 1356 913 et
1374 878 1491 913 mense
1510 878 1636 925 quibus
1654 878 1757 926 supra
1775 898 1783 906 ·

282 937 455 972 redeunte
481 936 654 984 Episcopo
681 935 845 983 predicto
872 947 935 982 per
962 935 1112 970 eandem
1139 935 1233 970 viam
1254 955 1262 963 ·
1291 936 1437 983 reperiit
1461 936 1557 983 apud
1583 936 1784 973 naviculam

281 994 479 1042 predictam
499 993 667 1040 quosdam
685 992 877 1040 burgenses
897 992 939 1027 de
959 992 1079 1041 Elgyn
1100 992 1230 1028 scilicet
1250 992 1453 1041 Philippum
1474 993 1579 1041 Byset
1597 999 1632 1029 et
1652 993 1784 1030 Henri-

281 1065 363 1087 cum
383 1052 531 1086 l'ortere
550 1051 777 1086 extrahentes
796 1050 839 1086 de
858 1050 1023 1085 navicula
1036 1051 1205 1098 quosdam
1219 1050 1372 1086 barellos
1386 1051 1429 1087 de
1448 1051 1550 1087 berre
1566 1057 1602 1087 et
1615 1052 1783 1099 quosdam

280 1111 396 1145 saccos
415 1109 527 1155 adipis
545 1115 580 1144 et
599 1109 712 1144 farine
730 1107 875 1156 siliginis
893 1121 966 1144 una
984 1122 1065 1144 curn
1081 1109 1178 1156 equis
1193 1114 1228 1144 et
1243 1108 1379 1157 sseddys
1394 1109 1524 1144 ibidem
1538 1109 1667 1145 stantes
1681 1110 1783 1158 super

279 1175 409 1203 terram
425 1167 520 1201 suam
534 1166 577 1201 de
593 1166 839 1214 Kynnedwart
852 1186 860 1194 ·
876 1179 964 1214 quos
977 1172 1146 1214 tanquam
1159 1167 1316 1202 indebite
1331 1167 1639 1215 purpresturantes
1650 1172 1782 1203 terram

278 1226 371 1260 suam
392 1224 620 1260 eccliassicam
639 1224 839 1270 predictam
855 1243 863 1252 ·
882 1237 956 1259 una
969 1238 1051 1260 cum
1066 1225 1149 1261 navi
1168 1230 1204 1260 et
1217 1225 1357 1260 ancoris
1372 1225 1527 1273 ejusdem
1547 1245 1556 1253 ·
1575 1239 1684 1261 manu
1703 1239 1782 1274 pro-

277 1283 353 1331 pria
371 1282 552 1317 arrestavit
572 1302 580 1310 ·
608 1287 644 1317 et
666 1283 805 1318 eosdem
825 1283 989 1331 predis&
1009 1283 1175 1331 Philippo
1193 1283 1261 1318 hoc
1280 1296 1361 1319 cum
1380 1283 1549 1318 instancia
1566 1284 1702 1331 petenti
1721 1297 1781 1319 no-

276 1341 372 1376 mine
403 1340 668 1376 communitatis
694 1340 800 1388 burgi
826 1341 877 1375 sui
904 1340 949 1376 ad
976 1341 1134 1389 plegium
1164 1341 1262 1377 dedit
1292 1361 1299 1369 ·
1332 1341 1587 1377 remittendum
1617 1342 1780 1389 predi6’w

276 1398 452 1446 Episcopo
471 1398 566 1444 apud
584 1397 763 1433 ecclesiam
784 1399 881 1434 suam
901 1399 1142 1435 cathedralem
1161 1399 1222 1435 sub
1241 1399 1505 1448 premonitione
1533 1399 1616 1434 octo
1642 1400 1780 1435 dierum

275 1457 320 1491 ad
349 1457 594 1505 recipiendum
621 1457 752 1492 ibidem
779 1457 888 1493 finem
916 1462 951 1493 et
978 1457 1113 1492 exitum
1137 1471 1226 1505 quos
1247 1457 1333 1506 jura
1363 1457 1561 1493 concedere
1592 1457 1780 1493 consueve-

275 1520 360 1550 runt
375 1534 383 1542 ·
413 1515 460 1550 Et
480 1514 539 1549 ista
555 1515 636 1550 acca
654 1515 734 1550 sunt
753 1515 810 1550 die
828 1515 909 1551 loco
936 1520 972 1551 et
996 1528 1091 1550 anno
1119 1515 1329 1563 supradictis
1349 1535 1356 1543 ·
1376 1514 1596 1563 presentibus
1613 1514 1778 1562 magistro

276 1572 439 1607 navicule
458 1572 618 1621 predi&e
638 1592 646 1600 ·
669 1572 832 1609 Henrico
853 1573 1021 1609 Porterre
1042 1593 1049 1601 ·
1070 1578 1105 1609 et
1122 1572 1280 1609 similiter
1299 1593 1307 1601 ·
1329 1592 1337 1600 ·
1358 1593 1365 1600 -
1387 1593 1394 1600 ·

276 1745 556 1780 Memorandum
577 1746 620 1781 de
639 1748 885 1795 recognitione
904 1748 1100 1783 tenementi
1119 1748 1163 1783 de
1183 1748 1342 1796 Finrofl'y
1358 1767 1365 1775 ·

278 1860 558 1897 Memorandum
578 1863 675 1909 quod
693 1863 878 1900 Johannes
897 1864 1065 1900 Flathson
1089 1878 1206 1901 marus
1230 1864 1406 1912 generalis
1425 1863 1588 1912 Episcopi
1610 1864 1647 1899 in
1670 1864 1776 1901 feodo

274 1921 486 1968 recognovit
503 1926 748 1956 tenementum
767 1922 925 1958 nostrum
945 1924 989 1959 de
1008 1923 1170 1971 Finroffy
1188 1923 1226 1958 in
1244 1936 1370 1958 manus
1393 1922 1529 1957 domini
1553 1922 1661 1958 nostri
1681 1922 1776 1971 Epis-

274 1978 355 2026 copi
375 1977 575 2013 Alexandri
595 1979 651 2014 die
677 1979 783 2015 sabati
806 1981 1011 2017 immediate
1030 1987 1113 2016 ante
1137 1981 1261 2017 festum
1287 1980 1409 2017 83,ηᾶὶί
1428 1980 1612 2017 (Dichaelis
1630 1980 1774 2016 archan-

273 2035 345 2083 geli
371 2049 466 2071 anno
498 2041 564 2071 etc·
599 2036 825 2084 nonagesimo
857 2039 983 2085 quinto
1003 2059 1011 2067 ·
1038 2045 1073 2075 et
1100 2039 1279 2087 presentes
1306 2039 1454 2074 fuerunt
1477 2044 1645 2086 tanquam
1674 2037 1774 2074 testes

275 2093 499 2141 Reginaldus
521 2094 565 2129 de
591 2094 810 2142 Innerlochy
827 2100 953 2131 tenens
975 2097 1130 2145 ejusdem
1150 2116 1158 2125 ·
1183 2097 1367 2134 ,Iohannes
1391 2096 1435 2132 de
1455 2096 1568 2132 Doles
1586 2096 1695 2132 frater
1713 2096 1774 2131 do-

273 2151 362 2186 mini
391 2151 546 2200 ejusdem
566 2171 574 2179 ·
606 2152 770 2188 (Dechael
799 2152 925 2189 Broun
945 2173 952 2181 ·
985 2160 1020 2190 et
1045 2155 1167 2191 David
1191 2155 1235 2191 de
1262 2154 1459 2190 Innerlocti
1487 2173 1495 2182 ·
1525 2159 1561 2189 et
1590 2154 1772 2202 predifiws

272 2221 389 2246 marus
408 2209 536 2245 detulit
554 2210 590 2244 in
610 2222 716 2245 manu
736 2210 796 2246 sua
814 2211 857 2246 de
875 2211 1039 2259 predic'to
1061 2218 1269 2248 tenemento
1296 2218 1428 2248 terram
1454 2211 1589 2260 lapides
1615 2216 1651 2247 et
1676 2211 1773 2259 ligna

274 2280 359 2314 quas
378 2267 533 2315 reposuit
551 2267 588 2303 in
607 2281 714 2304 manu
735 2268 899 2317 Episcopi
918 2270 1044 2306 eodem
1064 2271 1120 2306 die
1140 2271 1176 2306 in
1194 2269 1331 2318 fignum
1350 2269 1603 2317 recognitionis
1622 2289 1630 2296 ·
