2060 2660
88 1505 158 1537 140

588 185 905 224 REGISTRUM
933 187 1295 227 MORAVIENSE.
1614 196 1682 234 157

189 288 285 337 quod
311 286 446 323 nullam
473 286 735 334 exemptionem
760 286 819 322 vel
844 286 1070 334 privilegium
1098 287 1229 322 habent
1252 289 1309 324 vel
1335 289 1534 326 habuerunt
1560 298 1683 326 contra

188 346 312 382 eadem
331 364 340 372 ·
368 343 467 379 Asta
483 344 564 379 sunt
582 344 647 379 hec
665 356 762 379 anno
778 363 787 371 ·
806 343 1004 379 induitione
1023 362 1032 371 ·
1057 344 1265 391 pontificatu
1285 364 1293 372 ·
1314 345 1370 381 die
1389 366 1397 373 ·
1417 348 1532 383 mense
1550 354 1585 383 et
1602 348 1683 383 loco

187 402 396 452 supradictis
423 420 432 429 ·
458 401 678 450 presentibus
695 401 839 449 prefatis
857 401 1063 436 reverendis
1080 401 1118 436 in
1137 401 1275 437 Christo
1293 403 1450 449 patribus
1468 409 1504 439 et
1522 404 1683 451 magistro

185 460 351 498 Johanne
366 459 410 495 de
427 459 605 507 Inuernys
619 458 831 494 cancellario
850 463 886 494 et
904 458 1047 494 officiali
1060 457 1275 495 moravienfi
1288 478 1298 487 ·
1317 459 1470 494 dominis
1485 460 1684 508 Reginaldo

185 518 229 554 de
248 517 400 565 Ogiston
417 517 630 553 cancellario
645 516 855 564 Glasguenfi
872 535 882 544 ·
899 516 1067 553 ,Iohanne
1085 516 1129 552 de
1146 516 1335 564 Kynnaird
1352 517 1568 552 thesaurario
1583 518 1686 553 Dun-

184 573 341 611 keldenfi
359 594 368 603 ·
388 580 424 610 et
441 575 621 610 canonicis
639 573 781 610 ecclefie
795 573 1026 611 moravienfis
1043 573 1205 622 predicte
1225 593 1234 601 ·
1252 573 1395 610 testibus
1413 574 1458 609 ad
1476 574 1543 610 hoc
1561 575 1686 622 specia-

184 633 265 669 liter
282 633 417 669 vocatis
435 638 471 668 et
489 632 624 679 rogatis
637 652 645 660 ·
665 645 819 679 quorum
838 632 1121 668 reverendorum
1137 631 1176 666 in
1191 631 1330 667 Christo
1347 637 1490 680 patrum
1508 633 1687 668 autentica

183 689 293 739 sigilla
313 703 386 726 una
409 703 490 726 cum
516 689 629 738 figillo
656 689 881 725 officialitatis
904 690 1002 725 curie
1023 687 1254 726 moravienfis
1276 689 1430 738 presenti
1453 688 1685 725 instrumento

181 749 262 784 sunt
279 749 431 797 appensa
448 749 485 784 in
502 748 743 784 testimonium
764 747 1013 796 premissorum
1031 766 1040 775 ·

185 806 232 842 Et
253 819 320 854 ego
350 806 508 842 Thomas
533 806 710 844 Johannis
738 806 860 842 Boner
887 804 1062 841 Rofi‘enfis
1089 805 1291 854 Dyoceseos
1314 804 1476 853 publicus
1501 804 1689 852 apostolica

183 870 219 900 et
246 864 421 912 imperiali
456 865 672 900 auctoritate
701 863 862 900 notarius
889 862 1059 912 premiffis
1087 863 1252 899 omnibus
1279 868 1315 899 et
1342 861 1485 910 singulis
1512 862 1598 897 dum
1626 875 1689 910 per

182 922 364 970 predffikos
389 927 431 958 ut
456 922 676 970 premittitur
702 920 748 957 fic
775 926 970 970 agerentur
994 934 1068 957 una.
1094 934 1176 957 cum
1201 921 1345 956 testibus
1370 920 1626 968 prenominatis
1652 926 1687 955 et

184 992 267 1015 cum
290 975 576 1027 supradi6torum
599 980 878 1016 reverendorum
904 979 942 1014 in
965 979 1105 1015 Christo
1128 984 1272 1027 patrum
1295 984 1331 1014 et
1356 978 1579 1014 officialitatis
1602 976 1688 1026 pofi-

184 1037 283 1072 tione
307 1035 500 1085 sigillorum
524 1038 666 1086 presens
693 1037 840 1073 interfui
864 1050 974 1085 eaque
1000 1036 1045 1073 fic
1070 1037 1148 1073 fieri
1174 1037 1248 1072 vidi
1271 1042 1307 1072 et
1329 1036 1448 1072 audivi
1474 1041 1510 1072 et
1536 1036 1573 1071 in
1596 1036 1687 1071 hanc

184 1094 362 1142 publicam
385 1095 536 1131 formam
555 1095 678 1143 redegi
695 1094 863 1143 lignoque
882 1108 964 1131 meo
982 1101 1018 1131 et
1035 1096 1182 1131 nomine
1199 1094 1374 1131 consuetis
1391 1093 1523 1142 signavi
1541 1094 1578 1129 in
1596 1093 1688 1130 testi-

185 1152 347 1187 monium
365 1153 611 1201 premissorum
624 1159 772 1189 vocatus
785 1159 822 1189 et
835 1158 981 1201 rogatus
999 1153 1060 1189 sub
1078 1166 1174 1189 anno
1192 1152 1391 1188 indictione
1404 1152 1615 1200 pontificatu
1630 1152 1686 1187 die

186 1210 303 1246 mense
321 1215 357 1246 et
374 1210 454 1246 loco
472 1211 643 1259 predififis
661 1230 670 1239 ·

186 1382 297 1424 Quod
312 1382 505 1431 Episcopus
521 1384 692 1431 procedat
709 1396 773 1432 per
791 1383 973 1419 censuram
991 1388 1117 1419 contra
1134 1383 1378 1419 subtrahentes
1395 1383 1517 1418 salaria
1535 1401 1543 1411 ·

184 1497 306 1533 David
325 1497 396 1533 Dei
414 1498 528 1546 gratia
547 1498 629 1534 Rex
647 1498 853 1534 Scottorum
871 1498 1067 1534 venerabili
1088 1499 1180 1546 patri
1203 1498 1362 1535 Johanni
1386 1498 1547 1546 episcopo
1566 1501 1684 1535 <Dora-

184 1553 293 1590 vienfi
321 1556 467 1591 salutem
507 1576 516 1584 ·
557 1556 655 1592 Scire
682 1569 770 1592 vero
797 1569 861 1592 vos
889 1555 1056 1592 volumus
1083 1556 1180 1603 quod
1209 1569 1284 1591 non
1312 1555 1361 1591 est
1386 1555 1503 1591 nostre
1533 1556 1686 1591 intentio

184 1612 379 1648 voluntatis
397 1613 531 1661 aliquid
549 1614 735 1650 detrahere
754 1633 763 1642 ·
783 1614 945 1650 minuere
962 1614 1020 1649 vel
1038 1614 1178 1650 auferre
1197 1614 1241 1649 de
1260 1613 1364 1649 terris
1381 1613 1440 1648 seu
1459 1613 1656 1649 redditibus
1675 1633 1682 1641 ·

184 1670 280 1705 canis
304 1671 362 1706 vel
388 1670 546 1706 censibus
571 1672 700 1707 annuis
718 1672 801 1707 Deo
820 1677 855 1707 et
873 1670 1015 1708 ecclesie
1032 1685 1073 1707 ac
1090 1671 1176 1707 viris
1193 1669 1426 1706 ecclefiasticis
1449 1683 1513 1718 per
1536 1684 1602 1706 nos
1625 1671 1682 1706 seu

181 1728 441 1774 predecessores
459 1728 596 1764 nostros
614 1742 715 1777 reges
735 1729 852 1765 Scotie
869 1729 928 1765 seu
946 1742 1010 1777 per
1027 1729 1254 1776 quoscunque
1272 1728 1360 1764 alios
1378 1728 1422 1764 de
1436 1741 1548 1776 regno
1562 1728 1681 1764 nostro

182 1785 311 1821 devote
337 1785 475 1821 collatis
494 1806 502 1814 ·
526 1786 584 1822 sed
607 1787 727 1833 potius
752 1787 919 1822 volumus
944 1786 1034 1834 ipsos
1060 1787 1098 1821 in
1124 1786 1254 1821 eisdem
1281 1786 1474 1821 defendere
1498 1791 1534 1821 et
1557 1786 1678 1822 fovere

124 1844 126 1846 ’
182 1842 379 1888 specialiter
396 1849 438 1879 ut
455 1849 621 1880 tenemur
636 1864 644 1872 ·
664 1850 700 1880 et
718 1857 783 1880 nos
802 1857 847 1880 ex
861 1843 974 1880 vestra
987 1844 1198 1891 Decanique
1215 1850 1252 1879 et
1269 1843 1524 1879 canonicorum
1543 1843 1683 1880 ecclesie

181 1900 411 1937 moraviensis
428 1902 530 1949 gravi
553 1902 698 1949 querela
720 1915 835 1950 nuper
861 1902 1088 1950 concepimus
1114 1902 1211 1949 quod
1236 1900 1455 1949 temporibus
1475 1902 1551 1949 jam
1576 1902 1684 1937 trans-

180 1958 269 1993 αόὶίε
287 1971 351 2006 per
369 1959 506 2006 aliquos
524 1959 688 1995 dominos
706 1965 818 1995 terras
836 1960 997 1996 moravie
1015 1957 1200 1995 succeffive
1217 1964 1432 2007 occupantes
1452 1959 1574 1994 salaria
1597 1973 1682 2007 quo-

181 2016 333 2051 rundam
353 2016 620 2065 capellanorum
635 2023 892 2065 perpetuorum
906 2017 1139 2053 fundatorum
1157 2022 1230 2052 tam
1248 2029 1312 2065 per
1329 2016 1588 2065 predecessores
1606 2017 1681 2053 nos-

180 2078 254 2108 tros
271 2087 378 2121 quam
396 2087 460 2123 per
478 2074 572 2110 bone
590 2075 762 2111 memorie
777 2075 957 2111 Thomam
976 2075 1160 2123 Ranulphi
1178 2074 1360 2122 quondam
1378 2075 1545 2110 comitem
1564 2077 1680 2111 (Dora-

180 2131 236 2166 vie
264 2132 568 2180 consanguineum
597 2132 756 2168 nostrum
784 2138 820 2169 et
847 2146 911 2181 per
938 2146 1005 2169 nos
1032 2133 1326 2168 confirmatorum
1354 2132 1400 2167 ad
1428 2132 1678 2168 celebrandum

180 2188 301 2224 divina
313 2195 488 2238 perpetuo
507 2196 580 2226 tam
599 2190 635 2226 in
655 2189 798 2226 ecclelia
811 2191 947 2239 prefata
958 2189 1172 2228 moraviensi
1185 2203 1290 2238 quam
1305 2190 1388 2225 alibi
1402 2190 1494 2225 infra
1507 2190 1680 2238 episcopa-

179 2251 257 2281 tum
275 2246 429 2295 ejusdem
448 2261 514 2296 pro
532 2248 718 2284 animabus
734 2249 1017 2296 predecessorum
1032 2254 1068 2284 et
1081 2249 1313 2284 successorum
1331 2247 1532 2283 nostrorum
1549 2246 1680 2281 nostra-

180 2315 248 2349 que
271 2310 306 2340 et
329 2305 480 2341 Comitis
503 2306 676 2342 antedicti
696 2326 705 2334 ·
724 2306 898 2342 haetenus
921 2307 1002 2342 sunt
1026 2306 1205 2342 subtracta
1223 2325 1232 2334 ·
1252 2306 1387 2341 decime
1414 2318 1499 2341 vero
1525 2304 1647 2339 finium
1670 2323 1678 2330 ·
