2060 2660
230 1881 299 1914 1⁶28

328 172 397 206 1402
720 168 1037 206 REGISTRUM
1063 165 1429 205 MORAVIENSE.

325 283 417 319 pena
431 269 559 317 dignos
576 269 733 317 graviori
750 269 788 304 in
805 268 872 304 hiis
890 267 1026 316 scriptis
1043 266 1394 303 excommunicamus
1409 284 1417 294 ·
1432 278 1496 313 per
1509 264 1589 300 loca
1601 265 1803 313 supradifita
1818 285 1826 294 ·

326 327 468 375 lingulis
487 326 611 362 diebus
629 326 816 362 dominicis
834 331 869 362 et
887 325 1015 361 festivis
1037 344 1045 352 ·
1074 323 1217 372 pulsatis
1235 322 1414 370 campanis
1438 342 1447 350 ·
1474 322 1632 357 candelis
1649 322 1798 359 accensis
1817 343 1826 351 ·

326 385 467 433 publice
485 389 521 420 et
538 384 767 433 solempniter
786 383 1008 419 denuncietis
1026 380 1353 418 excommunicatos
1372 398 1381 407 ·
1417 379 1510 415 Sane
1533 378 1558 414 fi
1578 380 1695 416 adhuc
1718 382 1826 417 tertio

325 443 429 491 super
454 440 624 491 premiflis
650 442 808 490 legitime
834 440 961 476 moniti
987 446 1029 474 ut
1055 439 1152 486 prius
1179 457 1188 465 -
1216 437 1336 472 animo
1355 437 1524 472 indurato
1545 437 1663 474 claves
1685 438 1826 475 ecclefie

326 500 588 549 vilipendentes
609 500 652 535 ad
675 499 851 547 gremium
875 497 997 533 matris
1019 497 1078 531 sue
1101 495 1194 530 infra
1215 493 1339 530 festum
1365 494 1489 530 Sancti
1507 494 1605 531 Petri
1622 496 1667 531 ad
1685 497 1828 533 vincula

325 558 488 606 proxime
514 557 676 593 futurum
700 557 817 592 redire
843 568 918 590 non
944 553 1149 590 curaverint
1168 572 1176 580 ·
1202 565 1284 587 cum
1302 552 1481 588 crescente
1499 553 1725 589 contumacia
1741 554 1828 590 cres-

325 628 406 652 cere
430 615 536 651 debet
559 620 595 651 et
618 627 710 663 pena
728 633 736 641 ·
762 612 969 649 sententiam
994 610 1178 646 interdicti
1200 623 1305 657 quam
1331 623 1375 645 ex
1401 615 1489 646 tunc
1512 610 1550 645 in
1570 616 1684 647 terras
1701 625 1827 647 eorum

326 678 362 709 et
382 673 420 708 in
444 672 566 708 omnia
582 672 661 707 loca
678 671 739 707 ubi
757 682 893 706 moram
912 668 1088 704 traxerint
1106 681 1211 715 quam
1232 667 1293 702 diu
1312 667 1359 702 ibi
1376 667 1537 704 steterint
1554 669 1591 704 in
1609 669 1675 704 hiis
1692 669 1827 718 scriptis

326 731 540 779 proferimus
559 749 567 758 ·
587 735 658 764 tam
679 729 802 764 diebus
820 740 925 775 quam
944 726 1030 762 locis
1044 731 1080 761 et
1094 725 1155 760 sub
1170 725 1295 760 eadem
1313 725 1560 774 solempnitate
1577 732 1618 762 ut
1636 726 1739 775 supra
1757 728 1827 764 dic-

326 794 401 824 tum
425 787 473 824 est
494 787 682 823 efficaciter
703 786 889 834 publicetis
913 804 921 812 ·
948 784 992 819 ab
1019 783 1231 819 executione
1257 784 1416 819 mandati
1441 783 1550 820 nostri
1575 785 1686 820 immo
1708 786 1827 822 verius

325 845 506 894 apostolici
524 844 729 880 nullatenus
747 843 914 879 cessantes
933 861 941 869 ·
966 842 1015 877 set
1034 841 1155 876 omnia
1174 840 1333 889 superius
1350 840 1450 876 vobis
1468 841 1632 890 injuncta
1652 843 1714 878 sub
1735 856 1827 891 pena

324 903 573 951 prenominata
600 901 753 937 fideliter
780 905 994 947 exequentes
1019 918 1027 927 ·
1057 898 1239 946 quousque
1266 898 1369 946 super
1394 897 1564 947 premiffis
1590 900 1755 936 omnibus
1780 901 1826 937 ad

326 961 540 1008 condignam
555 959 827 994 satisfactionem
841 957 1024 993 venientes
1038 956 1282 1005 premiss'arum
1297 956 1552 992 sententiarum
1569 957 1826 994 relaxationem

326 1018 522 1054 meruerint
535 1017 697 1065 optinere
712 1035 720 1044 ·
734 1016 791 1051 vel
806 1028 869 1051 vos
883 1015 985 1063 super
999 1015 1068 1050 hoc
1085 1027 1149 1063 per
1167 1014 1288 1050 literas
1305 1013 1440 1050 nostras
1458 1020 1620 1063 patentes
1633 1020 1675 1050 ut
1688 1015 1732 1051 ab
1747 1029 1826 1052 exe-

325 1076 469 1111 cutione
486 1074 587 1111 vobis
610 1075 647 1109 in
672 1074 736 1109 hac
761 1079 861 1121 parte
880 1073 1095 1108 demandata
1112 1071 1272 1108 deslstere
1291 1071 1448 1107 debeatis
1465 1072 1603 1108 fueritis
1621 1073 1803 1110 certiorati
1817 1093 1825 1102 ·

326 1133 463 1169 Datum
481 1132 575 1180 apud
597 1131 738 1166 Kinloss
752 1131 787 1166 in
802 1130 952 1166 crastino
970 1130 1260 1166 annunciationis
1277 1130 1380 1166 beate
1399 1130 1513 1167 (Darie
1532 1150 1541 1158 ·
1560 1144 1656 1166 anno
1675 1131 1827 1168 Domini

326 1196 461 1227 ·‹n⁰·cc⁰·
481 1187 720 1236 octuagesimo
740 1208 748 1216 ·
777 1188 1030 1231 Quarevestre
1049 1188 1189 1224 caritati
1206 1187 1378 1223 attentius
1394 1187 1630 1236 supplicamus
1652 1195 1827 1236 quatenus

324 1248 400 1284 zelo
420 1248 491 1283 Dei
509 1253 545 1282 et
556 1246 690 1295 justitie
709 1251 744 1282 et
757 1246 873 1294 gratia
890 1245 1134 1282 vicissitudinis
1153 1265 1161 1274 ·
1180 1245 1385 1293 prediGtum
1405 1246 1592 1282 dominum
1612 1246 1681 1282 -W·
1705 1247 1743 1283 in
1763 1246 1827 1284 fin-

323 1305 415 1353 gulis
433 1303 582 1340 ecclesiis
602 1303 795 1339 vestrarum
815 1303 1015 1352 dyocefium
1042 1304 1224 1340 sententiis
1250 1302 1477 1352 suspensionis
1502 1324 1510 1332 ·
1542 1306 1826 1342 excommunica-

324 1363 430 1398 tionis
457 1368 492 1397 et
517 1362 700 1397 interdicti
724 1362 882 1410 superius
910 1360 1075 1409 expreflis
1101 1362 1280 1411 subjacere
1307 1362 1529 1398 denuncietis
1558 1381 1567 1390 ·
1596 1362 1639 1397 ab
1661 1363 1826 1399 omnibus

325 1420 453 1456 Christi
471 1420 634 1456 fidelibus
652 1419 786 1455 arctius
804 1420 1012 1456 evitandum
1032 1421 1148 1456 donec
1166 1419 1329 1469 premiffa
1346 1420 1449 1468 super
1473 1418 1660 1456 commiffis
1678 1421 1827 1457 satisfac-

324 1479 421 1514 tione
449 1478 627 1525 condigna
647 1478 860 1514 beneficium
883 1478 1113 1514 absolutionis
1136 1478 1309 1514 meruerit
1333 1478 1496 1526 optinere
1526 1497 1534 1506 ·
1564 1477 1702 1513 Datum
1730 1479 1826 1527 apud

327 1537 445 1583 Spyny
471 1536 527 1570 die
552 1535 730 1570 dominica
747 1535 823 1583 post
840 1535 963 1572 festum
985 1535 1246 1583 Affumptionis
1263 1535 1364 1571 beate
1383 1535 1498 1572 (Darie
1525 1555 1533 1563 ·
1560 1548 1657 1571 anno
1676 1535 1825 1572 Domini

325 1592 504 1630 millesimo
523 1596 598 1628 ·cc⁰·
619 1592 857 1641 ofituagefimo
877 1613 885 1621 ·

328 1765 438 1801 Carta
456 1765 500 1800 de
518 1765 778 1813 Fanymartach
796 1785 805 1794 ·
824 1766 980 1803 bondata
999 1787 1007 1795 ·

328 1879 507 1916 Omnibus
522 1879 650 1917 Christi
668 1880 830 1916 fidelibus
848 1881 915 1917 hoc
934 1882 1101 1930 scriptum
1119 1883 1244 1918 visuris
1261 1882 1319 1918 vel
1337 1882 1511 1918 audituris
1527 1882 1748 1931 Augustinus
1766 1884 1827 1919 do-

329 1938 446 1973 minus
461 1937 505 1973 de
523 1937 728 1973 Inueralian
742 1938 779 1973 in
794 1938 973 1987 Strathspe
987 1940 1081 1975 filius
1094 1941 1274 1988 quondam
1291 1940 1443 1976 Roberti
1458 1939 1648 1988 Augustini
1666 1946 1826 1977 eternam

328 1995 365 2030 in
385 1995 547 2030 Domino
566 1995 712 2031 salutem
731 2015 739 2023 ·
772 1995 955 2032 Noveritis
972 1997 1126 2033 univerfi
1143 1998 1240 2045 quod
1262 2011 1343 2034 cum
1365 1996 1605 2034 controversia
1628 2004 1727 2034 mota
1743 1999 1826 2035 effet

328 2053 422 2087 inter
435 2051 674 2088 venerabilem
689 2058 825 2100 patrem
840 2053 1107 2090 Archebaldum
1122 2055 1382 2093 moraviensem
1397 2055 1597 2104 episcopum
1612 2057 1757 2093 nomine
1772 2071 1825 2094 ec-

328 2108 427 2146 clefie
445 2109 504 2145 sue
519 2109 749 2146 moraviensis
765 2123 809 2146 ex
826 2117 926 2159 parte
939 2125 1012 2147 una
1025 2118 1061 2148 et
1074 2126 1131 2149 me
1145 2126 1189 2149 ex
1203 2113 1316 2149 altera
1333 2133 1342 2141 ·
1361 2113 1464 2162 super
1482 2113 1633 2160 quadam
1652 2115 1826 2162 particula

327 2173 422 2203 terre
442 2180 520 2203 mee
537 2180 607 2215 que
625 2174 775 2204 vocatur
794 2167 1077 2217 Fanymarthach
1100 2190 1108 2198 ·
1135 2184 1240 2218 quam
1259 2171 1403 2219 quidem
1421 2176 1553 2207 terram
1572 2170 1667 2207 idem
1686 2172 1826 2221 Episco-

328 2238 393 2273 pus
410 2225 580 2261 afl'erebat
597 2225 641 2261 ad
660 2231 791 2261 terram
806 2226 902 2261 suam
917 2227 960 2262 de
975 2227 1006 2262 F
1005 2227 1132 2275 ynlarg
1145 2229 1324 2276 pertinere
1343 2248 1352 2257 ·
1371 2228 1515 2265 tandem
1534 2242 1600 2277 pro
1617 2229 1714 2265 bono
1731 2232 1827 2279 pacis

328 2288 363 2318 et
388 2295 455 2331 pro
481 2282 590 2319 salute
616 2283 734 2319 anime
754 2296 833 2320 mee
856 2289 892 2320 et
915 2297 981 2332 pro
1002 2285 1186 2321 animabus
1203 2287 1313 2335 patris
1330 2286 1401 2323 mei
1419 2291 1456 2322 et
1473 2287 1596 2322 matris
1616 2300 1694 2323 mee
1712 2293 1748 2324 et
1766 2292 1839 2325 an-'
