1912 2660
73 112 244 138 mmmm.
773 99 1147 137 MORAVIENSIS.
1626 110 1697 141 443

215 198 343 234 hedum,
370 206 467 227 unam
491 195 670 226 duodenam
696 195 906 237 pultrearum‚
933 208 1032 227 unam
1055 209 1178 235 aucam,
1205 199 1284 229 duas
1308 200 1408 230 bollas
1428 212 1601 231 avenarum
1623 213 1696 232 cum

216 248 332 290 pabulo
347 251 379 277 et
394 246 472 276 duas
488 246 589 276 bollas
605 246 691 277 aride
707 246 858 283 multure,
876 258 949 277 cum
965 247 1115 289 servicijs.

343 296 495 327 Michaell
512 296 728 338 Muldonycht

216 397 385 428 GEDLOCH
406 396 512 427 solvefi
536 396 568 427 in
592 408 677 428 anno
699 397 733 439 iij
750 397 804 429 lib.
825 398 859 428 vi
874 401 898 428 ἓ.
918 398 975 428 viii
990 398 1019 428 d.
1043 398 1145 436 firme,
1170 410 1269 430 unam
1289 404 1436 441 quartam
1460 406 1571 438 marte,
1596 414 1697 433 unum
1716 405 1730 427 i.
1745 406 1838 435 pleweht

215 453 389 484 mutonem,
414 458 516 478 unum
536 448 665 484 hedum,
682 459 781 479 unam
802 448 981 479 duodenam
1004 460 1173 490 caponum,
1198 461 1296 480 unam
1318 461 1442 488 aucam,
1464 462 1561 482 unam
1581 453 1698 484 bollam

214 509 399 535 avenarum,
416 502 481 528 tres
496 498 596 529 bollas
611 498 699 529 aride
714 498 866 536 multure,
884 511 958 530 cum
973 500 1124 541 servicijs.

343 548 451 579 David
467 548 608 589 Talyour
653 549 748 580 tertia
763 561 836 591 pars

342 599 508 630 ,Iohannes
524 600 667 640 Talyour
682 600 763 630 moir
807 600 902 631 tertia
916 612 989 642 pars

343 649 497 681 Michaell
513 650 655 691 Talyour
700 651 796 681 tertia
811 662 884 692 pare

213 751 336 782 ANNUI
356 761 526 782 REDDITUS
542 761 584 781 ET
601 761 816 782 FEODIFIRME
834 762 946 783 HUJUS
962 762 1126 783 BARONIE.

213 852 489 883 INNERLOCHTHE
507 862 625 884 MAJOR
640 852 746 883 solvefi
769 853 936 883 annuatim
956 864 1013 894 per
1036 852 1237 894 capellanum
1262 853 1390 884 nomine
1414 854 1484 885 albe
1508 853 1600 884 firme
1621 854 1698 885 duos

212 903 369 933 denarios.

213 1004 369 1034 DUPPILI.
385 1003 491 1034 solvefi
514 1003 548 1033 in
571 1014 655 1034 anno
678 1005 730 1034 sex
745 1003 801 1034 lib.
817 1003 850 1034 xi
865 1006 890 1034 ἔ.
906 1015 928 1034 v
943 1004 973 1035 d.
989 1005 1039 1035 ob.
1059 1004 1137 1034 duas
1154 1005 1331 1045 quar-terias
1346 1010 1458 1043 marte,
1476 1017 1577 1037 unum
1593 1011 1698 1038 muto-

212 1065 297 1092 nem,
315 1054 394 1084 duas
410 1054 572 1084 duodenas
588 1065 758 1095 caponum,
775 1055 854 1085 duas
871 1054 970 1085 bollas
985 1066 1160 1086 avenarum
1176 1066 1250 1085 cum
1265 1055 1392 1097 pabulo.

340 1105 481 1135 Jacobus
498 1105 595 1135 Innes
611 1105 649 1135 de
667 1105 831 1136 Towches.

213 1205 362 1236 WESTER
378 1205 514 1236 KELLES
539 1205 645 1236 solvefi
666 1206 700 1236 in
722 1218 807 1237 anno
823 1217 861 1237 ex
877 1206 1008 1247 antiquo
1024 1217 1045 1236 v
1059 1206 1114 1237 lib.
1136 1206 1238 1243 firme,
1255 1218 1352 1237 unam
1368 1211 1515 1245 martam,
1532 1207 1611 1238 duos
1626 1220 1696 1240 mu-

212 1262 313 1294 tones,
328 1261 466 1298 quatuor
481 1256 589 1293 hedOS,
603 1257 683 1287 duas
698 1268 803 1293 aucas,
818 1257 897 1287 duas
909 1257 1070 1287 duodenas
1088 1256 1297 1298 puhrearum,
1315 1257 1393 1288 duas
1408 1257 1508 1288 bollas
1523 1269 1696 1290 avenarum

213 1318 287 1338 cum
302 1308 429 1350 pabulo,
448 1313 585 1348 quatuor
601 1308 704 1339 bollas
719 1308 807 1339 ordei
820 1308 853 1338 in
865 1308 954 1339 arida
966 1308 1117 1346 multura,
1131 1308 1287 1349 greffuma
1299 1313 1434 1346 tantum,
1449 1320 1522 1340 cum
1537 1309 1684 1351 servicijs.

338 1359 478 1389 ,Iacobus
495 1358 571 1399 Hay

341 1409 361 1439 J
364 1410 482 1439 aeobus
498 1408 681 1440 M‘'C1·awin

340 1459 504 1490 ,Iohannes
520 1459 668 1501 Downye

212 1561 326 1593 EsTEn
342 1562 478 1591 KELLl-:s
502 1561 608 1592 solvefi
630 1562 664 1592 in
683 1573 768 1592 anno
789 1573 826 1593 ex
845 1563 977 1604 antiquo
992 1574 1013 1593 v
1028 1563 1082 1593 lib.
1099 1562 1132 1593 vi
1148 1565 1172 1593 ἕ.
1189 1562 1245 1593 viii
1261 1562 1290 1593 d.
1307 1562 1409 1600 firme,
1430 1574 1529 1594 unam
1549 1568 1694 1601 martam,

212 1613 292 1643 duos
317 1617 475 1649 mutoneS,
502 1618 640 1653 quatuor
664 1624 763 1654 agnos
786 1613 838 1644 vel
862 1614 971 1651 hedos,
991 1614 1070 1644 duas
1088 1624 1193 1650 311638,
1214 1613 1292 1644 duas
1310 1613 1471 1644 duodenas
1486 1613 1694 1655 pultrearum,

211 1663 291 1694 duas
307 1663 406 1694 bellas
422 1674 598 1694 avenarum
615 1675 689 1694 cum
705 1664 833 1706 pabulo,
850 1665 902 1703 sex
917 1664 1017 1696 bollas
1032 1664 1119 1696 aride
1134 1664 1284 1702 multure,
1301 1663 1458 1705 greffuma
1472 1669 1608 1703 tantum,
1622 1677 1695 1696 cum

211 1714 360 1756 servicijs.

339 1764 523 1795 Willelmus
539 1764 686 1806 Fyndlay

340 1816 488 1846 Andreas
505 1815 602 1846 Cowe

340 1866 481 1896 Joannes
498 1866 644 1907 Fyndlay
659 1866 743 1897 Dow

339 1916 480 1947 Jacobus
496 1917 684 1958 Cummyng

340 1967 498 1998 Thomson
516 1968 680 1998 Brabaner

211 2068 304 2106 Nota,
329 2069 398 2099 that
414 2068 505 2100 Ester
522 2069 642 2107 Kelles,
666 2069 788 2101 Wester
805 2069 914 2101 Kelles
929 2070 993 2101 and
1008 2070 1263 2112 Corcoponocht,
1285 2070 1327 2112 by
1345 2069 1399 2101 the
1422 2069 1571 2101 custumis
1593 2071 1692 2102 abone

211 2120 350 2159 wrettin,
368 2121 513 2152 extendis
529 2121 562 2151 in
580 2132 712 2163 moneye
729 2126 762 2152 to
779 2121 831 2153 the
847 2122 961 2153 sowme
977 2122 1013 2153 of
1024 2121 1079 2152 xix
1093 2121 1148 2152 lib.
1164 2121 1197 2152 vi
1213 2124 1236 2152 Ξ.
1253 2121 1276 2151 ii
1292 2121 1322 2152 d.
1340 2121 1389 2152 ob.
