2060 2660
360 171 431 203 29⁶2
758 167 1071 204 REGISTRUM
1103 167 1469 203 MORAVIENSE.

362 274 433 302 tem
453 267 544 302 iufra
562 267 847 303 vicecomitatum
867 266 1024 302 nostrum
1045 267 1088 302 de
1110 267 1285 313 Inuernys
1300 265 1450 300 liberum
1466 264 1619 311 burgum
1635 265 1671 299 in
1690 265 1839 300 baronia
1853 285 1861 293 ·

362 332 397 360 et
416 325 521 373 ipsam
540 324 661 360 villam
681 325 718 360 in
736 325 888 361 liberum
906 325 1059 372 burgum
1087 330 1127 359 ut
1154 323 1332 371 prefertur
1359 322 1528 369 erigimus
1550 327 1585 356 et
1610 335 1770 357 creamus
1796 336 1861 371 pro

362 388 535 431 perpetuo
559 396 622 431 per
645 382 823 429 presentes
842 402 850 410 ·
880 380 1122 418 Concessimus
1152 380 1257 415 etiam
1283 377 1512 426 burgensibus
1541 379 1677 415 dietum
1707 381 1860 428 burgum

362 440 640 476 inhabitantibus
659 446 694 476 et
717 441 752 475 in
776 440 954 488 posterum
982 437 1229 473 inhabitaturis
1256 435 1396 484 plenam
1425 441 1461 471 et
1484 436 1629 472 liberam
1655 438 1860 485 potestatem

362 498 503 534 emendi
523 504 558 534 et
577 498 755 534 vendendi
775 498 811 532 in
831 497 902 545 ipso
921 497 1036 543 burgo
1055 507 1265 542 quecunque
1287 493 1382 528 bona
1400 499 1435 529 et
1453 495 1684 530 mercimonia
1701 496 1785 531 illuc
1804 497 1862 531 ad-

362 557 542 592 venientia
560 576 568 584 ·
585 569 664 592 cum
685 555 854 604 potestate
873 559 908 589 et
926 553 1089 588 libertate
1110 552 1261 586 habendi
1280 557 1316 586 et
1333 552 1479 586 tenendi
1498 552 1627 587 ibidem
1646 553 1834 601 piscatores
1853 573 1860 580 ·

362 613 566 649 brasiatores
581 633 589 641 ·
610 613 791 649 carnifices
807 632 814 640 -
834 617 870 647 et
888 617 960 646 tam
979 610 1140 645 carnium
1160 622 1265 656 quam
1285 609 1429 657 piscium
1445 610 1665 645 macellarios
1678 630 1686 638 ·
1699 611 1863 646 aliarum-

361 685 429 719 que
448 672 576 707 artium
597 682 890 719 quarumcunque
917 667 1098 716 operarios
1124 667 1169 701 ad
1196 666 1396 702 libertatem
1422 667 1526 714 burgi
1549 668 1586 702 in
1607 668 1754 703 baronia
1771 669 1862 716 spec-

361 735 475 765 tantes
500 730 558 765 seu
583 729 740 777 specstare
760 727 918 763 valentes
932 724 1202 772 quomodolibet
1221 724 1256 759 in
1275 725 1435 760 futurum
1457 744 1465 752 ·
1495 724 1737 761 Conceflimus
1755 727 1861 761 etiam

360 786 529 822 universis
543 793 578 822 et
593 785 736 834 singulis
754 784 957 820 tenentibus
972 788 1006 818 et
1022 782 1302 817 inhabitantibus
1320 788 1433 818 terras
1451 782 1692 818 ecclesiasticas
1711 784 1862 832 episcopi

360 843 590 882 moraviensis
618 850 652 879 et
679 844 763 878 alias
791 848 902 877 terras
929 840 1154 888 quascunque
1179 839 1419 875 ecclesiasticas
1437 854 1733 888 quorumcunque
1752 842 1861 877 eccle-

360 901 569 938 fiasticorum
598 915 665 948 que
693 901 737 936 de
764 899 865 934 nobis
891 903 953 933 aut
976 898 1075 933 dicto
1095 897 1270 946 Episcopo
1289 904 1459 933 tenentur
1478 899 1515 933 in
1534 899 1648 944 capite
1668 899 1759 934 infra
1777 900 1861 948 dyo-

358 959 458 995 cefim
492 959 749 995 moraviensem
778 956 927 992 ubilibet
955 955 1153 991 constitutis
1184 955 1331 991 liberam
1364 961 1399 991 et
1427 956 1622 1004 plenariam
1654 956 1861 1004 potestatem

359 1017 499 1052 emendi
525 1022 560 1051 et
582 1016 760 1051 vendendi
786 1015 821 1049 in
846 1014 945 1049 dicto
968 1013 1085 1061 burgo
1110 1026 1322 1060 quecunque
1348 1014 1443 1049 bona
1469 1012 1537 1049 five
1561 1015 1793 1050 mercimonia
1816 1016 1861 1050 ad

358 1075 555 1110 libertatem
581 1074 685 1121 burgi
710 1073 746 1107 in
772 1072 921 1107 baronia
942 1071 1137 1119 spe6tantia
1156 1091 1163 1098 -
1189 1070 1433 1107 Concessimus
1452 1072 1556 1107 etiam
1578 1071 1807 1119 burgensibus
1826 1079 1862 1108 et

358 1131 634 1167 inhabitantibus
661 1131 797 1166 dictum
820 1130 975 1177 burgum
999 1129 1043 1165 de
1063 1130 1181 1177 Spyne
1203 1136 1244 1164 ut
1265 1130 1302 1164 in
1326 1130 1397 1178 ipso
1425 1130 1578 1165 habeant
1604 1135 1639 1165 et
1666 1128 1861 1178 possideant

357 1203 496 1225 crucem
526 1195 561 1224 et
587 1189 704 1223 forum
732 1193 905 1236 perpetuo
932 1185 1075 1234 singulis
1098 1187 1331 1222 hebdomadis
1354 1188 1411 1223 die
1434 1188 1606 1224 mercurii
1630 1194 1666 1223 et
1683 1189 1861 1224 nundinas

356 1247 512 1295 publicas
530 1246 688 1294 quolibet
707 1259 801 1281 anno
821 1246 857 1280 in
876 1251 1087 1293 perpetuum
1108 1245 1146 1280 in
1164 1245 1249 1280 festo
1269 1246 1400 1281 83116ὶο
1421 1245 1609 1281 Trinitatis
1627 1251 1663 1281 et
1680 1259 1744 1294 per
1765 1247 1861 1282 octa-

356 1319 415 1340 vas
434 1304 586 1352 ejusdem
609 1324 616 1331 ·
636 1317 717 1339 cum
741 1303 941 1339 theoloneis
968 1308 1003 1338 et
1029 1303 1105 1338 aliis
1133 1303 1355 1339 libertatibus
1382 1304 1424 1338 ad
1454 1303 1655 1351 hujusmodi
1682 1304 1860 1339 nundinas

356 1362 594 1410 1'pe6tantibus
613 1362 669 1397 seu
689 1362 847 1410 spectare
865 1360 1066 1396 valentibus
1085 1361 1120 1395 in
1140 1361 1303 1396 futurum
1323 1381 1330 1389 ·
1361 1361 1574 1396 Tenendam
1602 1367 1637 1396 et
1661 1362 1857 1397 habendam

358 1421 526 1468 prefatam
543 1419 662 1454 villam
683 1420 726 1455 de
747 1419 854 1467 Spine
874 1418 1055 1467 perpetuis
1072 1419 1201 1454 futuris
1220 1419 1440 1467 temporibus
1454 1420 1490 1453 in
1505 1432 1641 1454 merum
1659 1425 1693 1454 et
1708 1420 1857 1455 liberum

356 1478 508 1524 burgum
537 1478 572 1512 in
597 1477 745 1512 baronia
763 1490 844 1513 cum
867 1477 1078 1525 supradictis
1102 1477 1296 1525 privilegiis
1323 1477 1545 1512 libertatibus
1571 1482 1607 1512 et
1633 1476 1860 1512 concellioni-

357 1537 421 1570 bus
449 1550 487 1570 ac
517 1534 687 1571 universis
715 1536 791 1570 aliis
819 1535 1041 1570 libertatibus
1068 1535 1236 1583 proficuis
1263 1535 1576 1570 commoditatibus
1603 1541 1638 1570 et
1664 1534 1860 1571 afiamentis

357 1608 396 1628 ac
417 1593 518 1640 justis
545 1594 767 1640 pertinentiis
791 1593 1057 1640 quibuscunque
1076 1599 1149 1628 tam
1168 1606 1242 1628 non
1262 1593 1453 1628 nominatis
1471 1606 1575 1640 quam
1596 1593 1788 1629 nominatis
1815 1594 1859 1629 ad

357 1652 509 1698 burgum
530 1651 564 1685 in
579 1651 725 1686 baronia
743 1651 982 1699 spe&antibus
997 1651 1054 1686 seu
1067 1651 1160 1699 juste
1176 1652 1333 1699 speetare
1353 1651 1554 1686 valentibus
1573 1651 1609 1686 in
1627 1651 1787 1686 futurum
1803 1672 1810 1679 ·
1824 1659 1859 1687 et

357 1709 446 1744 adeo
466 1708 573 1743 libere
594 1728 601 1735 -
622 1710 739 1755 quiete
759 1729 766 1736 ·
787 1709 944 1757 plenarie
963 1729 971 1736 ·
996 1710 1133 1757 integre
1153 1709 1350 1744 honorifice
1370 1709 1459 1744 bene
1479 1714 1514 1744 et
1533 1709 1569 1743 in
1588 1722 1672 1756 pace
1691 1709 1727 1743 in
1747 1710 1859 1744 omni-

358 1767 422 1801 bus
446 1772 481 1801 et
505 1779 567 1813 per
591 1767 710 1801 omnia
732 1765 817 1802 licut
840 1767 965 1813 aliquis
988 1767 1122 1814 burgus
1147 1768 1183 1802 in
1207 1767 1356 1802 baronia
1379 1767 1414 1801 in
1443 1780 1555 1814 regno
1582 1766 1700 1802 nostro
1722 1768 1859 1814 quibus-

358 1837 499 1870 cunque
518 1824 705 1858 retr‹›a<3tis
723 1824 942 1870 temporibus
961 1825 1105 1860 liberius
1124 1825 1328 1860 infeodatur
1346 1825 1404 1860 seu
1423 1830 1567 1860 tenetur
1587 1844 1594 1852 ·
1625 1825 1669 1860 In
1688 1825 1789 1872 cujus
1808 1826 1857 1860 rei

358 1881 595 1917 testimonium
623 1882 773 1929 presenti
793 1888 887 1917 carte
905 1882 1022 1918 nostre
1047 1896 1215 1931 magnum
1240 1882 1388 1930 sigillum
1416 1882 1573 1917 nostrum
1593 1883 1724 1930 apponi
1749 1883 1858 1931 preci-

358 1939 472 1987 pimus
492 1959 499 1966 ·
529 1938 563 1973 T
565 1938 690 1974 estibus
713 1940 917 1975 reverendis
935 1941 972 1975 in
992 1941 1131 1976 Christo
1156 1941 1315 1989 patribus
1335 1940 1518 1975 Willelmo
1543 1946 1579 1976 et
1598 1940 1741 1976 Thoma
1759 1941 1858 1976 Gles-

358 1995 501 2045 gwenlis
529 2002 563 2032 et
588 1997 750 2032 Candide
776 1997 850 2032 case
877 1997 1099 2034 ecclesiarum
1121 1999 1301 2048 Episcopis
1320 2018 1327 2026 ·
1357 1998 1539 2033 Willelmo
1559 1998 1705 2033 domino
1725 1998 1857 2046 Crych-

358 2062 446 2090 toun
468 2054 584 2089 nostro
604 2054 814 2089 cancellario
834 2060 869 2090 et
887 2056 1150 2103 consanguineo
1169 2057 1368 2105 predilecto
1389 2076 1396 2084 ·
1422 2056 1627 2104 predilefitis
1651 2056 1857 2103 consangui-

358 2113 432 2148 neis
462 2111 588 2147 nostris
615 2112 796 2147 Willelmo
824 2112 970 2148 domino
999 2115 1214 2150 Somerweill
1248 2134 1256 2142 ·
1290 2114 1444 2149 Patricio
1477 2113 1623 2148 domino
1651 2113 1828 2148 Glammis
1847 2134 1854 2141 ·

359 2170 569 2206 Alexandro
602 2170 645 2205 de
675 2169 798 2205 Narne
830 2170 873 2205 de
906 2171 1085 2207 Sandfurd
1116 2173 1316 2208 nostrorum
1349 2177 1597 2219 compotorum
1630 2171 1827 2206 rotulatore
1848 2191 1855 2198 ·

359 2227 522 2276 magistro
540 2227 706 2264 ¹Iohanne
726 2228 843 2263 Arrus
861 2228 1112 2265 archidiacono
1132 2229 1351 2278 Glesgwenfi
1370 2250 1377 2258 ·
1406 2236 1441 2265 et
1460 2229 1622 2275 Georgio
1642 2229 1685 2264 de
1705 2229 1857 2264 Schoris-
