1912 2660
193 429 250 456 379

192 572 251 600 380

191 910 246 936 3⁸31

191 1486 247 1513 5382

191 1867 249 1896 383

276 93 352 130 406
628 93 946 132 REGISTRUM
974 93 1339 132 MORAVIENSE.

277 193 316 220 40
332 191 433 220 solidos
453 201 504 230 pro
525 193 543 220 6
564 191 645 221 bouis
665 193 748 221 aridae
769 195 910 222 multurae.
953 193 1082 221 Testibus
1096 192 1234 230 magistris
1248 192 1381 220 ,Iohanne
1397 191 1532 229 Dowglas
1546 192 1651 220 vicario
1665 192 1698 221 de
1714 193 1784 222 Gul-

278 240 368 274 stoun,
386 239 510 277 Hugone
526 240 617 278 Cruge
631 241 775 280 capellano
794 240 980 269 Moravienfis
1002 240 1131 274 ecclefiae,
1153 245 1182 269 et
1203 239 1316 268 domino
1331 239 1443 267 Thomu
1457 239 1525 277 Hay
1540 239 1644 269 vicario
1658 241 1692 270 de
1709 241 1783 270 Duf-

277 286 349 316 fous.
393 288 479 326 Apud
492 288 634 317 ecclefiam
648 289 846 323 cathedralem,
861 290 879 316 6
896 289 1066 317 Novembris
1084 288 1169 316 1540.

278 430 448 469 Preceptum
461 430 557 459 safinae
572 431 738 459 eorundem.

277 574 363 602 Curta
376 573 539 602 feodifirmae
552 573 586 601 ab
601 573 740 611 Episcopo
761 571 884 600 concessu
903 571 1010 600 Jacobo
1030 570 1115 599 Innes
1129 570 1163 599 de
1179 570 1286 609 Cromy
1300 575 1329 600 et
1345 571 1515 609 Margaretae
1533 572 1619 602 Innes
1633 583 1710 602 nunc
1724 575 1784 614 ejus

275 621 390 660 sponsae,
405 621 556 650 earundem
570 625 718 655 terrarum,
740 621 774 648 ab
794 620 893 649 eodem
911 619 1017 648 Jacobo
1039 619 1072 646 ad
1091 618 1145 646 hoc
1165 618 1377 656 refignatarum.
1418 620 1547 649 Testibus
1567 621 1690 650 Patricio
1706 623 1784 662 Hep-

276 670 373 703 burne,
397 669 528 707 magistro
543 669 674 697 Johanne
689 669 784 702 Innes,
807 667 929 696 Patricio
945 666 1104 704 Kynnaird,
1128 666 1254 704 Georgio
1268 667 1353 702 Kirk,
1375 668 1507 705 magistro
1523 669 1639 698 Andrea
1655 671 1782 704 Browne,

276 717 414 755 magistris
439 718 563 755 Hugone
586 718 689 755 Cragy,
713 721 741 745 et
763 715 910 744 Willelmo
936 714 1075 753 Wysman
1100 714 1227 743 notariis.
1268 715 1354 754 Apud
1378 716 1521 745 ecclesiam
1545 718 1744 753 cathedralem,
1766 721 1782 747 7

277 765 385 804 Aprilis
403 766 488 794 1545.

277 909 363 937 Carta
384 906 604 936 confirmationis
629 907 662 934 ab
687 905 825 944 Episcopo
852 910 935 934 cartae
958 905 1129 934 venditionis
1153 905 1187 933 ab
1207 905 1373 934 Alexandro
1396 907 1482 935 Innes
1506 907 1540 936 de
1564 908 1697 946 Cromye,
1718 919 1783 938 cum

275 956 410 985 consensu
425 955 597 983 Elizabethae
613 953 716 982 Forbes
730 953 790 992 ejus
804 953 913 987 uxoris,
935 953 1007 982 datae
1027 953 1154 991 Georgio
1170 953 1279 982 Sinclar
1293 953 1350 982 filio
1366 954 1483 992 Georgii
1498 955 1610 984 comitis
1626 956 1781 991 Cathaniae,

274 1010 412 1033 terrarum
434 1004 468 1031 de
492 1002 632 1040 Fynraffie
657 1002 687 1029 in
710 1001 824 1030 baronia
843 1002 878 1030 de
902 1001 1017 1039 Spyne;
1037 1002 1152 1030 tenend:
1174 1002 1208 1030 de
1233 1001 1391 1041 Episcopo;
1412 1003 1566 1031 Reddendo
1583 1004 1619 1031 15
1634 1014 1748 1039 marcas,
1767 1007 1779 1033 l

273 1057 402 1084 mertam,
421 1052 433 1078 l
448 1056 605 1084 mutonem,
621 1051 639 1078 2
653 1050 794 1078 duodenas
805 1059 954 1088 caponum,
966 1051 984 1077 2
999 1049 1086 1078 bonas
1101 1059 1253 1078 avenarum
1269 1060 1333 1078 cum
1348 1051 1449 1088 pabulo
1464 1056 1492 1079 et
1507 1061 1558 1089 pro
1572 1053 1590 1080 6
1605 1052 1686 1080 bollis
1701 1053 1782 1081 aridae

274 1099 406 1128 multurae
428 1099 466 1125 40
489 1097 598 1126 solidos.
640 1097 793 1126 Reservuta
811 1097 949 1136 Episcopo
967 1097 1075 1135 petaria
1095 1097 1244 1136 episcopali
1264 1098 1301 1126 lie
1316 1098 1468 1137 Bjscllopis
1481 1100 1550 1138 mos&
1563 1099 1629 1128 alias
1644 1100 1783 1130 Laverolc

274 1148 361 1186 mest,-
384 1156 477 1174 corum
502 1146 618 1175 testibus
640 1145 752 1174 Joanne
775 1146 915 1183 Kynnard
936 1146 971 1174 de
995 1146 1134 1180 Salinhill,
1159 1146 1306 1174 Willelmo
1323 1146 1406 1184 Haye
1426 1146 1506 1175 servo
1525 1147 1592 1176 dicti
1616 1148 1782 1183 Alexandri,

273 1195 405 1232 magistro
429 1194 539 1222 Thomu
561 1194 664 1232 Brydie
687 1199 716 1223 et
738 1194 854 1222 domino
875 1194 987 1222 Joanne
1009 1193 1155 1223 Gibsoune
1177 1194 1314 1227 notar-iim
1334 1194 1407 1233 apud
1427 1194 1523 1232 Elgin,
1548 1197 1587 1223 26
1609 1195 1680 1224 Maii
1697 1197 1783 1225 1569.

273 1242 403 1271 Testibus
424 1243 458 1270 ad
480 1242 723 1270 confirmationem
747 1242 863 1271 Andreu
888 1242 1049 1277 Monereiff,
1073 1242 1184 1270 Davide
1208 1242 1353 1280 Cumyng,
1375 1242 1487 1272 Jounne
1512 1243 1644 1281 Ogilvye‚
1668 1244 1782 1273 domino

271 1291 378 1319 Jacobo
402 1290 561 1319 Sandesone
583 1295 612 1319 et
634 1290 749 1319 domino
768 1290 880 1319 ,Ioanne
895 1290 1041 1319 Gibsoune
1055 1295 1163 1319 rectore
1177 1290 1211 1319 de
1228 1290 1368 1319 Unthank
1388 1291 1506 1320 notario.
1547 1292 1633 1330 Apud
1647 1292 1781 1331 palatium

273 1340 305 1368 de
322 1340 426 1378 Spyne,
442 1340 479 1367 26
496 1338 567 1367 Maii
585 1339 670 1367 1569.

276 1483 361 1511 Carta
383 1482 545 1511 feodifirmae
568 1482 601 1510 ab
625 1482 763 1520 Episcopo
785 1491 851 1510 cum
874 1481 1011 1510 consensu
1032 1481 1148 1520 capituli
1170 1481 1294 1510 concessa
1308 1482 1434 1510 ,Iohanni
1450 1482 1597 1520 Campbell
1612 1482 1645 1511 de
1661 1483 1783 1512 Caldour

273 1530 358 1559 militi
370 1536 398 1559 et
411 1531 575 1558 Alexandro
589 1530 736 1568 Campbell
750 1529 809 1568 ejus
824 1529 890 1564 filio,
906 1534 934 1558 et
949 1530 1009 1558 her:
1024 1530 1106 1557 masc:
1120 1529 1188 1558 dicti
1204 1530 1369 1562 Alexandri,
1385 1534 1524 1558 terrarum
1539 1530 1780 1559 ecclesiasticarum

274 1579 308 1607 de
324 1578 423 1606 Flencs
438 1578 510 1606 moir
523 1578 553 1606 in
567 1578 680 1606 baronia
692 1578 727 1607 de
743 1578 875 1612 Arclnch,
890 1577 944 1607 vic:
958 1578 992 1606 de
1008 1577 1114 1606 Narne.
1151 1577 1305 1606 Reddendo
1320 1578 1466 1606 annuatim
1481 1578 1564 1607 L.l7.
1580 1580 1608 1606 8.
1622 1578 1667 1612 9}-
1703 1579 1780 1607 Test-

274 1627 336 1654 ihus
351 1626 465 1654 domino
482 1626 645 1654 Florentino
661 1626 787 1664 Huyme,
802 1626 917 1654 domino
932 1626 1098 1654 Alexandro
1120 1625 1235 1660 Sinclaig
1251 1626 1408 1664 capellanis,
1423 1626 1538 1654 domino
1553 1626 1663 1654 Thoma
1678 1626 1780 1655 mea-

274 1684 342 1702 nere
362 1674 533 1712 presbytero,
553 1674 658 1702 Jacobo
678 1674 773 1709 Innes,
793 1674 917 1703 Patricio
933 1674 1072 1712 Kynnard
1087 1678 1115 1703 et
1130 1674 1258 1702 Waltero
1273 1674 1460 1712 Mongumry.
1501 1674 1536 1702 In
1550 1674 1611 1702 loco
1626 1674 1779 1712 capitulari,

276 1723 314 1750 :25
332 1722 413 1751 Junii
431 1723 515 1750 1545.

277 1865 363 1894 Cam
376 1864 538 1892 feodifirmae
553 1865 586 1892 ab
603 1864 739 1902 Episcopo
759 1865 823 1892 data
842 1864 962 1892 dominae
985 1864 1151 1893 Katherinae
1171 1864 1317 1902 Campbell
1336 1863 1478 1892 comitiss'ae
1494 1863 1675 1892 mefurdiae
1690 1864 1779 1892 viduae

276 1912 416 1951 quondam
432 1912 550 1940 Davidis
565 1912 674 1940 comitis
690 1911 880 1946 Crawfurdiae,
901 1916 1041 1940 terrarum
1062 1912 1306 1941 ecclesiasticarum
1320 1912 1354 1940 de
1369 1911 1469 1940 Flenes
1484 1911 1557 1940 moir
1569 1911 1599 1940 in
1613 1912 1727 1940 baronia
1746 1912 1780 1940 de

276 1960 400 1990 Arclach
420 1959 473 1988 vic:
491 1960 524 1987 de
541 1959 646 1993 Nurne,
667 1960 868 1996 resignatamm
882 1959 911 1987 in
927 1960 987 1999 ejus
1005 1959 1132 1988 favorem
1146 1970 1162 1988 a
1176 1960 1307 1997 magistro
1322 1960 1488 1988 Alexandro
1504 1960 1658 1998 Campbell‚
1673 1959 1721 1988 sub
1735 1969 1779 1988 re-

276 2008 375 2046 gressu.
418 2008 571 2036 Reddendo
585 2007 731 2036 annuatim
748 2007 831 2039 L.l7.
850 2008 878 2035 3.
898 2009 943 2045 9ὲ.
984 2008 1114 2036 Testibus
1136 2008 1269 2045 magistro
1286 2008 1412 2036 Henrico
1428 2008 1536 2042 Schaw,
1559 2007 1670 2036 Davide
1692 2008 1779 2036 Cum-

276 2066 375 2094 myng,
397 2055 511 2084 domino
525 2055 631 2084 Jacobo
647 2054 815 2088 Sandesone,
833 2055 949 2083 Andreo
965 2055 1127 2090 Monereifl‘,
1143 2055 1323 2085 servitoribus
1340 2055 1479 2095 Episcopi,
1502 2055 1634 2093 magistro
1647 2055 1779 2084 ,Iohanne

276 2104 358 2133 I’erie
369 2103 542 2142 pensionario
557 2103 590 2132 de
602 2103 776 2132 Fettircarne
791 2107 819 2131 et
833 2103 948 2132 domino
961 2103 981 2132 J
983 2114 1073 2133 oanne
1086 2104 1211 2134 Gibsone
1222 2108 1330 2134 rectore
1341 2104 1375 2133 de
1388 2103 1529 2133 Unthank
1543 2103 1670 2133 notariis.
1695 2103 1780 2143 Apud

275 2152 411 2192 palatium
425 2152 459 2181 de
472 2151 576 2191 Spyne‚
594 2152 629 2180 12
646 2150 769 2189 Augusti
786 2151 869 2180 1567.
