2060 2660
268 965 339 1001 <206

366 177 438 213 256
767 177 1084 214 REGISTRUM
1112 176 1474 214 MORAVIENSE.

369 276 507 312 Actum
522 276 662 312 decimo
680 276 805 323 quinto
825 276 881 312 die
899 275 1024 312 menfis
1041 275 1204 312 Januarii
1219 288 1314 311 anno
1333 275 1485 310 Domini
1502 273 1686 310 millefimo
1700 275 1866 322 quadrin-

367 332 559 381 gentefimo
578 333 788 382 sexagesimo
810 353 818 362 ·

368 391 445 426 Nos
463 391 618 428 Jacobus
636 391 864 427 miseracione
883 391 1003 426 divina
1021 390 1201 438 episcopus
1221 387 1455 424 Moravienfis
1478 389 1676 437 presentem
1695 405 1867 428 convoca-

367 449 502 484 tionem
522 449 558 484 in
578 449 742 484 omnibus
759 448 848 484 statu
867 449 990 495 vigore
1009 452 1044 482 et
1063 447 1191 483 effeecu
1210 445 1337 492 quibus
1357 459 1455 481 nunc
1482 447 1734 485 continuamus
1759 450 1866 497 usque

370 507 477 541 -xxiii·
497 506 591 542 diem
611 505 735 542 mensis
754 506 890 554 Aprilis
908 518 990 540 cum
1009 503 1279 539 continuatione
1297 503 1436 538 dierum
1454 504 1738 552 subsequentium
1753 526 1761 535 ·

369 563 507 599 Actum
531 564 745 599 duodecimo
764 561 888 598 menfis
909 561 1047 610 Aprilis
1065 573 1160 596 anno
1180 560 1332 595 Domini
1351 560 1393 596 1¹¹¹
1411 562 1757 610 quadringentesimo
1775 564 1866 600 sexa-

366 619 496 669 gefimo
515 622 630 669 primo
650 641 658 649 ·

367 678 444 714 Nos
462 678 616 715 Jacobus
635 678 862 713 miseracione
882 675 1002 711 divina
1020 674 1202 723 episcopus
1223 674 1457 711 Moravienfis
1475 677 1674 725 presentem
1693 691 1865 715 convoca-

367 736 502 771 tionem
528 737 565 770 in
590 735 754 771 omnibus
778 734 866 769 statu
885 734 1008 780 vigore
1027 737 1062 767 et
1081 732 1210 767 effectu
1229 731 1356 780 quibus
1374 746 1470 769 nunc
1489 735 1740 771 continuamus
1757 736 1864 784 usque

367 793 411 828 ad
428 794 511 828 -xiii·
531 794 623 829 diem
643 791 768 828 mensis
788 791 878 827 Maii
897 803 978 826 cum
998 789 1269 826 continuatione
1288 790 1426 826 dierum
1445 791 1726 839 subsequentium
1747 813 1754 821 ·

367 964 671 1001 GENERALIS
699 960 1053 999 CONVOCATIO
1071 962 1231 997 omnium
1252 963 1506 998 canonicorum
1527 964 1737 1000 cathedralis
1755 966 1864 1001 eccle-

367 1022 410 1058 sie
436 1021 668 1058 Moravienfis
697 1021 742 1056 ob
770 1019 946 1055 nonnulla
970 1019 1159 1055 neeeffaria
1186 1020 1318 1055 dictam
1346 1019 1524 1055 ecclesiam
1547 1021 1702 1069 ipsosque
1721 1035 1863 1058 concer-

366 1080 488 1116 nentia
499 1099 507 1107 ·
520 1078 717 1128 presidente
731 1077 930 1113 reverendo
943 1076 980 1111 in
993 1076 1108 1113 Cristo
1121 1083 1222 1125 patre
1236 1090 1276 1112 ac
1291 1077 1438 1113 domino
1451 1078 1597 1114 domino
1612 1079 1733 1115 David
1746 1080 1816 1116 Dei
1829 1086 1863 1116 et

365 1137 552 1186 apostolice
576 1136 663 1172 sedis
686 1135 800 1183 gratia
824 1134 987 1182 episcopo
1007 1133 1225 1170 Moravienfi
1243 1134 1339 1170 facta
1354 1135 1471 1171 suerat
1492 1136 1646 1172 secundo
1665 1137 1722 1172 die
1740 1136 1863 1173 mensis

367 1194 518 1243 Augusti
541 1207 621 1229 cum
641 1194 779 1229 dierum
799 1191 1074 1229 continuacione
1093 1191 1377 1240 subsequentium
1397 1206 1492 1228 anno
1512 1193 1663 1229 Domini
1681 1194 1862 1230 millefimo

365 1250 710 1299 quadringentesimo
728 1248 980 1299 septuagesimo
999 1250 1106 1285 tertio
1121 1269 1129 1278 ·

366 1310 427 1345 Ad
455 1322 560 1357 quam
589 1309 733 1357 quidem
762 1308 1058 1344 convocationem
1089 1308 1146 1344 die
1173 1308 1349 1356 prelibato
1379 1308 1519 1344 illustris
1547 1309 1602 1345 vir
1632 1310 1798 1346 dominus
1828 1316 1863 1346 et

363 1367 525 1415 magister
545 1367 710 1402 Andreas
737 1366 891 1402 Stewart
914 1366 1070 1402 decanus
1098 1379 1138 1402 ac
1168 1366 1304 1402 domini
1333 1371 1369 1402 et
1396 1366 1550 1414 magistri
1576 1367 1734 1403 Thomas
1754 1368 1863 1404 Waus

364 1424 553 1473 precentor
572 1444 580 1452 ·
613 1424 823 1460 Alexander
845 1424 1000 1460 Stewart
1026 1424 1259 1460 cancellarius
1278 1444 1286 1452 ·
1316 1424 1517 1460 Willelmus
1536 1424 1766 1473 Wynchester
1790 1426 1863 1461 the-

365 1483 539 1518 saurarius
558 1502 565 1510 ·
584 1482 768 1519 Johannes
783 1481 1014 1530 VVynchester
1032 1481 1253 1518 subdecanus
1268 1501 1276 1510 ·
1296 1482 1499 1518 Willelmus
1517 1481 1706 1518 Galbraith
1725 1483 1863 1520 succen-

365 1547 422 1575 tor
440 1546 626 1588 prenotate
644 1539 785 1576 ecclesie
804 1559 813 1568 ·
843 1540 1045 1575 Richardus
1065 1539 1198 1576 Forbes
1216 1540 1260 1575 de
1280 1540 1434 1575 Duffous
1454 1559 1462 1569 ·
1488 1540 1689 1576 Willelmus
1709 1540 1863 1577 Mowalt

366 1598 410 1632 de
436 1598 663 1646 Ruthwayne
683 1617 691 1626 ·
726 1598 884 1633 Thomas
912 1598 955 1633 de
984 1598 1117 1634 Sancto
1146 1598 1255 1634 Claro
1281 1598 1326 1633 de
1354 1597 1550 1633 Abirloure
1569 1617 1577 1626 ·
1612 1597 1793 1634 Henricus
1819 1599 1862 1634 de

368 1654 545 1702 Kyngorn
567 1655 610 1690 de
632 1655 803 1703 Kyngusy
823 1675 830 1683 ·
863 1655 1047 1692 Johannes
1072 1656 1116 1691 de
1136 1655 1271 1691 Caldor
1293 1656 1337 1691 de
1361 1655 1517 1691 Dutholl
1536 1675 1544 1683 ·
1573 1655 1753 1704 Fynlayus
1772 1657 1862 1693 Beill

366 1713 409 1747 de
428 1712 546 1760 Croye
566 1732 574 1739 ·
609 1712 767 1747 Thomas
786 1712 913 1748 Tullot
936 1713 979 1749 de
1000 1713 1112 1762 Moye
1132 1732 1139 1741 ·
1174 1712 1407 1760 Andreasque
1432 1712 1645 1749 Merscheall
1671 1715 1862 1750 canonicus

366 1775 510 1805 centum
529 1770 721 1805 solidorum
740 1770 833 1805 beati
853 1771 971 1818 Egidii
991 1791 998 1798 ·
1018 1771 1250 1819 personaliter
1270 1790 1277 1799 ·
1297 1783 1440 1806 necnon
1456 1770 1696 1806 Archibaldus
1716 1771 1862 1808 Knowis

365 1827 633 1862 archidiaconus
651 1840 713 1875 per
733 1827 869 1862 dictum
890 1828 1143 1865 Precentorem
1159 1849 1167 1857 ·
1194 1829 1403 1864 Alexander
1420 1828 1573 1877 Murray
1587 1829 1631 1864 de
1651 1829 1781 1878 Pettyn
1798 1828 1864 1878 per'

365 1890 591 1932 prenotatum
625 1884 887 1920 Cancellarium
915 1905 923 1913 ·
959 1886 1115 1923 Jacobus
1147 1887 1317 1922 Willelmi
1349 1887 1393 1922 de
1425 1885 1566 1922 Adwee
1595 1899 1659 1934 per
1684 1887 1859 1935 prefatum

365 1942 399 1977 T
402 1942 638 1977 hesaurarium
659 1961 666 1969 ·
697 1942 816 1978 David
838 1942 1071 1991 Monypenne
1094 1945 1138 1980 de
1164 1944 1269 1992 Ryne
1293 1957 1357 1992 per
1381 1943 1652 1992 suprascriptum
1675 1944 1858 1980 dominum

366 2000 554 2035 Decanum
574 2019 582 2027 ·
609 2000 726 2047 Spyne
745 2013 807 2047 per
827 2000 962 2036 dictum
982 2002 1167 2037 dominum
1189 2002 1402 2050 Episcopum
1418 2020 1426 2029 ·
1446 2000 1653 2036 Lanssotum
1673 2002 1717 2037 de
1738 2001 1858 2037 Mora-

364 2052 421 2092 ἦα
440 2057 483 2092 de
503 2057 633 2092 Botare
656 2070 718 2104 per
737 2057 873 2092 dietum
894 2058 1156 2094 Cancellarium
1177 2079 1185 2087 ·
1213 2059 1292 2095 suos
1318 2064 1569 2107 procuratores
1595 2059 1640 2093 ad
1666 2059 1733 2095 hoc
1759 2059 1858 2107 legit·

364 2115 449 2150 time
467 2114 674 2150 constitutos
694 2134 702 2142 ·
722 2114 876 2162 ejusdem
895 2114 1035 2151 ecclefie
1054 2117 1215 2152 canonici
1235 2122 1270 2152 et
1288 2116 1513 2165 prebendarii
1532 2116 1576 2152 de
1594 2115 1763 2165 premiffis
1777 2130 1857 2153 con-

365 2178 540 2208 venerunt
558 2178 594 2207 et
612 2178 890 2219 comparuerunt
906 2192 913 2200 ·

368 2230 410 2267 In
439 2243 508 2278 qua
536 2229 793 2265 convocatione
824 2229 1044 2279 infrascripta
1071 2231 1198 2267 statuta
1223 2238 1258 2268 et
1282 2232 1425 2267 decreta
1449 2231 1638 2267 laudabilia
1659 2244 1723 2282 per
1744 2232 1858 2268 di&0s
